3366 5482
663 237 745 301 eaput
764 239 808 288 ιιι.
907 224 912 232 ’

477 443 598 496 Plautini
703 408 1047 579 {Plana'LutcragAnquL
1083 446 1178 498 Orbem
1192 449 1362 516 inemptum.

89 540 360 552 ——-..—--.
628 542 792 552 ..n-*-
943 545 1191 557 ...μ-κῆ...
1198 549 1332 559 -..ἢ

90 562 183 616 Cubus
327 617 350 641 ὠ
398 567 621 636 quadrangulum
703 549 707 631 i
759 568 775 620 6
858 569 939 641 125
992 570 1009 624 8
1081 571 1250 626 mediocrem.

90 642 250 696 Octaedrou
399 646 568 716 triangulum
674 634 732 730 ..i-
759 649 776 699 8
820 608 939 702 ιι2
991 651 1008 703 6
1080 653 1149 703 cubo
1165 653 1318 721 aequalem

315 719 548 732 -o——a—-oe-
923 723 1375 739 Π--κ-ι--η--ιωι-ι,

89 741 350 837 Dodecaedronqg
399 743 636 813 quinquangulum
703 731 823 799 l12
855 728 938 809 36;
971 746 1008 798 20
1080 749 1235 803 maximum.

89 821 256 875 leosabdron
307 798 350 858 l
400 823 570 894 triangulum
713 826 815 909 26--
1081 831 1173 882 dedic.
1190 833 1376 915 aequalem.

306 866 366 932 ι..
1061 901 1190 913 „-

88 921 263 975 l'etraidron
306 942 311 984 l
400 922 570 991 triangulum
704 922 707 993 ξ
855 827 891 978 36
934 891 945 991 i
991 927 1008 978 4
1066 927 1228 1011 minimum.

117 1050 316 1115 (Ammianus
335 1069 349 1102 c
368 1060 394 1103 et
412 1054 428 1102 d
447 1053 545 1102 addidit
556 1052 687 1117 Keplerus.
708 1055 849 1103 auctoribus
862 1055 925 1104 torte
937 1004 1071 1104 Maestlino
1090 1056 1238 1120 reliquisque
1258 1060 1343 1107 amicis
1362 1059 1411 1107 'lir-

53 1123 208 1188 bingenaibus
228 1119 321 1209 [comp.
339 1139 362 1187 p.
378 1119 450 1187 23]
443 1139 468 1173 ιιι
488 1125 596 1174 editione
615 1127 674 1174 anni
695 1123 781 1183 1596,
808 1127 1010 1190 subjunxitque
1004 1125 1029 1174 m
1055 1127 1094 1176 ed.
1120 1130 1268 1190 posteriore:
1299 1128 1353 1179 Hoc
1378 1138 1416 1179 eat

54 1194 177 1246 dimdium
195 1195 252 1245 libri
270 1199 319 1246 mei
337 1195 363 1245 11
382 1195 469 1245 Harm.
490 1196 520 1245 de
539 1198 702 1261 congruentia
720 1197 873 1260 plenorum'
867 1213 892 1245 ru
910 1194 1009 1258 solido.)

127 1318 159 1390 e)
174 1323 239 1377 Non
253 1323 317 1376 illos
332 1324 444 1385 solidus,
465 1325 537 1377 male
552 1324 597 1376 hic
611 1341 670 1376 sum
686 1324 844 1378 intellectus
860 1341 878 1377 a
892 1325 1022 1395 Tychone
1036 1325 1148 1378 Braireo
1163 1321 1231 1391 (vid
1247 1343 1291 1396 ep.
1307 1326 1414 1397 Tycha·

54 1404 90 1456 nia
104 1405 133 1457 in
147 1403 290 1473 prooemio
304 1421 331 1473 p.
347 1401 411 1468 44),
428 1406 476 1456 sed
491 1405 592 1473 spatia,
607 1420 732 1473 prorsum
747 1405 854 1474 quidem
869 1404 1023 1467 circularia,
1043 1412 1076 1458 ut
1094 1405 1281 1459 revolutiones
1296 1407 1414 1460 siderum

27 1551 29 1554 y
53 1486 77 1537 in
98 1484 223 1554 seipsas
237 1484 328 1538 redire
351 1489 381 1537 et
401 1493 554 1553 perpetuae
569 1501 630 1536 esse
654 1493 781 1553 possent;
806 1501 901 1538 versus
924 1486 1002 1553 polos
1027 1486 1120 1538 itidem
1144 1485 1299 1550 circularia,
1324 1487 1414 1541 idest

53 1565 209 1635 superficies
232 1564 393 1634 sphaericus
417 1571 532 1634 propter
554 1572 643 1617 motus
658 1565 848 1625 latitudinum
873 1583 928 1617 non
943 1568 1013 1634 quod
1037 1565 1109 1634 polis
1130 1582 1198 1634 opus
1213 1566 1370 1629 habuerint,
1395 1584 1413 1620 a

54 1646 158 1715 quibua,
183 1652 216 1699 ut
237 1646 360 1713 sphaera
381 1645 543 1706 materialis,
569 1645 760 1714 affigerentur.

128 1722 155 1793 i)
178 1724 305 1796 Corpora
326 1725 454 1795 intellige
469 1725 639 1795 geometrica
660 1726 806 1795 regularia
820 1725 908 1777 solida
922 1724 1054 1794 quinque;
1079 1725 1149 1778 haec
1170 1732 1201 1778 ut·
1219 1725 1410 1796 archetypum,

53 1806 129 1859 orbes
152 1822 222 1858 reru
246 1811 279 1858 ut
301 1822 370 1874 opus
393 1806 599 1858 exstruendum.

127 1881 160 1956 g)
186 1885 256 1938 Vide
281 1885 328 1938 lib.
346 1885 366 1938 1.
391 1885 522 1938 Hermon.
546 1883 572 1935 in
594 1900 715 1952 prooem.
738 1890 768 1935 et
791 1882 837 1935 lib.
856 1883 889 1938 ll.
913 1900 991 1951 prop.
1015 1882 1062 1937 25.
1087 1891 1116 1936 et
1138 1884 1183 1938 lib.
1201 1885 1234 1938 V.
1251 1901 1313 1954 cap.
1334 1887 1356 1938 l.
1381 1895 1411 1939 et

54 1966 123 2034 Epit.
143 1969 224 2020 Astr.
249 1964 299 2020 lib.
324 1965 370 2018 ll'.

127 2041 162 2111 h)
187 2046 260 2097 Vere
276 2044 383 2114 quidem
399 2051 449 2096 aut
463 2043 635 2111 sphaericum
650 2041 733 2095 etiam
748 2041 821 2094 inter
835 2042 923 2094 solida
937 2044 1109 2105 censendum,
1131 2045 1202 2112 quod
1217 2045 1330 2115 globum
1345 2045 1410 2098 dici·

56 2142 120 2187 nus;
143 2134 196 2179 aut
217 2125 288 2178 haec
309 2140 425 2193 corpora
449 2122 537 2174 solida
560 2122 610 2175 dici
634 2140 688 2174 non
703 2129 857 2182 merentum
887 2140 937 2175 uec
960 2130 1041 2174 erant
1061 2139 1079 2175 a
1093 2123 1242 2185 soliditate,
1266 2125 1319 2177 hoc
1334 2131 1378 2178 est
1392 2143 1410 2179 a

58 2206 220 2276 perfectione
242 2204 324 2258 trium
345 2203 541 2257 dimensionum
563 2210 729 2272 argumenta
750 2203 880 2263 texenda,
904 2219 954 2270 pro
971 2203 1075 2255 orbium
1099 2203 1282 2256 exornat-ione
1301 2221 1352 2274 per
1366 2221 1408 2258 ea.

59 2286 120 2340 liam
142 2292 174 2338 et
199 2285 252 2354 ipsi
274 2285 354 2337 orbes
380 2283 441 2350 (seu
465 2279 573 2351 spatia)
598 2282 659 2335 cavi
674 2289 746 2344 sunt,
771 2287 801 2334 et
824 2282 930 2351 figurae
953 2281 1007 2334 hae
1029 2284 1064 2335 ob
1079 2282 1105 2335 id
1124 2283 1231 2336 nobiles
1246 2293 1319 2346 sunt,
1345 2285 1410 2353 quia

61 2365 188 2435 sphaerici
207 2364 405 2435 perfectionem
427 2362 580 2415 omnimoda
594 2360 767 2414 conclusione
782 2361 874 2431 spatii,
900 2363 970 2431 quod
990 2363 1137 2432 amplexae
1153 2370 1226 2426 sunt,
1252 2380 1332 2433 quam
1347 2381 1410 2433 pru·

64 2446 125 2499 ιιιιιι
139 2445 324 2499 aemulantur.
366 2442 496 2496 Soliditas
511 2459 576 2494 rero
592 2450 648 2496 tam
663 2441 691 2494 in
706 2440 799 2510 globo,
822 2457 903 2510 quam
926 2442 953 2493 in
968 2441 1010 2494 his
1030 2443 1136 2513 liguris,
1159 2449 1202 2496 est
1217 2443 1341 2514 genuina
1354 2461 1410 2498 ruu-

66 2524 139 2579 teriae
160 2525 223 2579 idea
246 2532 280 2578 ut
299 2523 459 2591 superficies
482 2522 595 2577 formae.
1176 2552 1179 2556 ·

637 2699 822 2709 ---.—..--——..

626 2848 745 2946 Caput
771 2847 837 2924 III.

183 2942 280 3089 Quid
301 3008 381 3073 leuce
403 3010 538 3091 quinque
561 3027 697 3089 corpora
719 3009 754 3069 in
777 3007 858 3068 daos
879 3007 1008 3069 ordines
1030 3008 1286 3089 distinguentium

447 3105 477 3159 et
499 3097 582 3178 quod
606 3097 711 3158 Terra
732 3103 816 3158 recte
838 3094 943 3158 locata
964 3096 1013 3159 sit.

143 3239 232 3303 Porro
256 3248 358 3302 autem
388 3241 544 3303 fortuitum
572 3238 627 3299 hoc
660 3237 755 3299 videri
786 3247 892 3318 pessel
923 3246 1013 3340 atque
1042 3238 1165 3300 auulla
1188 3240 1283 3299 fluens
1307 3257 1408 3313 causa,

81 3341 122 3402 (ιιι
95 3326 207 3391 sudsex
229 3329 319 3391 arbes
339 3328 498 3409 Cepernici
522 3327 670 3406 recipiant
693 3328 774 3387 intra
797 3347 868 3388 suas
892 3328 977 3388 unius
1003 3326 1041 3389 ab
1065 3328 1124 3389 alio
1148 3327 1311 3389 distantias
1334 3326 1410 3388 haec

82 3412 179 3510 quiaque
201 3437 348 3499 corpora,
377 3418 434 3480 nisi
459 3419 484 3480 is
508 3418 572 3498 ipse
597 3417 688 3477 ordo
685 3424 777 3476 ιιιιι
800 3417 879 3477 inter
902 3417 973 3490 illa,
1005 3436 1061 3497 qno
1086 3416 1188 3478 ordine
1211 3434 1267 3495 ego
1291 3415 1410 3494 singula

81 3496 238 3570 interlocavi
284 3507 366 3570 Nam
390 3508 416 3568 si
440 3506 589 3569 Saturnus
611 3503 681 3566 Jovi
705 3513 769 3566 tam
791 3505 975 3584 propinquus
1004 3513 1095 3578 esset,
1121 3524 1210 3584 quarn
1235 3513 1283 3565 est
1306 3504 1411 3566 Venus

81 3586 179 3668 Telluri,
204 3595 338 3659 vicissim
362 3597 388 3656 si
412 3596 469 3657 hae
493 3597 569 3657 duae
594 3592 664 3654 ab
657 3594 783 3655 invicem
808 3602 893 3654 tanto
917 3594 1077 3656 interrallo
1102 3593 1388 3673 distinguerentur
1379 3612 1409 3654 ιιι

80 3643 227 3758 themico,
251 3693 364 3764 quanto
382 3685 606 3764 distinguuntur
619 3682 739 3760 Jupiter
755 3689 787 3742 et
799 3684 900 3743 Mars
926 3684 985 3744 alio
1009 3684 1112 3744 ordine
1136 3683 1279 3744 utendum
1303 3681 1410 3743 fuisset

78 3764 99 3826 iu
116 3769 270 3835 inserendis
295 3773 478 3852 corporibus
525 3774 618 3834 leret
641 3771 719 3831 enim
743 3771 821 3832 inter
850 3771 924 3833 duos
957 3774 1070 3851 primos
1099 3771 1189 3833 orbes
1218 3769 1312 3848 primo
1344 3769 1409 3831 loco

78 3854 258 3923 ludecaedrou
289 3861 337 3922 vel
365 3861 558 3935 icosae'drou,
591 3868 698 3940 quarto
730 3879 800 3920 vero
829 3861 894 3920 loco
923 3862 1106 3922 tetraedrmon
1154 3855 1214 3929 Qui
1241 3859 1313 3920 ordo
1344 3878 1409 3920 cum

76 3963 118 4008 utu
135 3951 230 4029 possit
253 3950 372 4012 admitti
394 3950 562 4012 rationibus
586 3948 823 4022 mathematicis,
857 3949 945 4010 facile
969 3950 1049 4013 feret
1072 3947 1260 4010 futilitatem
1273 3948 1410 4026 concepti

75 4033 245 4102 theorematis
267 4040 452 4120 patefacere.
486 4039 574 4101 Nunc
598 4028 867 4099 autemvideamus
889 4057 953 4110 nos,
980 4037 1121 4117 ecquibus
1145 4035 1312 4098 rationibus
1336 4054 1408 4115 ιιι-ο

74 4120 152 4204 betur,
180 4128 321 4191 debuisse
344 4129 432 4189 boc'
424 4147 491 4212 rpso
515 4127 618 4188 ordine
643 4127 761 4226 disponi
785 4145 912 4204 corpora
934 4127 1013 4187 inter
1036 4126 1134 4187 orbes.
1181 4125 1271 4188 initio
1296 4125 1408 4187 distin-

10 4272 12 4297 ,
72 4225 179 4290 ιιιιιιιιι
200 4218 278 4280 haec-
302 4235 428 4298 corpora
451 4219 479 4277 iu
506 4217 565 4278 tria
587 4214 738 4294 primaria,
764 4215 880 4287 esbern,
904 4215 1099 4288 tetrabdrum,
1123 4214 1353 4288 dodecabdrum,
1378 4224 1410 4276 et

72 4301 114 4365 duo
140 4305 335 4379 secundaria,
368 4306 542 4367 octabdrum
575 4315 607 4365 et
639 4303 837 4364 icosabdrum.
889 4302 1036 4383 Quodque
1066 4303 1255 4364 verissimum
1283 4304 1339 4364 hoc
1368 4303 1409 4364 ιιι

71 4389 222 4470 discrimen,
247 4402 320 4455 nota
344 4395 497 4474 utriusque
522 4392 641 4473 generis
665 4393 876 4470 proprietates.
927 4391 960 4464 l)
989 4392 1137 4452 Primaria
1159 4393 1249 4471 plano
1273 4391 1352 4452 iuter
1376 4409 1408 4451 se

70 4477 206 4553 dremne,
239 4482 419 4547 secundaria
446 4490 569 4543 utuntur
597 4481 701 4541 cedern
725 4481 921 4559 triangulari3
957 4477 992 4554 2)
1022 4479 1230 4559 primariorum
1255 4479 1408 4561 quodlibet

68 4571 196 4649 proprium
220 4572 314 4634 habet
335 4571 478 4649 planum:
504 4571 597 4631 cubus
617 4569 804 4649 quadratum,
829 4568 960 4651 pyramis
983 4568 1174 4646 triangulum,
1199 4567 1408 4629 dodecabdren

68 4658 322 4740 quinquangulum:
347 4658 525 4721 secundaria
538 4657 659 4737 planum
674 4657 855 4736 triangulum
870 4678 890 4719 a
904 4656 1056 4738 pyramide
1072 4664 1254 4718 mutuantur.
1285 4651 1321 4729 3)
1336 4653 1406 4716 Pri-

64 4748 147 4812 uaria
168 4748 269 4812 omnia
291 4747 421 4831 simplici
441 4754 566 4811 utuntur
584 4745 705 4827 angulo,
728 4763 835 4826 nempe
859 4746 955 4809 tribus
977 4745 1077 4826 planis
1101 4744 1329 4825 comprehenso:
1355 4762 1407 4810 ee-
