3366 5482
150 231 183 316 A
757 237 916 301 Prooemium.

117 411 123 433 ·
162 397 338 459 distantiam
350 395 484 472 Joviset
496 398 616 479 Martis,
628 399 819 480 ,quadratum
833 400 887 469 ιιι.
908 397 1050 460 adhibere
1069 402 1204 472 conatus,
1223 413 1367 460 cumnon
1386 393 1507 456 meliore

160 522 301 591 successu
324 504 546 584 gauderet,‚ad
568 505 757 587 regularia
779 504 1002 585 geometrica
1024 521 1192 583 corpora,
1221 509 1255 564 ut
1277 500 1374 580 globis
1397 503 1507 580 (neque

102 624 105 634 “
158 627 247 685 ιιιο,
282 609 360 695 quod
387 610 450 689 ipse
474 625 615 692 expresse
638 612 784 693 cavebat,
818 609 948 674 realibus
977 629 1030 671 sen
1059 608 1279 684 materialibus,
1312 608 1416 690 quales
1443 614 1507 669 tum

158 697 300 796 temporis
329 717 414 781 multi
445 717 632 799 fingebant),
666 718 790 801 quibus
798 717 1038 798 circumscriptos
1064 716 1205 795 planetas
1232 713 1344 776 moveri
1358 712 1504 792 putabat,

156 823 253 902 magis
274 841 416 903 congrua,
440 842 529 905 qnam
551 825 663 912 figurae
680 826 790 906 planae
808 832 902 899 snut,
912 842 1084 898 conversus,
1107 840 1181 883 vera
1204 820 1260 882 sibi
1282 819 1395 881 vidisse
1417 819 1504 881 vide-

154 928 256 1006 batur,
280 926 479 1017 inventaque
483 930 645 994 Prodromo
666 919 801 1013 pluribus
824 949 962 1004 enarrare
987 937 1018 990 et
1005 929 1246 993 tdemonstrare
1269 934 1403 988 conatur.

158 1068 165 1075 ·
242 1037 349 1118 Itaque
370 1037 497 1118 primum
512 1039 600 1135 (cap.
617 1039 650 1112 1)
675 1040 780 1121 quibns’
803 1039 902 1102 causis
926 1036 1072 1100 adductus
1097 1033 1333 1114 Gopernicanam
1357 1032 1504 1094 rationem

153 1142 309 1222 amplexus
328 1142 379 1217 sit,
399 1151 536 1218 enarrat;
560 1143 667 1207 deinde
686 1145 768 1225 (cap.
784 1141 859 1220 2)“’
840 1163 887 1219 ns,
906 1147 982 1225 qnae
1002 1143 1065 1222 ipse
1084 1141 1241 1216 invenerit,
1264 1148 1406 1221 tauquam
1426 1157 1503 1199 novo

152 1247 331 1336 adminiculo
354 1250 503 1334 rationem
526 1250 609 1313 illam
632 1250 730 1331 fulciri
748 1250 863 1325 credit;
887 1257 950 1312 tum
969 1251 1052 1328 (cap.
1067 1243 1192 1322 3-17)
1216 1266 1342 1327 corpora
1356 1266 1415 1308 sua
1432 1246 1502 1333 pla-

151 1361 287 1445 netarum
310 1356 430 1420 orbibus
454 1357 677 1419 accommodare
699 1358 817 1430 studet,
835 1376 894 1431 nec
918 1375 992 1428 non,
1016 1374 1092 1436 qnae
1115 1356 1153 1417 de
1176 1353 1307 1416 numeris
1332 1372 1390 1414 uon
1412 1351 1501 1432 plane

150 1479 205 1522 nec
227 1462 256 1523 in
280 1462 417 1525 omnibus
440 1464 569 1545 planetis
590 1482 712 1544 prorsus
730 1464 961 1544 congruentibus
976 1461 1165 1542 objiciuntur,
1189 1459 1351 1539 explanare
1374 1467 1427 1520 aut
1449 1478 1500 1520 re-

63 1587 65 1590 ·
148 1565 251 1628 fellere
259 1586 269 1642 ;
298 1586 407 1631 novam
435 1569 555 1652 insuper
579 1578 611 1649 et
632 1569 689 1646 lruc
712 1589 804 1651 neque
828 1569 974 1640 intactam
996 1569 1148 1649 ingressus
1176 1567 1274 1639 viam,
1303 1566 1370 1628 loca
1392 1566 1500 1645 plane-

147 1669 245 1735 tarum
268 1670 377 1754 Capite
400 1674 477 1749 XV,
500 1695 558 1738 non
582 1677 620 1738 ad
644 1676 787 1753 medium,
813 1676 867 1739 sed
891 1677 929 1738 ad
954 1682 1147 1758 apparentem
1171 1673 1252 1737 Solis
1276 1674 1373 1735 locum
1395 1673 1499 1734 refert

145 1757 302 1843 Postremo
327 1784 408 1890 (cap.
436 1776 579 1859 ’18-21)
603 1803 719 1847 errores
745 1785 785 1847 ab
813 1784 993 1847 astronomis
1016 1784 1046 1844 in
1070 1780 1265 1844 observandis
1287 1779 1418 1861 planetis
1442 1779 1499 1840 ad-

145 1887 253 1950 missos
275 1907 436 1976 recensens
460 1899 492 1953 et
515 1891 697 1972 dijudicans,
730 1910 822 1972 opera
843 1899 876 1959 et
899 1891 1022 1954 consilio
1046 1887 1237 1953 Maestlini
1260 1905 1440 1967 magnopere
1464 1903 1498 1946 se

145 1993 281 2086 adiutum
305 2014 373 2058 esse
396 2004 483 2084 grato
508 1998 605 2060 animo
623 1998 712 2079 profit
714 2007 796 2074 etur;
820 2018 986 2081 quanquam
1001 1997 1128 2079 posthac
1147 1995 1226 2070 illas,
1251 2012 1327 2075 quae
1350 1993 1496 2055 videban-

145 2093 207 2191 tur,
239 2102 462 2193 emendationes
490 2106 620 2185 numeris
647 2125 664 2177 e
692 2106 878 2187 regularibus
901 2105 1074 2186 corporibus
1098 2103 1242 2165 desumtis
1265 2102 1309 2163 ita
1331 2107 1496 2162 retractat:

145 2195 287 2284 ,ceterae
311 2209 474 2272 errantium
498 2231 683 2275 numerorum
707 2214 745 2275 ad
769 2213 928 2275 veritatem
952 2210 1124 2286 allusiones,
1151 2215 1233 2291 quae
1248 2207 1362 2290 passim
1385 2206 1494 2285 allego,

145 2312 288 2376 fortuitae
307 2324 385 2395 sunt,
410 2334 466 2378 nec
481 2310 598 2400 dignae,
623 2338 698 2401 quae
713 2320 902 2383 excutiantur
909 2339 919 2393 ;
937 2316 1088 2399 jucundae
1112 2314 1214 2378 tamen
1237 2315 1307 2377 mibi
1330 2313 1494 2393 recognito,

144 2419 214 2513 quis¹
237 2428 371 2498 monent,
401 2422 506 2506 quibus
530 2424 714 2501 maeandris,
746 2445 867 2508 quornm
889 2425 1036 2506 parietum
1059 2423 1245 2506 palpatione,
1274 2439 1328 2501 per
1355 2420 1495 2481 tenebras

143 2525 344 2617 ignorantiae,
369 2528 409 2590 ad
431 2530 609 2610 pellucidum
633 2532 744 2595 ostium
766 2533 905 2612 ueritatis
929 2515 1130 2594 deienerirn.“
1178 2530 1275 2602 (Nota
1297 2528 1336 2589 ad
1359 2545 1426 2608 cap.
1452 2523 1490 2588 21

142 2632 317 2714 posterioris
342 2635 508 2712 editionis.)
552 2639 677 2702 Duobus
701 2640 849 2735 supremis
872 2640 1020 2721 capitibus
1044 2634 1113 2713 (22.
1138 2634 1207 2710 23.)
1238 2637 1274 2696 de
1303 2617 1494 2714 planetarum

144 2748 275 2836 motuum
297 2742 405 2830 causis,
432 2745 468 2806 de
492 2744 577 2822 initio
601 2753 633 2808 et
655 2747 712 2811 fine
735 2747 837 2817 mundi
860 2737 1026 2828 disputans,
1050 2764 1125 2825 opus
1149 2762 1235 2805 suum
1258 2743 1333 2804 buit.

230 2846 292 2932 Sed
315 2868 404 2932 quum
427 2851 585 2913 maximam
607 2860 724 2932 partem
743 2854 791 2922 hic
813 2854 933 2918 libellus
960 2860 1091 2935 exponat
1109 2852 1236 2933 quinque
1255 2849 1405 2930 regularia
1423 2865 1491 2909 cor·

141 2973 229 3046 pora,
253 2955 328 3019 haec
350 2956 482 3019 habeto:

229 3038 360 3148 veteres
379 3063 440 3127 illis
459 3065 631 3156 corporibus
648 3066 805 3148 plurimum
823 3026 1007 3133 tribnebant
1043 3061 1247 3151 Pythagoraei
1262 3061 1381 3144 quidem
1394 3081 1495 3153 rerum

24 3233 26 3243 ,
142 3169 272 3262 omnium
294 3145 445 3260 elementa
467 3170 527 3233 illis
555 3173 700 3238 contineri
729 3174 919 3267 statuebant,
949 3170 1135 3234 dodecaddro
1163 3189 1261 3233 rerum
1284 3169 1492 3234 universitatis

141 3274 300 3357 imaginem
323 3277 444 3354 referri,
469 3275 656 3342 tetraddro
646 3298 764 3361 ignom,
787 3279 861 3344 cubo
879 3286 1005 3354 terram,
1031 3277 1311 3361 octaedroaiirem,
1335 3277 1491 3339 icosaddro

141 3400 249 3464 aquam
272 3383 433 3463 significari
458 3385 602 3473 dicentes.
635 3387 709 3453 Illos
728 3380 929 3469 sequebantur
947 3385 1057 3448 similia
1074 3385 1258 3457 somniantes
1280 3384 1398 3468 mystici
1420 3385 1491 3467 phi-

141 3488 258 3570 losophi
280 3491 380 3553 seculo
399 3490 462 3577 XV
483 3500 515 3555 et
533 3492 635 3572 xvh
654 3495 759 3577 quibus
782 3494 889 3556 iisdem
912 3493 948 3556 de
972 3494 1060 3557 rebus
1084 3493 1175 3556 etiam
1196 3491 1363 3574 posteriore
1387 3500 1490 3553 aetate

139 3579 257 3686 duglas
280 3595 330 3658 ille
351 3597 502 3684 liebertus
525 3599 563 3680 de
581 3584 737 3663 Fluctibus
760 3619 827 3664 cnm
846 3599 977 3681 chlero
1000 3599 1030 3661 in
1053 3598 1147 3664 rixam
1171 3596 1263 3660 venit.
1301 3599 1336 3660 In
1353 3596 1489 3660 Euclidie

139 3703 295 3766 elementis
314 3702 381 3766 libri
396 3702 481 3792 XIII,
505 3706 590 3783 XIV,
611 3707 691 3789 XV,¹
707 3726 765 3783 non
784 3707 841 3771 nisi
860 3707 1009 3788 regularia
1028 3725 1152 3787 corpora
1175 3711 1336 3784 exponunt,
1360 3703 1395 3764 de
1420 3705 1489 3785 qui·
1512 3742 1514 3749 ι

138 3810 193 3872 bns
213 3829 288 3892 quae
307 3810 396 3899 affert
412 3812 570 3895 Keplerus,
594 3814 655 3877 illis
679 3814 762 3877 libris
781 3814 884 3887 innixa
902 3813 1085 3894 geometrica
1107 3812 1223 3874 ratione
1247 3812 1284 3873 ab
1307 3811 1367 3873 illis
1384 3811 1487 3873 dedu-

138 3923 253 3979 cuntur.
283 3949 323 3959 -
354 3916 495 3989 Calculus
522 3921 781 4002 trigonometricus
810 3921 890 3984 band
917 3921 1017 4005 inepte
1046 3919 1101 3982 hoc
1131 3920 1197 3982 loco
1225 3919 1421 3993 adhibeatur,
1455 3929 1488 3980 ut

137 4021 237 4102 posita
260 4043 279 4084 a
300 4023 430 4105 Keplero
454 4028 606 4091 sententia
634 4028 818 4092 examinetur
846 4037 877 4090 et
904 4027 1011 4093 calculi
1039 4026 1116 4089 ratio
1145 4025 1261 4088 facilius
1289 4035 1488 4106 cognoscatur

137 4127 175 4189 ab
199 4127 260 4218 iis,
276 4129 380 4211 quibus
402 4132 558 4198 Euclidica
580 4136 657 4199 ratio
681 4137 800 4213 minus,
816 4154 902 4217 quam
925 4133 979 4196 illa
1001 4133 1030 4194 in
1053 4152 1107 4194 usu
1131 4140 1188 4195 est.

225 4233 490 4324 dcl-‚inveniendos
513 4242 613 4304 radios
637 4246 680 4320 (r,
707 4243 750 4317 R)
775 4242 930 4322 globorum
951 4242 1030 4304 intra
1053 4248 1085 4301 et
1107 4240 1216 4302 circum
1239 4257 1364 4319 corpora
1386 4239 1484 4319 scrip-

24 4346 30 4366 ¹
136 4350 233 4420 torum
257 4359 330 4422 opus
353 4355 401 4408 est
423 4349 550 4430 cognitis
574 4351 691 4431 angulis
714 4349 940 4411 inclinationum
962 4350 1127 4429 planorum.
1173 4345 1222 4408 Illi
1246 4355 1345 4413 antem
1368 4346 1413 4407 ita
1435 4346 1484 4406 in-

136 4447 314 4538 veniuntur..
348 4449 443 4535 Siler
465 4457 577 4520 vertice
602 4458 701 4539 anguli
722 4457 812 4550 ¹solidi
842 4456 1023 4537 descriptum
1050 4453 1231 4534 cogitaveris
1259 4473 1375 4535 quoquo
1398 4454 1483 4516 radio

136 4556 267 4636 globrmr,
287 4557 333 4619 hic
347 4561 445 4639 planis
460 4565 561 4650 anguli
575 4565 661 4627 solidi
677 4571 806 4638 secatur,
827 4565 933 4625 deinde
953 4560 1140 4624 describatur
1152 4561 1339 4642 sphaericmn
1352 4561 1481 4642 polygo-

136 4682 205 4757 num
219 4667 401 4772 respondens
417 4670 525 4772 angulo
545 4671 650 4744 solido,
663 4670 753 4750 *cujus
773 4669 946 4735 laterasibi
961 4677 1031 4730 sunt
1051 4669 1197 4751 aequalia,
1217 4669 1385 4750 angulique,
1410 4667 1482 4730 item
