3366 5482
519 1117 729 1180 mantuano
752 1119 951 1182 numum
974 1119 1140 1184 mom.

766 1327 893 1336 --.-.---

344 1617 347 1624 *
594 1473 1064 1620 ieiuniorem,

348 1669 622 1787 celetque,
659 1671 963 1765 NOBILISSIMIS
999 1672 1056 1762 ET
1089 1671 1307 1766 STllldllUIS

160 1834 271 1896 llomino
292 1833 527 1914 sigismundo
546 1836 751 1904 Friderico,
771 1837 881 1898 Libero
895 1837 1008 1898 Baroni
1027 1838 1066 1899 ab
1083 1839 1338 1913 Herberatein,
1354 1840 1505 1921 Neuperg,

195 1939 423 2019 Guettenhaag‚
449 1941 576 2001 Domino
599 1942 630 2002 in
653 1941 839 2010 Lancovviz‚
865 1939 1039 2003 camerario
1062 1950 1095 2003 et
1118 1944 1261 2020 Dapifero
1286 1943 1463 2007 Carinthiae

226 2046 440 2120 haereditario,
461 2043 634 2107 Caesareae
653 2047 813 2126 Majestati
832 2056 865 2109 et
883 2048 1075 2109 serenissimo
1095 2047 1259 2111 Archiduci
1279 2051 1425 2113 Austriaa

315 2151 507 2213 Ferdinando
532 2172 551 2211 a
570 2151 725 2241 consiliis:
761 2150 930 2232 capitaneo
954 2152 1131 2219 Provinciae
1155 2153 1276 2236 Styriae
1293 2151 1337 2228 ²')

816 2279 843 2322 et

413 2381 569 2442 Dominae
590 2379 632 2440 N.
656 2379 699 2440 N.
722 2377 906 2442 Illoatiam
929 2379 1061 2463 Styriae
1084 2381 1242 2444 Ordinem

226 2482 398 2548 Quinqneriria
417 2483 565 2542 Ordinante,
585 2484 651 2534 Viris
670 2484 838 2547 amplissimis.
857 2484 971 2535 Dominis
988 2487 1051 2535 maia
1068 2486 1230 2537 clamantibus
1249 2493 1275 2536 at
1292 2485 1423 2543 beneficia,

651 2574 758 2623 adutem
777 2580 804 2623 et
820 2588 878 2625 maa
895 2576 1001 2625 servitia

236 2728 325 2799 Quod
350 2740 421 2794 ante
445 2740 562 2812 septem
585 2752 704 2795 menses
719 2735 746 2807 ⁸)
769 2732 902 2813 promisi,
927 2751 1002 2811 opus
1025 2734 1180 2796 doctorum
1199 2734 1372 2796 testimonio
1395 2733 1503 2813 pulch-

162 2833 212 2878 rum
234 2827 265 2878 et
284 2820 463 2897 jucundum,
495 2822 640 2901 longeque
663 2821 892 2901 praeferendum
916 2821 1022 2882 annuis
1045 2822 1268 2901 prognosticis:
1299 2823 1419 2884 tandem
1443 2822 1502 2883 ali-

161 2906 264 2980 qnando
289 2925 419 2969 coronae
443 2917 563 2971 vestrae
586 2911 673 2984 sisto,
697 2910 885 2989 Amplissimi
907 2909 992 2983 Viri3
1016 2928 1101 2989 opus,
1126 2910 1257 2989 inquam,
1281 2910 1392 2990 exigua
1414 2911 1503 2980 mola,

161 2991 248 3055 labore
278 2996 414 3070 modico,
449 2997 577 3059 materia
603 2999 792 3078 undiquaque
820 2997 959 3059 mirabili.
1006 2998 1086 3059 Nam
1109 2998 1173 3059 sive
1197 2998 1262 3077 quia
1292 2998 1504 3076 antiquitatem

160 3091 285 3158 spectet3
324 3092 446 3146 tentate
478 3087 535 3147 fuit
567 3095 639 3147 ante
671 3087 718 3148 bis
750 3086 832 3148 mille
864 3105 958 3147 annos
991 3107 1010 3147 a
1041 3084 1279 3179 Pythagoram
1317 3086 1381 3147 aive
1414 3086 1502 3147 novi-

160 3178 256 3245 tatem,
290 3173 418 3250 primum
446 3193 523 3235 nunc
551 3196 571 3235 a
592 3193 640 3235 me
670 3176 748 3236 inter
776 3175 911 3237 homines
939 3176 1088 3253 vulgatur.
1136 3175 1243 3237 Placet
1266 3175 1383 3236 moles?
1419 3173 1502 3236 Nihil

159 3268 195 3318 est
229 3260 287 3320 hoc
325 3260 464 3323 universo
500 3262 609 3324 mundo
651 3263 750 3341 majus
786 3283 883 3343 neque
919 3263 1056 3342 amplius.
1112 3262 1311 3333 Desideratur
1348 3261 1503 3341 dignitas?

160 3344 226 3408 hihil
260 3350 441 3426 pretiosius,
475 3350 548 3413 nihil
580 3351 732 3431 pulchrius
765 3352 820 3413 hoc
849 3351 1033 3413 lucidissimo
1061 3351 1119 3412 Dei
1150 3352 1271 3430 templo.
1319 3352 1419 3413 Lubet
1450 3369 1502 3421 seq
1582 3384 1600 3390 -»

160 3437 219 3497 creti
244 3437 317 3515 quid
341 3440 545 3516 cognoscere?
581 3439 665 3501 Nihil
689 3448 738 3500 est
761 3449 814 3501 aut
837 3439 894 3500 fuit
917 3440 946 3500 in
966 3459 1065 3501 rernm
1087 3448 1196 3501 natura
1219 3438 1365 3502 occultius
1373 3458 1382 3513 ;
1406 3439 1503 3506 solum

160 3519 202 3584 hac
224 3525 254 3585 in
279 3544 312 3585 re
335 3546 394 3586 non
418 3528 554 3589 omnibus
583 3529 747 3601 satisfacit,
780 3528 858 3607 quod
888 3528 1004 3588 utilitas
1029 3527 1093 3605 ejus
1117 3527 1351 3607 incogitantibus
1375 3527 1502 3591 obscura

161 3621 203 3672 est.
240 3614 338 3692 Atqui
361 3613 409 3675 hic
433 3623 482 3676 est
503 3616 553 3677 ille
577 3616 673 3677 liber
696 3625 867 3689 naturae,
895 3625 1052 3695 tantopere
1077 3616 1173 3676 sacris
1195 3616 1365 3677 celebratus
1385 3634 1501 3677 sermo-

161 3699 248 3773 nibns;
273 3720 360 3780 quem
382 3703 496 3765 Paulus
519 3703 658 3783 gentibus
681 3705 830 3783 proponit,
856 3704 885 3764 in
906 3723 962 3783 quo
982 3704 1080 3765 Deum
1102 3723 1158 3765 oen
1176 3703 1279 3765 Solem
1298 3705 1326 3764 in
1351 3722 1430 3782 aqua
1453 3704 1502 3763 vel
1574 3712 1578 3720 '

163 3789 267 3862 speculo
292 3792 541 3870 contemplentur.
588 3791 669 3854 Nam
691 3812 743 3854 cur
767 3790 934 3853 Christiani
964 3793 1061 3853 minus
1092 3792 1149 3853 hac
1166 3790 1424 3870 contemplatione
1448 3808 1502 3851 noa

164 3875 378 3952 oblectaremna,
410 3898 533 3959 quornm
559 3881 711 3958 proprium
739 3891 803 3955 est,
833 3881 929 3941 Deum
952 3899 1023 3940 vero
1048 3880 1129 3941 cultu
1152 3879 1322 3952 celebrare,
1354 3879 1499 3952 venerari.

166 3962 309 4026 admirari?
333 3967 363 4026 id
387 3969 465 4046 quod
490 3976 575 4029 tanto
599 3968 746 4029 devotiori
771 3969 869 4029 animo
888 3969 931 4041 fit,
957 3977 1067 4048 quanto
1087 3967 1207 4041 rectius,
1234 3986 1310 4046 qnae
1334 3975 1367 4028 et
1387 3974 1502 4047 quanta

167 4053 314 4115 condiderit
336 4066 440 4116 noster
462 4056 556 4130 Deus,
581 4055 786 4135 intelligimus.
829 4055 910 4117 Sane
935 4055 1190 4135 quamplurimos
1214 4054 1340 4134 hymnos
1364 4056 1392 4116 in
1418 4053 1501 4117 Con-

168 4133 288 4217 ditorem,
318 4160 423 4204 verum
446 4145 542 4205 Deum
567 4144 675 4205 cecinit
697 4162 786 4205 verus
808 4144 866 4204 Dei
891 4145 988 4205 cultor
1010 4143 1164 4216 Davides3
1195 4143 1302 4221 quihus
1325 4151 1503 4221 argumenta

170 4231 394 4292 tradmiratione
410 4233 560 4293 coelorum
575 4232 704 4293 deducit.
739 4230 824 4294 Coeli
839 4240 990 4304 enarrant,
1010 4231 1116 4311 inquit
1137 4232 1265 4309 gloriam
1279 4231 1348 4293 Dei.
1383 4230 1501 4293 Videbo

171 4315 245 4377 coelos
267 4328 352 4391 tuos,
378 4337 470 4397 opera
493 4320 655 4398 digitorum
678 4328 813 4393 tuorum,
839 4320 955 4381 Lunam
980 4327 1012 4380 et
1034 4320 1159 4393 stellas,
1190 4337 1266 4398 qnae
1291 4328 1323 4381 tu
1348 4319 1500 4381 fundasti:

171 4394 274 4481 Magnus
299 4407 445 4468 Dominus
469 4417 588 4483 noster,
618 4417 649 4469 et
673 4427 781 4488 magna
804 4409 900 4469 virtus
929 4408 1014 4485 ejus;
1045 4407 1095 4486 qui
1122 4415 1260 4468 numerat
1282 4407 1502 4469 multitudinem

173 4489 311 4569 stellarum,
337 4504 375 4556 et
398 4496 561 4557 omnibus
583 4497 728 4558 nomina
746 4505 863 4557 vocat.
896 4496 1018 4556 Alicubi
1032 4496 1138 4574 plenus
1153 4495 1270 4574 spiritu,
1294 4496 1399 4574 plenus
1414 4512 1503 4553 sacra

174 4568 264 4642 laetitia
282 4583 443 4658 exclamat,
465 4584 618 4665 ipsumque
636 4585 776 4646 mundum
796 4585 961 4645 acclamat:
986 4583 1124 4644 Laudate
1147 4583 1224 4643 ooeli
1238 4583 1406 4654 Dominum,
1432 4580 1501 4641 lau-

110 4732 112 4741 ,
175 4656 223 4724 dite
249 4689 313 4731 eum
338 4670 392 4732 Sol
422 4679 454 4733 et
475 4672 576 4750 Luna,
608 4673 661 4735 lto.
709 4671 795 4742 Quae
826 4691 885 4733 vox
914 4672 1022 4732 coelo?
1056 4690 1132 4750 quae
1161 4670 1283 4732 stellis?
1316 4687 1376 4748 qua
1404 4668 1502 4737 Deum

210 4765 286 4819 lapion
300 4774 400 4824 operal-
911 4793 912 4797 =
1273 4771 1289 4829 7
