<?xml version="1.0" encoding="UTF-8"?>
<!DOCTYPE html PUBLIC "-//W3C//DTD XHTML 1.0 Transitional//EN"
    "http://www.w3.org/TR/xhtml1/DTD/xhtml1-transitional.dtd">
<html xmlns="http://www.w3.org/1999/xhtml" xml:lang="en" lang="en">
 <head>
  <title>
</title>
<meta http-equiv="Content-Type" content="text/html;charset=utf-8" />
  <meta name='ocr-system' content='tesseract 3.04.00' />
  <meta name='ocr-capabilities' content='ocr_page ocr_carea ocr_par ocr_line ocrx_word'/>
</head>
<body>
  <div class='ocr_page' id='page_1' title='image "./joanniskepleria04frisgoog_0129.png"; bbox 0 0 3366 5482; ppageno 0'>
   <div class='ocr_carea' id='block_1_1' title="bbox 161 283 948 359">
    <p class='ocr_par' dir='ltr' id='par_1_1' title="bbox 161 283 948 359">
     <span class='ocr_line' id='line_1_1' title="bbox 161 283 948 359; baseline -0.006 -22"><span class='ocrx_word' id='word_1_1' title='bbox 161 288 223 359; x_wconf 69' lang='grc'>110</span> <span class='ocrx_word' id='word_1_2' title='bbox 717 283 746 336; x_wconf 87' lang='lat' dir='ltr'>lu</span> <span class='ocrx_word' id='word_1_3' title='bbox 765 283 948 335; x_wconf 70' lang='lat' dir='ltr'>mutuom</span> 
     </span>
    </p>
   </div>
   <div class='ocr_carea' id='block_1_2' title="bbox 158 434 1525 964">
    <p class='ocr_par' dir='ltr' id='par_1_2' title="bbox 158 434 1525 964">
     <span class='ocr_line' id='line_1_2' title="bbox 158 434 1518 519; baseline -0.004 -6"><span class='ocrx_word' id='word_1_4' title='bbox 158 447 302 513; x_wconf 68' lang='lat' dir='ltr'>Ambitus</span> <span class='ocrx_word' id='word_1_5' title='bbox 322 463 360 507; x_wconf 78' lang='lat' dir='ltr'>ex</span> <span class='ocrx_word' id='word_1_6' title='bbox 375 434 678 512; x_wconf 64' lang='lat' dir='ltr'>Cicerone‘fflaelins</span> <span class='ocrx_word' id='word_1_7' title='bbox 694 437 767 514; x_wconf 83' lang='lat'>23):</span> <span class='ocrx_word' id='word_1_8' title='bbox 800 439 853 513; x_wconf 87' lang='lat' dir='ltr'>„Si</span> <span class='ocrx_word' id='word_1_9' title='bbox 873 441 988 502; x_wconf 86' lang='lat' dir='ltr'>eoelum</span> <span class='ocrx_word' id='word_1_10' title='bbox 1008 442 1104 519; x_wconf 82' lang='lat' dir='ltr'>ipsum</span> <span class='ocrx_word' id='word_1_11' title='bbox 1125 441 1340 514; x_wconf 80' lang='lat' dir='ltr'>ascendissem,</span> <span class='ocrx_word' id='word_1_12' title='bbox 1359 448 1518 507; x_wconf 65' lang='lat' dir='ltr'>nnuma-</span> 
     </span>
     <span class='ocr_line' id='line_1_3' title="bbox 158 528 1521 615; baseline -0.008 -14"><span class='ocrx_word' id='word_1_13' title='bbox 158 555 214 615; x_wconf 80' lang='lat' dir='ltr'>que</span> <span class='ocrx_word' id='word_1_14' title='bbox 238 532 360 604; x_wconf 87' lang='lat' dir='ltr'>mundi,</span> <span class='ocrx_word' id='word_1_15' title='bbox 393 539 425 593; x_wconf 88' lang='lat' dir='ltr'>et</span> <span class='ocrx_word' id='word_1_16' title='bbox 452 529 702 609; x_wconf 86' lang='lat' dir='ltr'>pulchritudinem</span> <span class='ocrx_word' id='word_1_17' title='bbox 730 529 860 591; x_wconf 87' lang='lat' dir='ltr'>siderum</span> <span class='ocrx_word' id='word_1_18' title='bbox 888 529 1008 606; x_wconf 86' lang='lat' dir='ltr'>penitus</span> <span class='ocrx_word' id='word_1_19' title='bbox 1031 529 1272 607; x_wconf 74' lang='lat' dir='ltr'><strong>perspexissem,</strong></span> <span class='ocrx_word' id='word_1_20' title='bbox 1306 528 1444 591; x_wconf 81' lang='lat' dir='ltr'>insuavis</span> <span class='ocrx_word' id='word_1_21' title='bbox 1467 528 1521 591; x_wconf 79' lang='lat' dir='ltr'>illa</span> 
     </span>
     <span class='ocr_line' id='line_1_4' title="bbox 160 616 1525 697; baseline -0.004 -14"><span class='ocrx_word' id='word_1_22' title='bbox 160 621 228 683; x_wconf 87' lang='lat' dir='ltr'>milri</span> <span class='ocrx_word' id='word_1_23' title='bbox 255 621 331 680; x_wconf 83' lang='lat' dir='ltr'>foret</span> <span class='ocrx_word' id='word_1_24' title='bbox 357 618 537 690; x_wconf 89' lang='lat' dir='ltr'>admiratio,</span> <span class='ocrx_word' id='word_1_25' title='bbox 573 617 629 679; x_wconf 86' lang='lat' dir='ltr'>nisi</span> <span class='ocrx_word' id='word_1_26' title='bbox 653 625 684 677; x_wconf 88' lang='lat' dir='ltr'>te</span> <span class='ocrx_word' id='word_1_27' title='bbox 710 618 850 678; x_wconf 87' lang='lat' dir='ltr'>lectorem</span> <span class='ocrx_word' id='word_1_28' title='bbox 875 636 1019 694; x_wconf 87' lang='lat' dir='ltr'>neqnnm,</span> <span class='ocrx_word' id='word_1_29' title='bbox 1050 624 1200 678; x_wconf 87' lang='lat' dir='ltr'>attentum</span> <span class='ocrx_word' id='word_1_30' title='bbox 1230 627 1262 678; x_wconf 91' lang='lat' dir='ltr'>et</span> <span class='ocrx_word' id='word_1_31' title='bbox 1284 618 1446 697; x_wconf 88' lang='lat' dir='ltr'>cupidum,</span> <span class='ocrx_word' id='word_1_32' title='bbox 1472 616 1525 678; x_wconf 83' lang='lat' dir='ltr'>eui.</span> 
     </span>
     <span class='ocr_line' id='line_1_5' title="bbox 159 704 1518 785; baseline -0.005 -13"><span class='ocrx_word' id='word_1_33' title='bbox 159 727 319 781; x_wconf 75' lang='lat' dir='ltr'>narrarem,</span> <span class='ocrx_word' id='word_1_34' title='bbox 340 707 514 771; x_wconf 85' lang='lat' dir='ltr'>haberem.“</span> <span class='ocrx_word' id='word_1_35' title='bbox 552 706 636 768; x_wconf 85' lang='lat' dir='ltr'>Haec</span> <span class='ocrx_word' id='word_1_36' title='bbox 652 705 700 767; x_wconf 90' lang='lat' dir='ltr'>nbi</span> <span class='ocrx_word' id='word_1_37' title='bbox 717 704 902 783; x_wconf 81' lang='lat' dir='ltr'>cognoveris,</span> <span class='ocrx_word' id='word_1_38' title='bbox 927 705 952 764; x_wconf 90' lang='lat' dir='ltr'>si</span> <span class='ocrx_word' id='word_1_39' title='bbox 977 724 1089 784; x_wconf 91' lang='lat' dir='ltr'>aequus</span> <span class='ocrx_word' id='word_1_40' title='bbox 1112 724 1156 777; x_wconf 88' lang='lat' dir='ltr'>es,</span> <span class='ocrx_word' id='word_1_41' title='bbox 1180 705 1347 767; x_wconf 75' lang='lat' dir='ltr'>abstinebis</span> <span class='ocrx_word' id='word_1_42' title='bbox 1371 726 1390 766; x_wconf 90' lang='lat' dir='ltr'>a</span> <span class='ocrx_word' id='word_1_43' title='bbox 1414 723 1518 785; x_wconf 88' lang='lat' dir='ltr'>repre-</span> 
     </span>
     <span class='ocr_line' id='line_1_6' title="bbox 158 792 1520 874; baseline -0.004 -14"><span class='ocrx_word' id='word_1_44' title='bbox 158 796 370 869; x_wconf 85' lang='lat' dir='ltr'>hensionibus,</span> <span class='ocrx_word' id='word_1_45' title='bbox 401 814 475 874; x_wconf 87' lang='lat' dir='ltr'>quas</span> <span class='ocrx_word' id='word_1_46' title='bbox 504 813 560 855; x_wconf 92' lang='lat' dir='ltr'>non</span> <span class='ocrx_word' id='word_1_47' title='bbox 589 793 654 855; x_wconf 91' lang='lat' dir='ltr'>sine</span> <span class='ocrx_word' id='word_1_48' title='bbox 683 812 775 855; x_wconf 75' lang='lat' dir='ltr'>carisa</span> <span class='ocrx_word' id='word_1_49' title='bbox 802 792 984 870; x_wconf 87' lang='lat' dir='ltr'>praesagio:</span> <span class='ocrx_word' id='word_1_50' title='bbox 1017 794 1062 853; x_wconf 90' lang='lat' dir='ltr'>sin</span> <span class='ocrx_word' id='word_1_51' title='bbox 1094 800 1193 853; x_wconf 90' lang='lat' dir='ltr'>antem</span> <span class='ocrx_word' id='word_1_52' title='bbox 1223 813 1276 854; x_wconf 86' lang='lat' dir='ltr'>sno</span> <span class='ocrx_word' id='word_1_53' title='bbox 1308 793 1429 873; x_wconf 91' lang='lat' dir='ltr'>quidem</span> <span class='ocrx_word' id='word_1_54' title='bbox 1455 793 1520 854; x_wconf 87' lang='lat' dir='ltr'>loco</span> 
     </span>
     <span class='ocr_line' id='line_1_7' title="bbox 160 879 1520 964; baseline -0.004 -16"><span class='ocrx_word' id='word_1_55' title='bbox 160 885 301 964; x_wconf 79' lang='lat' dir='ltr'>relinquis</span> <span class='ocrx_word' id='word_1_56' title='bbox 325 883 404 945; x_wconf 86' lang='lat' dir='ltr'>ista:</span> <span class='ocrx_word' id='word_1_57' title='bbox 436 882 543 946; x_wconf 89' lang='lat' dir='ltr'>metuis</span> <span class='ocrx_word' id='word_1_58' title='bbox 568 890 683 954; x_wconf 90' lang='lat' dir='ltr'>tamen,</span> <span class='ocrx_word' id='word_1_59' title='bbox 713 891 747 941; x_wconf 89' lang='lat' dir='ltr'>ut</span> <span class='ocrx_word' id='word_1_60' title='bbox 769 891 852 942; x_wconf 87' lang='lat' dir='ltr'>certa</span> <span class='ocrx_word' id='word_1_61' title='bbox 876 883 951 952; x_wconf 86' lang='lat' dir='ltr'>siut,</span> <span class='ocrx_word' id='word_1_62' title='bbox 981 890 1071 961; x_wconf 89' lang='lat' dir='ltr'>atque</span> <span class='ocrx_word' id='word_1_63' title='bbox 1095 889 1129 941; x_wconf 88' lang='lat' dir='ltr'>ut</span> <span class='ocrx_word' id='word_1_64' title='bbox 1151 900 1207 960; x_wconf 91' lang='lat' dir='ltr'>ego</span> <span class='ocrx_word' id='word_1_65' title='bbox 1231 882 1413 961; x_wconf 90' lang='lat' dir='ltr'>triumphum</span> <span class='ocrx_word' id='word_1_66' title='bbox 1438 879 1520 943; x_wconf 83' lang='lat' dir='ltr'>oeci-</span> 
     </span>
    </p>
   </div>
   <div class='ocr_carea' id='block_1_3' title="bbox 130 968 1523 1492">
    <p class='ocr_par' dir='ltr' id='par_1_3' title="bbox 130 968 1523 1492">
     <span class='ocr_line' id='line_1_8' title="bbox 158 968 1523 1049; baseline -0.003 -15"><span class='ocrx_word' id='word_1_67' title='bbox 158 974 251 1035; x_wconf 88' lang='lat' dir='ltr'>nerim</span> <span class='ocrx_word' id='word_1_68' title='bbox 275 982 345 1035; x_wconf 89' lang='lat' dir='ltr'>ante</span> <span class='ocrx_word' id='word_1_69' title='bbox 369 970 543 1032; x_wconf 84' lang='lat' dir='ltr'>victoriam:</span> <span class='ocrx_word' id='word_1_70' title='bbox 569 970 711 1046; x_wconf 75' lang='lat' dir='ltr'>ergone}</span> <span class='ocrx_word' id='word_1_71' title='bbox 737 969 857 1030; x_wconf 86' lang='lat' dir='ltr'>tandem</span> <span class='ocrx_word' id='word_1_72' title='bbox 882 968 1019 1047; x_wconf 82' lang='lat' dir='ltr'>pagellas</span> <span class='ocrx_word' id='word_1_73' title='bbox 1045 969 1126 1047; x_wconf 89' lang='lat' dir='ltr'>ipsas</span> <span class='ocrx_word' id='word_1_74' title='bbox 1150 972 1277 1043; x_wconf 88' lang='lat' dir='ltr'>accede,</span> <span class='ocrx_word' id='word_1_75' title='bbox 1302 982 1335 1030; x_wconf 90' lang='lat' dir='ltr'>et</span> <span class='ocrx_word' id='word_1_76' title='bbox 1358 988 1436 1043; x_wconf 90' lang='lat' dir='ltr'>rem,</span> <span class='ocrx_word' id='word_1_77' title='bbox 1461 986 1523 1049; x_wconf 77' lang='lat' dir='ltr'>qua</span> 
     </span>
     <span class='ocr_line' id='line_1_9' title="bbox 130 1057 1523 1140; baseline -0.003 -19"><span class='ocrx_word' id='word_1_78' title='bbox 130 1115 134 1121; x_wconf 91' lang='lat'>.</span> <span class='ocrx_word' id='word_1_79' title='bbox 159 1063 196 1124; x_wconf 87' lang='lat' dir='ltr'>de</span> <span class='ocrx_word' id='word_1_80' title='bbox 220 1061 335 1140; x_wconf 83' lang='lat' dir='ltr'>pridem</span> <span class='ocrx_word' id='word_1_81' title='bbox 358 1059 483 1137; x_wconf 88' lang='lat' dir='ltr'>agimus,</span> <span class='ocrx_word' id='word_1_82' title='bbox 509 1075 666 1136; x_wconf 82' lang='lat' dir='ltr'>cognosce.</span> <span class='ocrx_word' id='word_1_83' title='bbox 705 1057 773 1118; x_wconf 92' lang='lat' dir='ltr'>Non</span> <span class='ocrx_word' id='word_1_84' title='bbox 787 1057 929 1136; x_wconf 18' lang='lat' dir='ltr'>&#39;reperies</span> <span class='ocrx_word' id='word_1_85' title='bbox 952 1076 1046 1117; x_wconf 86' lang='lat' dir='ltr'>novos</span> <span class='ocrx_word' id='word_1_86' title='bbox 1070 1066 1102 1118; x_wconf 89' lang='lat' dir='ltr'>et</span> <span class='ocrx_word' id='word_1_87' title='bbox 1125 1058 1292 1136; x_wconf 88' lang='lat' dir='ltr'>incognitos</span> <span class='ocrx_word' id='word_1_88' title='bbox 1311 1058 1464 1136; x_wconf 85' lang='lat' dir='ltr'>planetas,</span> <span class='ocrx_word' id='word_1_89' title='bbox 1488 1062 1523 1117; x_wconf 89' lang='lat' dir='ltr'>ut</span> 
     </span>
     <span class='ocr_line' id='line_1_10' title="bbox 159 1144 1522 1227; baseline -0.003 -16"><span class='ocrx_word' id='word_1_90' title='bbox 159 1151 247 1227; x_wconf 90' lang='lat' dir='ltr'>paulo</span> <span class='ocrx_word' id='word_1_91' title='bbox 272 1156 364 1209; x_wconf 88' lang='lat' dir='ltr'>antea</span> <span class='ocrx_word' id='word_1_92' title='bbox 391 1146 605 1225; x_wconf 81' lang='lat' dir='ltr'>interpositos,</span> <span class='ocrx_word' id='word_1_93' title='bbox 634 1163 691 1206; x_wconf 93' lang='lat' dir='ltr'>non</span> <span class='ocrx_word' id='word_1_94' title='bbox 722 1166 757 1204; x_wconf 87' lang='lat' dir='ltr'>ea</span> <span class='ocrx_word' id='word_1_95' title='bbox 787 1145 857 1206; x_wconf 89' lang='lat' dir='ltr'>mihi</span> <span class='ocrx_word' id='word_1_96' title='bbox 887 1144 1031 1224; x_wconf 90' lang='lat' dir='ltr'>probatur</span> <span class='ocrx_word' id='word_1_97' title='bbox 1055 1146 1201 1218; x_wconf 90' lang='lat' dir='ltr'>andacia;</span> <span class='ocrx_word' id='word_1_98' title='bbox 1227 1146 1376 1207; x_wconf 86' lang='lat' dir='ltr'>sedilios</span> <span class='ocrx_word' id='word_1_99' title='bbox 1400 1156 1522 1207; x_wconf 79' lang='lat' dir='ltr'>veterat</span> 
     </span>
     <span class='ocr_line' id='line_1_11' title="bbox 159 1220 1523 1316; baseline -0.004 -16"><span class='ocrx_word' id='word_1_100' title='bbox 159 1256 264 1316; x_wconf 82' lang='lat' dir='ltr'>parum</span> <span class='ocrx_word' id='word_1_101' title='bbox 289 1235 449 1298; x_wconf 82' lang='lat' dir='ltr'>admodum</span> <span class='ocrx_word' id='word_1_102' title='bbox 474 1235 605 1304; x_wconf 80' lang='lat' dir='ltr'>lunatos,</span> <span class='ocrx_word' id='word_1_103' title='bbox 630 1233 788 1311; x_wconf 89' lang='lat' dir='ltr'>interjectu</span> <span class='ocrx_word' id='word_1_104' title='bbox 812 1251 883 1295; x_wconf 81' lang='lat' dir='ltr'>vero</span> <span class='ocrx_word' id='word_1_105' title='bbox 902 1233 1123 1295; x_wconf 88' lang='lat' dir='ltr'>rectilineorum</span> <span class='ocrx_word' id='word_1_106' title='bbox 1146 1252 1302 1312; x_wconf 89' lang='lat' dir='ltr'>corporum</span> <span class='ocrx_word' id='word_1_107' title='bbox 1326 1220 1523 1312; x_wconf 70' lang='lat' dir='ltr'>quantumst·</span> 
     </span>
     <span class='ocr_line' id='line_1_12' title="bbox 159 1321 1522 1413; baseline -0.004 -26"><span class='ocrx_word' id='word_1_108' title='bbox 159 1325 288 1389; x_wconf 86' lang='lat' dir='ltr'>absurdo</span> <span class='ocrx_word' id='word_1_109' title='bbox 312 1324 356 1385; x_wconf 87' lang='lat' dir='ltr'>ita</span> <span class='ocrx_word' id='word_1_110' title='bbox 379 1322 520 1394; x_wconf 85' lang='lat' dir='ltr'>munitos,</span> <span class='ocrx_word' id='word_1_111' title='bbox 544 1328 577 1382; x_wconf 90' lang='lat' dir='ltr'>ut</span> <span class='ocrx_word' id='word_1_112' title='bbox 599 1339 697 1398; x_wconf 91' lang='lat' dir='ltr'>porro,</span> <span class='ocrx_word' id='word_1_113' title='bbox 722 1321 828 1398; x_wconf 89' lang='lat' dir='ltr'>quibus</span> <span class='ocrx_word' id='word_1_114' title='bbox 851 1321 934 1382; x_wconf 89' lang='lat' dir='ltr'>uncis</span> <span class='ocrx_word' id='word_1_115' title='bbox 956 1322 1072 1383; x_wconf 90' lang='lat' dir='ltr'>coelum</span> <span class='ocrx_word' id='word_1_116' title='bbox 1087 1341 1144 1400; x_wconf 92' lang='lat' dir='ltr'>qno</span> <span class='ocrx_word' id='word_1_117' title='bbox 1166 1323 1263 1384; x_wconf 90' lang='lat' dir='ltr'>minus</span> <span class='ocrx_word' id='word_1_118' title='bbox 1287 1329 1365 1395; x_wconf 81' lang='lat' dir='ltr'>ruat,</span> <span class='ocrx_word' id='word_1_119' title='bbox 1390 1338 1522 1413; x_wconf 73' lang='lat' dir='ltr'>suspen·</span> 
     </span>
     <span class='ocr_line' id='line_1_13' title="bbox 160 1408 1049 1492; baseline -0.005 -17"><span class='ocrx_word' id='word_1_120' title='bbox 160 1414 257 1485; x_wconf 86' lang='lat' dir='ltr'>datur,</span> <span class='ocrx_word' id='word_1_121' title='bbox 283 1411 438 1492; x_wconf 77' lang='lat' dir='ltr'>quaerenti</span> <span class='ocrx_word' id='word_1_122' title='bbox 462 1410 574 1472; x_wconf 89' lang='lat' dir='ltr'>rustico</span> <span class='ocrx_word' id='word_1_123' title='bbox 597 1408 778 1486; x_wconf 87' lang='lat' dir='ltr'>respondere</span> <span class='ocrx_word' id='word_1_124' title='bbox 802 1410 911 1488; x_wconf 90' lang='lat' dir='ltr'>possis.</span> <span class='ocrx_word' id='word_1_125' title='bbox 960 1409 1049 1471; x_wconf 83' lang='lat' dir='ltr'>Vale.</span> 
     </span>
    </p>
   </div>
   <div class='ocr_carea' id='block_1_4' title="bbox 420 1599 1209 1774">
    <p class='ocr_par' dir='ltr' id='par_1_4' title="bbox 420 1599 1209 1774">
     <span class='ocr_line' id='line_1_14' title="bbox 420 1599 1209 1701; baseline -0.001 -36"><span class='ocrx_word' id='word_1_126' title='bbox 420 1679 421 1683; x_wconf 7' lang='grc' dir='ltr'><strong>Ἴ</strong></span> <span class='ocrx_word' id='word_1_127' title='bbox 472 1603 514 1664; x_wconf 85' lang='grc' dir='ltr'>ΙΝ</span> <span class='ocrx_word' id='word_1_128' title='bbox 540 1599 873 1701; x_wconf 69' lang='lat' dir='ltr'><strong>PRAEFATIONEM</strong></span> <span class='ocrx_word' id='word_1_129' title='bbox 897 1602 956 1663; x_wconf 88' lang='lat' dir='ltr'>AD</span> <span class='ocrx_word' id='word_1_130' title='bbox 980 1599 1209 1664; x_wconf 83' lang='lat' dir='ltr'>LECTOREM</span> 
     </span>
     <span class='ocr_line' id='line_1_15' title="bbox 683 1723 994 1774; baseline -0.003 -1"><span class='ocrx_word' id='word_1_131' title='bbox 683 1723 798 1774; x_wconf 82' lang='lat' dir='ltr'>nomn</span> <span class='ocrx_word' id='word_1_132' title='bbox 819 1723 994 1774; x_wconf 78' lang='lat' dir='ltr'>uucroms.</span> 
     </span>
    </p>
   </div>
   <div class='ocr_carea' id='block_1_5' title="bbox 107 1828 1525 4763">
    <p class='ocr_par' dir='ltr' id='par_1_5' title="bbox 159 1828 1524 2534">
     <span class='ocr_line' id='line_1_16' title="bbox 238 1828 1522 1901; baseline -0.002 -14"><span class='ocrx_word' id='word_1_133' title='bbox 238 1828 271 1901; x_wconf 90' lang='lat' dir='ltr'>a)</span> <span class='ocrx_word' id='word_1_134' title='bbox 292 1832 353 1886; x_wconf 85' lang='lat' dir='ltr'>Etsi</span> <span class='ocrx_word' id='word_1_135' title='bbox 382 1831 472 1885; x_wconf 90' lang='lat' dir='ltr'>omnia</span> <span class='ocrx_word' id='word_1_136' title='bbox 493 1831 616 1884; x_wconf 90' lang='lat' dir='ltr'>omuibus</span> <span class='ocrx_word' id='word_1_137' title='bbox 638 1831 802 1896; x_wconf 80' lang='lat' dir='ltr'>cohaerent,</span> <span class='ocrx_word' id='word_1_138' title='bbox 834 1848 961 1884; x_wconf 88' lang='lat' dir='ltr'>numerus</span> <span class='ocrx_word' id='word_1_139' title='bbox 993 1840 1085 1885; x_wconf 84' lang='lat' dir='ltr'>tamen</span> <span class='ocrx_word' id='word_1_140' title='bbox 1114 1848 1166 1884; x_wconf 88' lang='lat' dir='ltr'>sex</span> <span class='ocrx_word' id='word_1_141' title='bbox 1196 1829 1386 1900; x_wconf 84' lang='lat' dir='ltr'>primariorum</span> <span class='ocrx_word' id='word_1_142' title='bbox 1415 1829 1522 1885; x_wconf 85' lang='lat' dir='ltr'>orbium</span> 
     </span>
     <span class='ocr_line' id='line_1_17' title="bbox 159 1909 1522 1984; baseline -0.002 -16"><span class='ocrx_word' id='word_1_143' title='bbox 159 1913 268 1984; x_wconf 85' lang='lat' dir='ltr'>proprie</span> <span class='ocrx_word' id='word_1_144' title='bbox 289 1913 429 1965; x_wconf 90' lang='lat' dir='ltr'>desumtus</span> <span class='ocrx_word' id='word_1_145' title='bbox 451 1917 551 1963; x_wconf 85' lang='lat' dir='ltr'>estex</span> <span class='ocrx_word' id='word_1_146' title='bbox 574 1911 692 1980; x_wconf 88' lang='lat' dir='ltr'>quinque</span> <span class='ocrx_word' id='word_1_147' title='bbox 714 1911 873 1980; x_wconf 86' lang='lat' dir='ltr'>corporibus</span> <span class='ocrx_word' id='word_1_148' title='bbox 895 1911 976 1963; x_wconf 90' lang='lat' dir='ltr'>solis:</span> <span class='ocrx_word' id='word_1_149' title='bbox 1001 1910 1157 1980; x_wconf 78' lang='lat' dir='ltr'>proportio,</span> <span class='ocrx_word' id='word_1_150' title='bbox 1179 1911 1287 1978; x_wconf 86' lang='lat' dir='ltr'>potiore</span> <span class='ocrx_word' id='word_1_151' title='bbox 1308 1909 1417 1980; x_wconf 89' lang='lat' dir='ltr'>quidem</span> <span class='ocrx_word' id='word_1_152' title='bbox 1439 1917 1522 1979; x_wconf 82' lang='lat' dir='ltr'>parte</span> 
     </span>
     <span class='ocr_line' id='line_1_18' title="bbox 162 1989 1522 2063; baseline -0.002 -17"><span class='ocrx_word' id='word_1_153' title='bbox 162 2011 179 2047; x_wconf 88' lang='lat' dir='ltr'>a</span> <span class='ocrx_word' id='word_1_154' title='bbox 200 1991 358 2063; x_wconf 90' lang='lat' dir='ltr'>corporibus</span> <span class='ocrx_word' id='word_1_155' title='bbox 381 1990 499 2061; x_wconf 89' lang='lat' dir='ltr'>quinque</span> <span class='ocrx_word' id='word_1_156' title='bbox 521 1989 708 2059; x_wconf 80' lang='lat' dir='ltr'>geometricis,</span> <span class='ocrx_word' id='word_1_157' title='bbox 738 1991 784 2041; x_wconf 88' lang='lat' dir='ltr'>sed</span> <span class='ocrx_word' id='word_1_158' title='bbox 807 2004 877 2059; x_wconf 91' lang='lat' dir='ltr'>quae</span> <span class='ocrx_word' id='word_1_159' title='bbox 900 1996 991 2042; x_wconf 81' lang='lat' dir='ltr'>tamen</span> <span class='ocrx_word' id='word_1_160' title='bbox 1013 1990 1085 2042; x_wconf 90' lang='lat' dir='ltr'>circa</span> <span class='ocrx_word' id='word_1_161' title='bbox 1106 1989 1216 2043; x_wconf 90' lang='lat' dir='ltr'>minima</span> <span class='ocrx_word' id='word_1_162' title='bbox 1236 1989 1372 2042; x_wconf 90' lang='lat' dir='ltr'>concessit</span> <span class='ocrx_word' id='word_1_163' title='bbox 1393 1990 1522 2053; x_wconf 76' lang='lat' dir='ltr'>motibus,</span> 
     </span>
     <span class='ocr_line' id='line_1_19' title="bbox 164 2066 1522 2140; baseline -0.002 -15"><span class='ocrx_word' id='word_1_164' title='bbox 164 2080 194 2125; x_wconf 97' lang='grc' dir='ltr'>ιιι</span> <span class='ocrx_word' id='word_1_165' title='bbox 215 2087 317 2124; x_wconf 85' lang='lat' dir='ltr'>causae</span> <span class='ocrx_word' id='word_1_166' title='bbox 338 2066 415 2121; x_wconf 86' lang='lat' dir='ltr'>lluali</span> <span class='ocrx_word' id='word_1_167' title='bbox 437 2069 464 2120; x_wconf 92' lang='lat' dir='ltr'>in</span> <span class='ocrx_word' id='word_1_168' title='bbox 486 2069 573 2120; x_wconf 88' lang='lat' dir='ltr'>ideam</span> <span class='ocrx_word' id='word_1_169' title='bbox 595 2069 685 2136; x_wconf 88' lang='lat' dir='ltr'>operis</span> <span class='ocrx_word' id='word_1_170' title='bbox 706 2075 836 2136; x_wconf 78' lang='lat' dir='ltr'>receptae</span> <span class='ocrx_word' id='word_1_171' title='bbox 856 2068 950 2121; x_wconf 88' lang='lat' dir='ltr'>statim</span> <span class='ocrx_word' id='word_1_172' title='bbox 971 2069 1057 2121; x_wconf 91' lang='lat' dir='ltr'>initio.</span> <span class='ocrx_word' id='word_1_173' title='bbox 1098 2069 1137 2121; x_wconf 87' lang='lat' dir='ltr'>Et</span> <span class='ocrx_word' id='word_1_174' title='bbox 1159 2069 1211 2121; x_wconf 88' lang='lat' dir='ltr'>hoc</span> <span class='ocrx_word' id='word_1_175' title='bbox 1234 2069 1341 2139; x_wconf 86' lang='lat' dir='ltr'>quidem</span> <span class='ocrx_word' id='word_1_176' title='bbox 1361 2068 1522 2140; x_wconf 80' lang='lat' dir='ltr'>intelligen-</span> 
     </span>
     <span class='ocr_line' id='line_1_20' title="bbox 162 2146 1522 2217; baseline -0.002 -13"><span class='ocrx_word' id='word_1_177' title='bbox 162 2155 224 2204; x_wconf 90' lang='lat' dir='ltr'>dum</span> <span class='ocrx_word' id='word_1_178' title='bbox 242 2156 287 2202; x_wconf 89' lang='lat' dir='ltr'>est</span> <span class='ocrx_word' id='word_1_179' title='bbox 301 2151 335 2201; x_wconf 90' lang='lat' dir='ltr'>de</span> <span class='ocrx_word' id='word_1_180' title='bbox 354 2147 473 2200; x_wconf 90' lang='lat' dir='ltr'>motibus</span> <span class='ocrx_word' id='word_1_181' title='bbox 492 2147 624 2217; x_wconf 75' lang='lat' dir='ltr'>cujusque</span> <span class='ocrx_word' id='word_1_182' title='bbox 641 2148 773 2215; x_wconf 84' lang='lat' dir='ltr'>planetae</span> <span class='ocrx_word' id='word_1_183' title='bbox 798 2146 952 2200; x_wconf 91' lang='lat' dir='ltr'>tardissimo</span> <span class='ocrx_word' id='word_1_184' title='bbox 973 2165 1038 2209; x_wconf 89' lang='lat' dir='ltr'>uuo,</span> <span class='ocrx_word' id='word_1_185' title='bbox 1064 2149 1154 2201; x_wconf 88' lang='lat' dir='ltr'>altero</span> <span class='ocrx_word' id='word_1_186' title='bbox 1176 2148 1360 2211; x_wconf 75' lang='lat' dir='ltr'>velocissimo,</span> <span class='ocrx_word' id='word_1_187' title='bbox 1390 2149 1424 2200; x_wconf 85' lang='lat' dir='ltr'>da</span> <span class='ocrx_word' id='word_1_188' title='bbox 1444 2147 1522 2201; x_wconf 80' lang='lat' dir='ltr'>moti·</span> 
     </span>
     <span class='ocr_line' id='line_1_21' title="bbox 163 2226 1523 2296; baseline -0.001 -13"><span class='ocrx_word' id='word_1_189' title='bbox 163 2233 228 2291; x_wconf 83' lang='lat' dir='ltr'>bus,</span> <span class='ocrx_word' id='word_1_190' title='bbox 255 2227 362 2280; x_wconf 89' lang='lat' dir='ltr'>scilicet</span> <span class='ocrx_word' id='word_1_191' title='bbox 385 2243 470 2279; x_wconf 85' lang='lat' dir='ltr'>causa</span> <span class='ocrx_word' id='word_1_192' title='bbox 497 2241 564 2278; x_wconf 90' lang='lat' dir='ltr'>suae</span> <span class='ocrx_word' id='word_1_193' title='bbox 593 2226 772 2295; x_wconf 85' lang='lat' dir='ltr'>proprietatis</span> <span class='ocrx_word' id='word_1_194' title='bbox 796 2226 984 2280; x_wconf 83' lang='lat' dir='ltr'>consideratis.</span> <span class='ocrx_word' id='word_1_195' title='bbox 1026 2229 1119 2281; x_wconf 83' lang='lat' dir='ltr'>Motus</span> <span class='ocrx_word' id='word_1_196' title='bbox 1143 2244 1208 2281; x_wconf 83' lang='lat' dir='ltr'>vero</span> <span class='ocrx_word' id='word_1_197' title='bbox 1232 2227 1375 2296; x_wconf 88' lang='lat' dir='ltr'>periodici,</span> <span class='ocrx_word' id='word_1_198' title='bbox 1405 2227 1460 2280; x_wconf 91' lang='lat' dir='ltr'>boc</span> <span class='ocrx_word' id='word_1_199' title='bbox 1479 2231 1523 2281; x_wconf 78' lang='lat' dir='ltr'>eal</span> 
     </span>
     <span class='ocr_line' id='line_1_22' title="bbox 163 2305 1523 2376; baseline -0.002 -12"><span class='ocrx_word' id='word_1_200' title='bbox 163 2324 289 2364; x_wconf 87' lang='lat' dir='ltr'>numerus</span> <span class='ocrx_word' id='word_1_201' title='bbox 314 2306 447 2359; x_wconf 89' lang='lat' dir='ltr'>dierum&#39;</span> <span class='ocrx_word' id='word_1_202' title='bbox 440 2323 468 2358; x_wconf 91' lang='grc' dir='ltr'>ιιι</span> <span class='ocrx_word' id='word_1_203' title='bbox 493 2305 707 2374; x_wconf 82' lang='lat' dir='ltr'>uniuscujusque</span> <span class='ocrx_word' id='word_1_204' title='bbox 729 2307 862 2376; x_wconf 85' lang='lat' dir='ltr'>planetae</span> <span class='ocrx_word' id='word_1_205' title='bbox 886 2306 1014 2360; x_wconf 89' lang='lat' dir='ltr'>circuitus</span> <span class='ocrx_word' id='word_1_206' title='bbox 1038 2307 1192 2370; x_wconf 81' lang='lat' dir='ltr'>derivatus,</span> <span class='ocrx_word' id='word_1_207' title='bbox 1222 2314 1279 2361; x_wconf 85' lang='lat' dir='ltr'>tam</span> <span class='ocrx_word' id='word_1_208' title='bbox 1303 2324 1321 2360; x_wconf 91' lang='lat' dir='ltr'>a</span> <span class='ocrx_word' id='word_1_209' title='bbox 1343 2306 1523 2376; x_wconf 75' lang='lat' dir='ltr'>proportione</span> 
     </span>
     <span class='ocr_line' id='line_1_23' title="bbox 163 2383 1524 2472; baseline -0.001 -30"><span class='ocrx_word' id='word_1_210' title='bbox 163 2388 276 2450; x_wconf 89' lang='lat' dir='ltr'>orbium,</span> <span class='ocrx_word' id='word_1_211' title='bbox 306 2401 388 2456; x_wconf 82' lang='lat' dir='ltr'>quam</span> <span class='ocrx_word' id='word_1_212' title='bbox 406 2385 442 2437; x_wconf 89' lang='lat' dir='ltr'>ab</span> <span class='ocrx_word' id='word_1_213' title='bbox 461 2384 713 2439; x_wconf 78' lang='lat' dir='ltr'>eccentricitautus</span> <span class='ocrx_word' id='word_1_214' title='bbox 736 2383 819 2455; x_wconf 87' lang='lat' dir='ltr'>(quae</span> <span class='ocrx_word' id='word_1_215' title='bbox 842 2403 878 2437; x_wconf 86' lang='lat' dir='ltr'>ex</span> <span class='ocrx_word' id='word_1_216' title='bbox 898 2387 1053 2439; x_wconf 76' lang='lat' dir='ltr'>Haemoniis</span> <span class='ocrx_word' id='word_1_217' title='bbox 1073 2393 1138 2440; x_wconf 88' lang='lat' dir='ltr'>sunt</span> <span class='ocrx_word' id='word_1_218' title='bbox 1160 2383 1348 2451; x_wconf 77' lang='lat' dir='ltr'>constitutae)</span> <span class='ocrx_word' id='word_1_219' title='bbox 1374 2386 1486 2456; x_wconf 71' lang='lat' dir='ltr'>longina</span> <span class='ocrx_word' id='word_1_220' title='bbox 1504 2400 1524 2472; x_wconf 81' lang='lat'>⁸.</span> 
     </span>
     <span class='ocr_line' id='line_1_24' title="bbox 164 2465 563 2534; baseline -0.013 -13"><span class='ocrx_word' id='word_1_221' title='bbox 164 2468 180 2520; x_wconf 89' lang='grc'>5</span> <span class='ocrx_word' id='word_1_222' title='bbox 201 2465 360 2534; x_wconf 86' lang='lat' dir='ltr'>corporibus</span> <span class='ocrx_word' id='word_1_223' title='bbox 380 2471 563 2518; x_wconf 88' lang='lat' dir='ltr'>secesserunt.</span> 
     </span>
    </p>

    <p class='ocr_par' dir='ltr' id='par_1_6' title="bbox 242 2542 1433 2612">
     <span class='ocr_line' id='line_1_25' title="bbox 242 2542 1433 2612; baseline -0.002 -11"><span class='ocrx_word' id='word_1_224' title='bbox 242 2542 273 2610; x_wconf 88' lang='lat' dir='ltr'>b)</span> <span class='ocrx_word' id='word_1_225' title='bbox 293 2545 388 2601; x_wconf 82' lang='lat' dir='ltr'>Habes</span> <span class='ocrx_word' id='word_1_226' title='bbox 408 2543 484 2597; x_wconf 88' lang='lat' dir='ltr'>illam</span> <span class='ocrx_word' id='word_1_227' title='bbox 504 2542 718 2612; x_wconf 86' lang='lat' dir='ltr'>disputationem</span> <span class='ocrx_word' id='word_1_228' title='bbox 738 2544 934 2599; x_wconf 82' lang='lat' dir='ltr'>cumulatam</span> <span class='ocrx_word' id='word_1_229' title='bbox 926 2562 953 2597; x_wconf 86' lang='lat' dir='ltr'>ru</span> <span class='ocrx_word' id='word_1_230' title='bbox 970 2544 1111 2612; x_wconf 85' lang='lat' dir='ltr'>Epitomes</span> <span class='ocrx_word' id='word_1_231' title='bbox 1131 2544 1325 2599; x_wconf 65' lang='lat' dir='ltr'>astronomiae</span> <span class='ocrx_word' id='word_1_232' title='bbox 1345 2544 1393 2598; x_wconf 85' lang='lat' dir='ltr'>lib.</span> <span class='ocrx_word' id='word_1_233' title='bbox 1412 2545 1433 2599; x_wconf 88' lang='grc' dir='ltr'>Ι</span> 
     </span>
    </p>

    <p class='ocr_par' dir='ltr' id='par_1_7' title="bbox 165 2622 1523 2850">
     <span class='ocr_line' id='line_1_26' title="bbox 244 2622 1523 2694; baseline 0.002 -18"><span class='ocrx_word' id='word_1_234' title='bbox 244 2622 269 2689; x_wconf 92' lang='lat' dir='ltr'>c)</span> <span class='ocrx_word' id='word_1_235' title='bbox 290 2624 400 2676; x_wconf 87' lang='lat' dir='ltr'>Inserta</span> <span class='ocrx_word' id='word_1_236' title='bbox 423 2629 467 2675; x_wconf 88' lang='lat' dir='ltr'>est</span> <span class='ocrx_word' id='word_1_237' title='bbox 489 2623 559 2675; x_wconf 90' lang='lat' dir='ltr'>haec</span> <span class='ocrx_word' id='word_1_238' title='bbox 582 2622 733 2692; x_wconf 86' lang='lat' dir='ltr'>disputatio</span> <span class='ocrx_word' id='word_1_239' title='bbox 747 2622 955 2676; x_wconf 85' lang='lat' dir='ltr'>Commentariis</span> <span class='ocrx_word' id='word_1_240' title='bbox 975 2623 1041 2676; x_wconf 86' lang='lat' dir='ltr'>meis</span> <span class='ocrx_word' id='word_1_241' title='bbox 1065 2626 1098 2677; x_wconf 90' lang='lat' dir='ltr'>de</span> <span class='ocrx_word' id='word_1_242' title='bbox 1120 2632 1194 2676; x_wconf 87' lang='grc' dir='ltr'>ιιιοιιι</span> <span class='ocrx_word' id='word_1_243' title='bbox 1215 2624 1327 2687; x_wconf 84' lang='lat' dir='ltr'>Martis,</span> <span class='ocrx_word' id='word_1_244' title='bbox 1356 2622 1523 2694; x_wconf 73' lang='lat' dir='ltr'>praeseru’m</span> 
     </span>
     <span class='ocr_line' id='line_1_27' title="bbox 165 2701 1522 2774; baseline -0.001 -17"><span class='ocrx_word' id='word_1_245' title='bbox 165 2707 190 2757; x_wconf 92' lang='lat' dir='ltr'>in</span> <span class='ocrx_word' id='word_1_246' title='bbox 208 2702 424 2756; x_wconf 86' lang='lat' dir='ltr'>introductione:</span> <span class='ocrx_word' id='word_1_247' title='bbox 451 2702 588 2770; x_wconf 91' lang='lat' dir='ltr'>reperitur</span> <span class='ocrx_word' id='word_1_248' title='bbox 604 2719 669 2755; x_wconf 87' lang='lat' dir='ltr'>vero</span> <span class='ocrx_word' id='word_1_249' title='bbox 689 2709 818 2755; x_wconf 88' lang='lat' dir='ltr'>accurate</span> <span class='ocrx_word' id='word_1_250' title='bbox 839 2701 908 2755; x_wconf 90' lang='lat' dir='ltr'>libro</span> <span class='ocrx_word' id='word_1_251' title='bbox 927 2704 974 2756; x_wconf 72' lang='grc' dir='ltr'>Ν.</span> <span class='ocrx_word' id='word_1_252' title='bbox 993 2703 1142 2771; x_wconf 81' lang='lat' dir='ltr'>Epitomea.</span> <span class='ocrx_word' id='word_1_253' title='bbox 1176 2709 1350 2774; x_wconf 80' lang='lat' dir='ltr'>Argumenta</span> <span class='ocrx_word' id='word_1_254' title='bbox 1373 2704 1458 2773; x_wconf 88' lang='lat' dir='ltr'>plane</span> <span class='ocrx_word' id='word_1_255' title='bbox 1476 2703 1522 2757; x_wconf 88' lang='lat' dir='ltr'>de·</span> 
     </span>
     <span class='ocr_line' id='line_1_28' title="bbox 165 2780 1289 2850; baseline 0 -14"><span class='ocrx_word' id='word_1_256' title='bbox 165 2782 347 2836; x_wconf 84' lang='lat' dir='ltr'>monstrativa</span> <span class='ocrx_word' id='word_1_257' title='bbox 365 2799 402 2836; x_wconf 85' lang='lat' dir='ltr'>ex</span> <span class='ocrx_word' id='word_1_258' title='bbox 420 2780 590 2850; x_wconf 86' lang='lat' dir='ltr'>penitissima</span> <span class='ocrx_word' id='word_1_259' title='bbox 607 2781 790 2834; x_wconf 82' lang='lat' dir='ltr'>astronomiae</span> <span class='ocrx_word' id='word_1_260' title='bbox 809 2781 1015 2835; x_wconf 88' lang='lat' dir='ltr'>restauratione</span> <span class='ocrx_word' id='word_1_261' title='bbox 1034 2782 1198 2836; x_wconf 85' lang='lat' dir='ltr'>concinnata</span> <span class='ocrx_word' id='word_1_262' title='bbox 1217 2789 1289 2837; x_wconf 90' lang='lat' dir='ltr'>snut.</span> 
     </span>
    </p>

    <p class='ocr_par' dir='ltr' id='par_1_8' title="bbox 165 2860 1523 3171">
     <span class='ocr_line' id='line_1_29' title="bbox 245 2860 1523 2931; baseline 0.003 -18"><span class='ocrx_word' id='word_1_263' title='bbox 245 2860 274 2923; x_wconf 83' lang='lat' dir='ltr'>dl</span> <span class='ocrx_word' id='word_1_264' title='bbox 295 2860 531 2930; x_wconf 80' lang='lat' dir='ltr'>Cosmographiae</span> <span class='ocrx_word' id='word_1_265' title='bbox 549 2860 656 2930; x_wconf 90' lang='lat' dir='ltr'>quidem</span> <span class='ocrx_word' id='word_1_266' title='bbox 673 2861 755 2913; x_wconf 89' lang='lat' dir='ltr'>titulo</span> <span class='ocrx_word' id='word_1_267' title='bbox 775 2861 879 2913; x_wconf 90' lang='lat' dir='ltr'>nullum</span> <span class='ocrx_word' id='word_1_268' title='bbox 898 2879 933 2913; x_wconf 89' lang='lat' dir='ltr'>ex</span> <span class='ocrx_word' id='word_1_269' title='bbox 959 2860 1006 2913; x_wconf 93' lang='lat' dir='ltr'>illo</span> <span class='ocrx_word' id='word_1_270' title='bbox 1027 2870 1149 2931; x_wconf 88' lang='lat' dir='ltr'>tempure</span> <span class='ocrx_word' id='word_1_271' title='bbox 1167 2863 1266 2915; x_wconf 92' lang='lat' dir='ltr'>librum</span> <span class='ocrx_word' id='word_1_272' title='bbox 1285 2863 1369 2916; x_wconf 90' lang='lat' dir='ltr'>edidi:</span> <span class='ocrx_word' id='word_1_273' title='bbox 1400 2869 1432 2915; x_wconf 86' lang='lat' dir='ltr'>at</span> <span class='ocrx_word' id='word_1_274' title='bbox 1451 2862 1523 2917; x_wconf 88' lang='lat' dir='ltr'>simi·</span> 
     </span>
     <span class='ocr_line' id='line_1_30' title="bbox 165 2939 1523 3014; baseline 0.001 -20"><span class='ocrx_word' id='word_1_275' title='bbox 165 2943 251 2995; x_wconf 89' lang='lat' dir='ltr'>litndo</span> <span class='ocrx_word' id='word_1_276' title='bbox 270 2941 326 2993; x_wconf 91' lang='lat' dir='ltr'>ista</span> <span class='ocrx_word' id='word_1_277' title='bbox 343 2941 434 2993; x_wconf 88' lang='lat' dir='ltr'>relata</span> <span class='ocrx_word' id='word_1_278' title='bbox 453 2946 497 2992; x_wconf 89' lang='lat' dir='ltr'>est</span> <span class='ocrx_word' id='word_1_279' title='bbox 515 2955 532 2993; x_wconf 91' lang='lat' dir='ltr'>a</span> <span class='ocrx_word' id='word_1_280' title='bbox 553 2957 595 2993; x_wconf 87' lang='lat' dir='ltr'>me</span> <span class='ocrx_word' id='word_1_281' title='bbox 619 2940 645 2992; x_wconf 91' lang='lat' dir='ltr'>in</span> <span class='ocrx_word' id='word_1_282' title='bbox 664 2939 805 3008; x_wconf 82' lang='lat' dir='ltr'>Epitomes</span> <span class='ocrx_word' id='word_1_283' title='bbox 827 2940 873 2993; x_wconf 93' lang='lat' dir='ltr'>lib.</span> <span class='ocrx_word' id='word_1_284' title='bbox 894 2942 917 3001; x_wconf 89' lang='lat' dir='ltr'>l,</span> <span class='ocrx_word' id='word_1_285' title='bbox 944 2940 991 2993; x_wconf 92' lang='lat' dir='ltr'>nbi</span> <span class='ocrx_word' id='word_1_286' title='bbox 1015 2943 1048 2993; x_wconf 88' lang='lat' dir='ltr'>de</span> <span class='ocrx_word' id='word_1_287' title='bbox 1070 2942 1160 2994; x_wconf 90' lang='lat' dir='ltr'>mnudi</span> <span class='ocrx_word' id='word_1_288' title='bbox 1183 2942 1275 3012; x_wconf 83' lang='lat' dir='ltr'>figura</span> <span class='ocrx_word' id='word_1_289' title='bbox 1291 2943 1412 3003; x_wconf 85' lang='lat' dir='ltr'>extima,</span> <span class='ocrx_word' id='word_1_290' title='bbox 1441 2942 1523 3014; x_wconf 85' lang='lat' dir='ltr'>inque</span> 
     </span>
     <span class='ocr_line' id='line_1_31' title="bbox 165 3019 1523 3091; baseline 0.001 -17"><span class='ocrx_word' id='word_1_291' title='bbox 165 3022 263 3074; x_wconf 91' lang='lat' dir='ltr'>librum</span> <span class='ocrx_word' id='word_1_292' title='bbox 284 3021 330 3073; x_wconf 84' lang='lat' dir='ltr'>IV.</span> <span class='ocrx_word' id='word_1_293' title='bbox 352 3019 485 3087; x_wconf 86' lang='lat' dir='ltr'>ejusdem,</span> <span class='ocrx_word' id='word_1_294' title='bbox 511 3020 557 3072; x_wconf 93' lang='lat' dir='ltr'>ubi</span> <span class='ocrx_word' id='word_1_295' title='bbox 577 3021 610 3071; x_wconf 90' lang='lat' dir='ltr'>de</span> <span class='ocrx_word' id='word_1_296' title='bbox 629 3020 716 3072; x_wconf 87' lang='lat' dir='ltr'>tribus</span> <span class='ocrx_word' id='word_1_297' title='bbox 730 3019 866 3088; x_wconf 87' lang='lat' dir='ltr'>primariis</span> <span class='ocrx_word' id='word_1_298' title='bbox 890 3021 980 3072; x_wconf 90' lang='lat' dir='ltr'>mundi</span> <span class='ocrx_word' id='word_1_299' title='bbox 998 3021 1125 3074; x_wconf 88' lang='lat' dir='ltr'>membris</span> <span class='ocrx_word' id='word_1_300' title='bbox 1143 3021 1261 3091; x_wconf 90' lang='lat' dir='ltr'>disputo.</span> <span class='ocrx_word' id='word_1_301' title='bbox 1304 3023 1362 3075; x_wconf 90' lang='lat' dir='ltr'>Nec</span> <span class='ocrx_word' id='word_1_302' title='bbox 1382 3037 1432 3090; x_wconf 90' lang='lat' dir='ltr'>pro</span> <span class='ocrx_word' id='word_1_303' title='bbox 1451 3021 1523 3075; x_wconf 88' lang='lat' dir='ltr'>rimi·</span> 
     </span>
     <span class='ocr_line' id='line_1_32' title="bbox 165 3098 1521 3171; baseline 0 -16"><span class='ocrx_word' id='word_1_304' title='bbox 165 3101 279 3155; x_wconf 85' lang='lat' dir='ltr'>litudinc</span> <span class='ocrx_word' id='word_1_305' title='bbox 289 3099 364 3152; x_wconf 87' lang='lat' dir='ltr'>inani</span> <span class='ocrx_word' id='word_1_306' title='bbox 375 3098 566 3161; x_wconf 84' lang='lat' dir='ltr'>esthabenda,</span> <span class='ocrx_word' id='word_1_307' title='bbox 586 3100 633 3151; x_wconf 91' lang='lat' dir='ltr'>sed</span> <span class='ocrx_word' id='word_1_308' title='bbox 645 3098 716 3151; x_wconf 88' lang='lat' dir='ltr'>inter</span> <span class='ocrx_word' id='word_1_309' title='bbox 725 3114 824 3151; x_wconf 87' lang='lat' dir='ltr'>causas</span> <span class='ocrx_word' id='word_1_310' title='bbox 838 3102 1017 3163; x_wconf 88' lang='lat' dir='ltr'>accensenda,</span> <span class='ocrx_word' id='word_1_311' title='bbox 1038 3108 1070 3153; x_wconf 90' lang='lat' dir='ltr'>ut</span> <span class='ocrx_word' id='word_1_312' title='bbox 1084 3100 1174 3154; x_wconf 90' lang='lat' dir='ltr'>mnndi</span> <span class='ocrx_word' id='word_1_313' title='bbox 1190 3102 1278 3154; x_wconf 86' lang='lat' dir='ltr'>forma</span> <span class='ocrx_word' id='word_1_314' title='bbox 1293 3108 1322 3154; x_wconf 89' lang='lat' dir='ltr'>et</span> <span class='ocrx_word' id='word_1_315' title='bbox 1339 3103 1521 3171; x_wconf 77' lang='lat' dir='ltr'>archetypus.</span> 
     </span>
    </p>

    <p class='ocr_par' dir='ltr' id='par_1_9' title="bbox 165 3175 1523 3409">
     <span class='ocr_line' id='line_1_33' title="bbox 244 3175 1523 3250; baseline 0.002 -19"><span class='ocrx_word' id='word_1_316' title='bbox 244 3177 272 3243; x_wconf 88' lang='lat' dir='ltr'>e)</span> <span class='ocrx_word' id='word_1_317' title='bbox 290 3180 352 3235; x_wconf 83' lang='lat' dir='ltr'>Nou</span> <span class='ocrx_word' id='word_1_318' title='bbox 373 3178 418 3250; x_wconf 91' lang='lat' dir='ltr'>qui</span> <span class='ocrx_word' id='word_1_319' title='bbox 442 3178 515 3232; x_wconf 85' lang='lat' dir='ltr'>circa</span> <span class='ocrx_word' id='word_1_320' title='bbox 535 3179 632 3231; x_wconf 82' lang='lat' dir='ltr'>Jovem</span> <span class='ocrx_word' id='word_1_321' title='bbox 655 3185 789 3239; x_wconf 87' lang='lat' dir='ltr'>curreret,</span> <span class='ocrx_word' id='word_1_322' title='bbox 817 3185 848 3231; x_wconf 91' lang='lat' dir='ltr'>ut</span> <span class='ocrx_word' id='word_1_323' title='bbox 866 3179 957 3232; x_wconf 81' lang='lat' dir='ltr'>sidera</span> <span class='ocrx_word' id='word_1_324' title='bbox 981 3179 1101 3233; x_wconf 85' lang='lat' dir='ltr'>Galilaei</span> <span class='ocrx_word' id='word_1_325' title='bbox 1123 3181 1263 3243; x_wconf 84' lang='lat' dir='ltr'>Madioea;</span> <span class='ocrx_word' id='word_1_326' title='bbox 1280 3175 1315 3245; x_wconf 81' lang='lat'>³⁰)</span> <span class='ocrx_word' id='word_1_327' title='bbox 1344 3198 1379 3233; x_wconf 87' lang='lat' dir='ltr'>ne</span> <span class='ocrx_word' id='word_1_328' title='bbox 1403 3181 1523 3241; x_wconf 77' lang='lat' dir='ltr'>fallaris,</span> 
     </span>
     <span class='ocr_line' id='line_1_34' title="bbox 165 3256 1522 3331; baseline 0 -18"><span class='ocrx_word' id='word_1_329' title='bbox 165 3275 304 3329; x_wconf 89' lang='lat' dir='ltr'>nunqnam</span> <span class='ocrx_word' id='word_1_330' title='bbox 326 3258 360 3311; x_wconf 85' lang='lat' dir='ltr'>de</span> <span class='ocrx_word' id='word_1_331' title='bbox 379 3258 412 3311; x_wconf 89' lang='lat' dir='ltr'>iia</span> <span class='ocrx_word' id='word_1_332' title='bbox 431 3256 568 3327; x_wconf 69' lang='lat' dir='ltr'>cogitarir</span> <span class='ocrx_word' id='word_1_333' title='bbox 593 3259 641 3311; x_wconf 91' lang='lat' dir='ltr'>sed</span> <span class='ocrx_word' id='word_1_334' title='bbox 660 3257 705 3326; x_wconf 90' lang='lat' dir='ltr'>qui</span> <span class='ocrx_word' id='word_1_335' title='bbox 726 3264 758 3310; x_wconf 85' lang='grc' dir='ltr'>ιιι</span> <span class='ocrx_word' id='word_1_336' title='bbox 775 3256 827 3326; x_wconf 90' lang='lat' dir='ltr'>ipsi</span> <span class='ocrx_word' id='word_1_337' title='bbox 847 3258 969 3327; x_wconf 88' lang='lat' dir='ltr'>primarii</span> <span class='ocrx_word' id='word_1_338' title='bbox 987 3261 1132 3328; x_wconf 84' lang='lat' dir='ltr'>planetae,</span> <span class='ocrx_word' id='word_1_339' title='bbox 1156 3260 1247 3314; x_wconf 89' lang='lat' dir='ltr'>Solem</span> <span class='ocrx_word' id='word_1_340' title='bbox 1271 3261 1298 3314; x_wconf 88' lang='lat' dir='ltr'>in</span> <span class='ocrx_word' id='word_1_341' title='bbox 1317 3268 1413 3315; x_wconf 88' lang='lat' dir='ltr'>centro</span> <span class='ocrx_word' id='word_1_342' title='bbox 1432 3266 1522 3331; x_wconf 75' lang='lat' dir='ltr'>spate-</span> 
     </span>
     <span class='ocr_line' id='line_1_35' title="bbox 165 3336 755 3409; baseline -0.007 -16"><span class='ocrx_word' id='word_1_343' title='bbox 165 3339 246 3393; x_wconf 84' lang='lat' dir='ltr'>matis</span> <span class='ocrx_word' id='word_1_344' title='bbox 264 3338 383 3409; x_wconf 91' lang='lat' dir='ltr'>positnm</span> <span class='ocrx_word' id='word_1_345' title='bbox 400 3337 535 3390; x_wconf 90' lang='lat' dir='ltr'>curriculo</span> <span class='ocrx_word' id='word_1_346' title='bbox 551 3352 601 3390; x_wconf 88' lang='lat' dir='ltr'>ano</span> <span class='ocrx_word' id='word_1_347' title='bbox 622 3336 755 3406; x_wconf 86' lang='lat' dir='ltr'>cingeret.</span> 
     </span>
    </p>

    <p class='ocr_par' dir='ltr' id='par_1_10' title="bbox 165 3414 1525 3567">
     <span class='ocr_line' id='line_1_36' title="bbox 244 3414 1525 3488; baseline 0.003 -17"><span class='ocrx_word' id='word_1_348' title='bbox 244 3414 270 3486; x_wconf 80' lang='lat' dir='ltr'>s)</span> <span class='ocrx_word' id='word_1_349' title='bbox 288 3418 331 3471; x_wconf 88' lang='lat' dir='ltr'>En</span> <span class='ocrx_word' id='word_1_350' title='bbox 344 3416 405 3485; x_wconf 89' lang='lat' dir='ltr'>jam</span> <span class='ocrx_word' id='word_1_351' title='bbox 415 3425 480 3469; x_wconf 88' lang='lat' dir='ltr'>tunc</span> <span class='ocrx_word' id='word_1_352' title='bbox 494 3415 613 3484; x_wconf 85' lang='lat' dir='ltr'>rejectos</span> <span class='ocrx_word' id='word_1_353' title='bbox 630 3433 648 3469; x_wconf 90' lang='lat' dir='ltr'>a</span> <span class='ocrx_word' id='word_1_354' title='bbox 661 3433 704 3469; x_wconf 89' lang='lat' dir='ltr'>me</span> <span class='ocrx_word' id='word_1_355' title='bbox 718 3433 843 3469; x_wconf 90' lang='lat' dir='ltr'>numeros</span> <span class='ocrx_word' id='word_1_356' title='bbox 859 3426 1043 3481; x_wconf 88' lang='lat' dir='ltr'>numerantes,</span> <span class='ocrx_word' id='word_1_357' title='bbox 1062 3425 1095 3472; x_wconf 90' lang='lat' dir='ltr'>ut</span> <span class='ocrx_word' id='word_1_358' title='bbox 1108 3420 1264 3488; x_wconf 85' lang='lat' dir='ltr'>appellant.</span> <span class='ocrx_word' id='word_1_359' title='bbox 1305 3420 1425 3475; x_wconf 81' lang='lat' dir='ltr'>Eosdem</span> <span class='ocrx_word' id='word_1_360' title='bbox 1439 3418 1525 3475; x_wconf 73' lang='lat' dir='ltr'>etium</span> 
     </span>
     <span class='ocr_line' id='line_1_37' title="bbox 165 3488 1300 3567; baseline 0.002 -16"><span class='ocrx_word' id='word_1_361' title='bbox 165 3488 286 3567; x_wconf 84' lang='lat' dir='ltr'>abjicere</span> <span class='ocrx_word' id='word_1_362' title='bbox 306 3512 324 3549; x_wconf 89' lang='lat' dir='ltr'>a</span> <span class='ocrx_word' id='word_1_363' title='bbox 342 3495 525 3549; x_wconf 83' lang='lat' dir='ltr'>fundamentis</span> <span class='ocrx_word' id='word_1_364' title='bbox 544 3494 708 3548; x_wconf 89' lang='lat' dir='ltr'>harmonicis</span> <span class='ocrx_word' id='word_1_365' title='bbox 728 3495 801 3548; x_wconf 89' lang='lat' dir='ltr'>inter</span> <span class='ocrx_word' id='word_1_366' title='bbox 818 3496 970 3566; x_wconf 89' lang='lat' dir='ltr'>praecipua</span> <span class='ocrx_word' id='word_1_367' title='bbox 988 3498 1074 3551; x_wconf 91' lang='lat' dir='ltr'>habui</span> <span class='ocrx_word' id='word_1_368' title='bbox 1094 3498 1121 3551; x_wconf 93' lang='lat' dir='ltr'>in</span> <span class='ocrx_word' id='word_1_369' title='bbox 1140 3499 1188 3552; x_wconf 94' lang='lat' dir='ltr'>illo</span> <span class='ocrx_word' id='word_1_370' title='bbox 1208 3516 1300 3567; x_wconf 86' lang='lat' dir='ltr'>opere.</span> 
     </span>
    </p>

    <p class='ocr_par' dir='ltr' id='par_1_11' title="bbox 107 3572 1525 4763">
     <span class='ocr_line' id='line_1_38' title="bbox 244 3572 1524 3648; baseline 0.003 -18"><span class='ocrx_word' id='word_1_371' title='bbox 244 3572 279 3648; x_wconf 82' lang='lat' dir='ltr'>g)</span> <span class='ocrx_word' id='word_1_372' title='bbox 298 3575 428 3630; x_wconf 62' lang='lat' dir='ltr'>&amp;narius</span> <span class='ocrx_word' id='word_1_373' title='bbox 447 3580 540 3629; x_wconf 88' lang='lat' dir='ltr'>tamen</span> <span class='ocrx_word' id='word_1_374' title='bbox 558 3575 647 3628; x_wconf 89' lang='lat' dir='ltr'>habet</span> <span class='ocrx_word' id='word_1_375' title='bbox 669 3574 770 3645; x_wconf 90' lang='lat' dir='ltr'>aliquid</span> <span class='ocrx_word' id='word_1_376' title='bbox 791 3576 962 3629; x_wconf 84' lang='lat' dir='ltr'>abstractum</span> <span class='ocrx_word' id='word_1_377' title='bbox 982 3593 1000 3630; x_wconf 90' lang='lat' dir='ltr'>a</span> <span class='ocrx_word' id='word_1_378' title='bbox 1021 3578 1170 3639; x_wconf 88' lang='lat' dir='ltr'>creaturis,</span> <span class='ocrx_word' id='word_1_379' title='bbox 1199 3580 1270 3648; x_wconf 90' lang='lat' dir='ltr'>quod</span> <span class='ocrx_word' id='word_1_380' title='bbox 1290 3579 1397 3632; x_wconf 86' lang='lat' dir='ltr'>scilicet</span> <span class='ocrx_word' id='word_1_381' title='bbox 1420 3578 1524 3648; x_wconf 84' lang='lat' dir='ltr'>prinus</span> 
     </span>
     <span class='ocr_line' id='line_1_39' title="bbox 165 3654 1524 3728; baseline -0.001 -18"><span class='ocrx_word' id='word_1_382' title='bbox 165 3664 209 3710; x_wconf 87' lang='lat' dir='ltr'>sat</span> <span class='ocrx_word' id='word_1_383' title='bbox 227 3656 301 3709; x_wconf 87' lang='lat' dir='ltr'>inter</span> <span class='ocrx_word' id='word_1_384' title='bbox 318 3654 472 3726; x_wconf 79' lang='lat' dir='ltr'>perlectos:</span> <span class='ocrx_word' id='word_1_385' title='bbox 500 3654 653 3724; x_wconf 77' lang='lat' dir='ltr'>perlectum</span> <span class='ocrx_word' id='word_1_386' title='bbox 673 3661 766 3707; x_wconf 90' lang='lat' dir='ltr'>antem</span> <span class='ocrx_word' id='word_1_387' title='bbox 786 3655 812 3706; x_wconf 95' lang='lat' dir='ltr'>id</span> <span class='ocrx_word' id='word_1_388' title='bbox 830 3654 962 3718; x_wconf 89' lang='lat' dir='ltr'>babetur,</span> <span class='ocrx_word' id='word_1_389' title='bbox 993 3656 1015 3710; x_wconf 88' lang='lat' dir='ltr'>si</span> <span class='ocrx_word' id='word_1_390' title='bbox 1036 3663 1079 3710; x_wconf 90' lang='lat' dir='ltr'>tot</span> <span class='ocrx_word' id='word_1_391' title='bbox 1101 3666 1166 3711; x_wconf 89' lang='lat' dir='ltr'>sunt</span> <span class='ocrx_word' id='word_1_392' title='bbox 1191 3658 1364 3728; x_wconf 88' lang='lat' dir='ltr'>inpartibus</span> <span class='ocrx_word' id='word_1_393' title='bbox 1393 3656 1524 3728; x_wconf 86' lang='lat' dir='ltr'>aliquotir</span> 
     </span>
     <span class='ocr_line' id='line_1_40' title="bbox 168 3733 1524 3809; baseline 0.001 -20"><span class='ocrx_word' id='word_1_394' title='bbox 168 3735 298 3799; x_wconf 88' lang='lat' dir='ltr'>unitates,</span> <span class='ocrx_word' id='word_1_395' title='bbox 317 3740 385 3805; x_wconf 88' lang='lat' dir='ltr'>quot</span> <span class='ocrx_word' id='word_1_396' title='bbox 403 3735 431 3787; x_wconf 92' lang='lat' dir='ltr'>in</span> <span class='ocrx_word' id='word_1_397' title='bbox 450 3740 519 3787; x_wconf 92' lang='lat' dir='ltr'>toto.</span> <span class='ocrx_word' id='word_1_398' title='bbox 560 3738 605 3788; x_wconf 83' lang='lat' dir='ltr'>An</span> <span class='ocrx_word' id='word_1_399' title='bbox 624 3734 695 3787; x_wconf 91' lang='lat' dir='ltr'>haec</span> <span class='ocrx_word' id='word_1_400' title='bbox 714 3733 800 3804; x_wconf 81' lang='lat' dir='ltr'>igitur</span> <span class='ocrx_word' id='word_1_401' title='bbox 819 3735 975 3803; x_wconf 87' lang='lat' dir='ltr'>proprietas</span> <span class='ocrx_word' id='word_1_402' title='bbox 994 3737 1122 3790; x_wconf 89' lang='lat' dir='ltr'>conciliet</span> <span class='ocrx_word' id='word_1_403' title='bbox 1136 3754 1247 3791; x_wconf 91' lang='lat' dir='ltr'>numero</span> <span class='ocrx_word' id='word_1_404' title='bbox 1262 3737 1416 3791; x_wconf 89' lang='lat' dir='ltr'>numeranti</span> <span class='ocrx_word' id='word_1_405' title='bbox 1435 3737 1524 3809; x_wconf 86' lang='lat' dir='ltr'>digni·</span> 
     </span>
     <span class='ocr_line' id='line_1_41' title="bbox 165 3814 1524 3887; baseline 0 -17"><span class='ocrx_word' id='word_1_406' title='bbox 165 3823 251 3870; x_wconf 81' lang='lat' dir='ltr'>tatem</span> <span class='ocrx_word' id='word_1_407' title='bbox 271 3816 412 3885; x_wconf 82' lang='lat' dir='ltr'>aliquam?</span> <span class='ocrx_word' id='word_1_408' title='bbox 454 3814 648 3868; x_wconf 87' lang='lat' dir='ltr'>Consideretnr</span> <span class='ocrx_word' id='word_1_409' title='bbox 666 3821 696 3866; x_wconf 90' lang='lat' dir='ltr'>et</span> <span class='ocrx_word' id='word_1_410' title='bbox 714 3815 804 3883; x_wconf 92' lang='lat' dir='ltr'>qualis</span> <span class='ocrx_word' id='word_1_411' title='bbox 824 3816 894 3868; x_wconf 86' lang='lat' dir='ltr'>haec</span> <span class='ocrx_word' id='word_1_412' title='bbox 912 3816 949 3868; x_wconf 91' lang='lat' dir='ltr'>sit</span> <span class='ocrx_word' id='word_1_413' title='bbox 968 3816 1098 3887; x_wconf 85' lang='lat' dir='ltr'>dignitas,</span> <span class='ocrx_word' id='word_1_414' title='bbox 1118 3824 1148 3870; x_wconf 92' lang='lat' dir='ltr'>et</span> <span class='ocrx_word' id='word_1_415' title='bbox 1162 3820 1295 3887; x_wconf 89' lang='lat' dir='ltr'>quomodo</span> <span class='ocrx_word' id='word_1_416' title='bbox 1315 3824 1457 3887; x_wconf 85' lang='lat' dir='ltr'>competat</span> <span class='ocrx_word' id='word_1_417' title='bbox 1475 3834 1524 3870; x_wconf 91' lang='lat' dir='ltr'>nu·</span> 
     </span>
     <span class='ocr_line' id='line_1_42' title="bbox 164 3893 1524 3967; baseline -0.001 -17"><span class='ocrx_word' id='word_1_418' title='bbox 164 3913 248 3950; x_wconf 89' lang='lat' dir='ltr'>mero.</span> <span class='ocrx_word' id='word_1_419' title='bbox 289 3896 409 3949; x_wconf 90' lang='lat' dir='ltr'>Primum</span> <span class='ocrx_word' id='word_1_420' title='bbox 436 3893 509 3946; x_wconf 89' lang='lat' dir='ltr'>haec</span> <span class='ocrx_word' id='word_1_421' title='bbox 534 3893 655 3964; x_wconf 83' lang='lat' dir='ltr'>dignit-as</span> <span class='ocrx_word' id='word_1_422' title='bbox 680 3893 788 3947; x_wconf 84' lang='lat' dir='ltr'>ridetur</span> <span class='ocrx_word' id='word_1_423' title='bbox 815 3911 875 3947; x_wconf 88' lang='lat' dir='ltr'>esse</span> <span class='ocrx_word' id='word_1_424' title='bbox 900 3896 987 3950; x_wconf 89' lang='lat' dir='ltr'>nulla.</span> <span class='ocrx_word' id='word_1_425' title='bbox 1029 3897 1098 3949; x_wconf 91' lang='lat' dir='ltr'>Nam</span> <span class='ocrx_word' id='word_1_426' title='bbox 1127 3897 1149 3949; x_wconf 93' lang='lat' dir='ltr'>si</span> <span class='ocrx_word' id='word_1_427' title='bbox 1178 3898 1300 3967; x_wconf 84' lang='lat' dir='ltr'>dignitas</span> <span class='ocrx_word' id='word_1_428' title='bbox 1320 3905 1396 3951; x_wconf 85' lang='lat' dir='ltr'>esset</span> <span class='ocrx_word' id='word_1_429' title='bbox 1420 3898 1524 3967; x_wconf 86' lang='lat' dir='ltr'>aliqua,</span> 
     </span>
     <span class='ocr_line' id='line_1_43' title="bbox 107 3972 1523 4046; baseline -0.001 -16"><span class='ocrx_word' id='word_1_430' title='bbox 107 4025 114 4037; x_wconf 83' lang='grc'>,</span> <span class='ocrx_word' id='word_1_431' title='bbox 163 3976 273 4031; x_wconf 81' lang='lat' dir='ltr'>ridetur</span> <span class='ocrx_word' id='word_1_432' title='bbox 291 3974 450 4029; x_wconf 87' lang='lat' dir='ltr'>harmonica</span> <span class='ocrx_word' id='word_1_433' title='bbox 468 3973 615 4043; x_wconf 87' lang='lat' dir='ltr'>disciplina</span> <span class='ocrx_word' id='word_1_434' title='bbox 627 3972 811 4027; x_wconf 84' lang='lat' dir='ltr'>testimonium</span> <span class='ocrx_word' id='word_1_435' title='bbox 828 3975 990 4043; x_wconf 88' lang='lat' dir='ltr'>praebitura</span> <span class='ocrx_word' id='word_1_436' title='bbox 1009 3975 1092 4028; x_wconf 83' lang='lat' dir='ltr'>luisse</span> <span class='ocrx_word' id='word_1_437' title='bbox 1110 3976 1233 4031; x_wconf 86' lang='lat' dir='ltr'>omuibus</span> <span class='ocrx_word' id='word_1_438' title='bbox 1247 3977 1367 4031; x_wconf 88' lang='lat' dir='ltr'>numeris</span> <span class='ocrx_word' id='word_1_439' title='bbox 1382 3977 1523 4046; x_wconf 79' lang='lat' dir='ltr'>perfectis.</span> 
     </span>
     <span class='ocr_line' id='line_1_44' title="bbox 164 4052 1524 4125; baseline 0.001 -16"><span class='ocrx_word' id='word_1_440' title='bbox 164 4060 204 4109; x_wconf 81' lang='lat' dir='ltr'>At</span> <span class='ocrx_word' id='word_1_441' title='bbox 221 4055 274 4109; x_wconf 90' lang='lat' dir='ltr'>illa</span> <span class='ocrx_word' id='word_1_442' title='bbox 290 4054 395 4109; x_wconf 90' lang='lat' dir='ltr'>nullum</span> <span class='ocrx_word' id='word_1_443' title='bbox 414 4052 514 4123; x_wconf 88' lang='lat' dir='ltr'>recipit</span> <span class='ocrx_word' id='word_1_444' title='bbox 530 4059 643 4122; x_wconf 85' lang='lat' dir='ltr'>praeter</span> <span class='ocrx_word' id='word_1_445' title='bbox 661 4052 808 4107; x_wconf 72' lang='lat' dir='ltr'>sensnum.</span> <span class='ocrx_word' id='word_1_446' title='bbox 850 4053 959 4122; x_wconf 84' lang='lat' dir='ltr'>Reliqui</span> <span class='ocrx_word' id='word_1_447' title='bbox 978 4054 1049 4108; x_wconf 87' lang='lat' dir='ltr'>enim</span> <span class='ocrx_word' id='word_1_448' title='bbox 1068 4056 1185 4123; x_wconf 83' lang='lat' dir='ltr'>perfecti</span> <span class='ocrx_word' id='word_1_449' title='bbox 1203 4064 1269 4111; x_wconf 82' lang='lat' dir='ltr'>runt</span> <span class='ocrx_word' id='word_1_450' title='bbox 1287 4057 1435 4125; x_wconf 88' lang='lat' dir='ltr'>primorum</span> <span class='ocrx_word' id='word_1_451' title='bbox 1455 4056 1524 4111; x_wconf 88' lang='lat' dir='ltr'>mul·</span> 
     </span>
     <span class='ocr_line' id='line_1_45' title="bbox 165 4131 1524 4204; baseline 0.002 -17"><span class='ocrx_word' id='word_1_452' title='bbox 165 4135 290 4203; x_wconf 89' lang='lat' dir='ltr'>tiplices,</span> <span class='ocrx_word' id='word_1_453' title='bbox 319 4140 351 4187; x_wconf 91' lang='lat' dir='ltr'>ut</span> <span class='ocrx_word' id='word_1_454' title='bbox 379 4139 460 4201; x_wconf 86' lang='lat' dir='ltr'>patet·</span> <span class='ocrx_word' id='word_1_455' title='bbox 485 4150 522 4187; x_wconf 85' lang='lat' dir='ltr'>ex</span> <span class='ocrx_word' id='word_1_456' title='bbox 547 4131 669 4187; x_wconf 86' lang='lat' dir='ltr'>Enclidia</span> <span class='ocrx_word' id='word_1_457' title='bbox 697 4132 768 4185; x_wconf 89' lang='lat' dir='ltr'>libro</span> <span class='ocrx_word' id='word_1_458' title='bbox 788 4132 837 4185; x_wconf 84' lang='lat' dir='ltr'>IX.</span> <span class='ocrx_word' id='word_1_459' title='bbox 864 4150 942 4203; x_wconf 90' lang='lat' dir='ltr'>prop.</span> <span class='ocrx_word' id='word_1_460' title='bbox 973 4135 1078 4187; x_wconf 85' lang='lat' dir='ltr'>ultima.</span> <span class='ocrx_word' id='word_1_461' title='bbox 1122 4135 1212 4196; x_wconf 84' lang='lat' dir='ltr'>Quare</span> <span class='ocrx_word' id='word_1_462' title='bbox 1239 4138 1300 4204; x_wconf 91' lang='lat' dir='ltr'>(per</span> <span class='ocrx_word' id='word_1_463' title='bbox 1320 4140 1378 4191; x_wconf 84' lang='lat' dir='ltr'>Ax.</span> <span class='ocrx_word' id='word_1_464' title='bbox 1403 4136 1431 4191; x_wconf 83' lang='lat'>3.</span> <span class='ocrx_word' id='word_1_465' title='bbox 1461 4135 1524 4190; x_wconf 88' lang='lat' dir='ltr'>libri</span> 
     </span>
     <span class='ocr_line' id='line_1_46' title="bbox 165 4210 1524 4285; baseline 0.003 -18"><span class='ocrx_word' id='word_1_466' title='bbox 165 4213 217 4268; x_wconf 89' lang='lat' dir='ltr'>mei</span> <span class='ocrx_word' id='word_1_467' title='bbox 241 4212 288 4265; x_wconf 93' lang='lat' dir='ltr'>lll.</span> <span class='ocrx_word' id='word_1_468' title='bbox 313 4211 509 4274; x_wconf 88' lang='lat' dir='ltr'>Harmonices,</span> <span class='ocrx_word' id='word_1_469' title='bbox 542 4219 572 4265; x_wconf 90' lang='lat' dir='ltr'>et</span> <span class='ocrx_word' id='word_1_470' title='bbox 598 4227 650 4280; x_wconf 88' lang='lat' dir='ltr'>per</span> <span class='ocrx_word' id='word_1_471' title='bbox 672 4211 755 4281; x_wconf 91' lang='lat' dir='ltr'>Prop.</span> <span class='ocrx_word' id='word_1_472' title='bbox 782 4210 808 4264; x_wconf 89' lang='lat'>8.</span> <span class='ocrx_word' id='word_1_473' title='bbox 829 4212 891 4265; x_wconf 93' lang='lat' dir='ltr'>libri</span> <span class='ocrx_word' id='word_1_474' title='bbox 920 4214 979 4276; x_wconf 70' lang='lat' dir='ltr'>tv,</span> <span class='ocrx_word' id='word_1_475' title='bbox 1014 4229 1085 4283; x_wconf 85' lang='lat' dir='ltr'>qnae</span> <span class='ocrx_word' id='word_1_476' title='bbox 1117 4215 1241 4269; x_wconf 91' lang='lat' dir='ltr'>nituntur</span> <span class='ocrx_word' id='word_1_477' title='bbox 1270 4233 1369 4285; x_wconf 91' lang='lat' dir='ltr'>propp.</span> <span class='ocrx_word' id='word_1_478' title='bbox 1395 4216 1444 4270; x_wconf 82' lang='lat'>45.</span> <span class='ocrx_word' id='word_1_479' title='bbox 1473 4217 1524 4272; x_wconf 76' lang='lat'>46.</span> 
     </span>
     <span class='ocr_line' id='line_1_47' title="bbox 165 4284 1524 4360; baseline 0.004 -16"><span class='ocrx_word' id='word_1_480' title='bbox 165 4291 213 4344; x_wconf 76' lang='lat'>47.</span> <span class='ocrx_word' id='word_1_481' title='bbox 241 4290 303 4343; x_wconf 90' lang='lat' dir='ltr'>libri</span> <span class='ocrx_word' id='word_1_482' title='bbox 331 4284 368 4357; x_wconf 88' lang='lat'>1.)</span> <span class='ocrx_word' id='word_1_483' title='bbox 392 4307 483 4343; x_wconf 87' lang='lat' dir='ltr'>omnes</span> <span class='ocrx_word' id='word_1_484' title='bbox 510 4291 627 4360; x_wconf 78' lang='lat' dir='ltr'>perfecti</span> <span class='ocrx_word' id='word_1_485' title='bbox 650 4290 689 4343; x_wconf 88' lang='lat' dir='ltr'>sic</span> <span class='ocrx_word' id='word_1_486' title='bbox 711 4290 775 4344; x_wconf 90' lang='lat' dir='ltr'>dicti</span> <span class='ocrx_word' id='word_1_487' title='bbox 804 4292 906 4345; x_wconf 89' lang='lat' dir='ltr'>numeri</span> <span class='ocrx_word' id='word_1_488' title='bbox 936 4301 1050 4360; x_wconf 88' lang='lat' dir='ltr'>praeter</span> <span class='ocrx_word' id='word_1_489' title='bbox 1071 4295 1207 4348; x_wconf 87' lang='lat' dir='ltr'>senarium</span> <span class='ocrx_word' id='word_1_490' title='bbox 1235 4296 1354 4348; x_wconf 85' lang='lat' dir='ltr'>exulant</span> <span class='ocrx_word' id='word_1_491' title='bbox 1383 4312 1401 4349; x_wconf 90' lang='lat' dir='ltr'>a</span> <span class='ocrx_word' id='word_1_492' title='bbox 1431 4296 1524 4350; x_wconf 86' lang='lat' dir='ltr'>termi-</span> 
     </span>
     <span class='ocr_line' id='line_1_48' title="bbox 166 4368 1524 4445; baseline 0.005 -24"><span class='ocrx_word' id='word_1_493' title='bbox 166 4370 207 4422; x_wconf 91' lang='lat' dir='ltr'>nis</span> <span class='ocrx_word' id='word_1_494' title='bbox 227 4368 435 4422; x_wconf 86' lang='lat' dir='ltr'>concordantias</span> <span class='ocrx_word' id='word_1_495' title='bbox 456 4370 702 4431; x_wconf 90' lang='lat' dir='ltr'>constituentibns;</span> <span class='ocrx_word' id='word_1_496' title='bbox 722 4377 877 4424; x_wconf 85' lang='lat' dir='ltr'>attestante</span> <span class='ocrx_word' id='word_1_497' title='bbox 896 4371 980 4425; x_wconf 89' lang='lat' dir='ltr'>etiam</span> <span class='ocrx_word' id='word_1_498' title='bbox 1000 4390 1083 4426; x_wconf 86' lang='lat' dir='ltr'>sensu</span> <span class='ocrx_word' id='word_1_499' title='bbox 1102 4374 1225 4429; x_wconf 86' lang='lat' dir='ltr'>auditus:</span> <span class='ocrx_word' id='word_1_500' title='bbox 1244 4375 1324 4444; x_wconf 91' lang='lat' dir='ltr'>idque</span> <span class='ocrx_word' id='word_1_501' title='bbox 1338 4383 1456 4445; x_wconf 87' lang='lat' dir='ltr'>propter</span> <span class='ocrx_word' id='word_1_502' title='bbox 1468 4374 1524 4445; x_wconf 91' lang='lat' dir='ltr'>pri·</span> 
     </span>
     <span class='ocr_line' id='line_1_49' title="bbox 165 4448 1525 4519; baseline 0.004 -17"><span class='ocrx_word' id='word_1_503' title='bbox 165 4466 237 4513; x_wconf 87' lang='lat' dir='ltr'>mos,</span> <span class='ocrx_word' id='word_1_504' title='bbox 266 4454 299 4502; x_wconf 92' lang='lat' dir='ltr'>ut</span> <span class='ocrx_word' id='word_1_505' title='bbox 314 4448 501 4518; x_wconf 84' lang='lat' dir='ltr'>septenarium</span> <span class='ocrx_word' id='word_1_506' title='bbox 528 4457 597 4512; x_wconf 75' lang='lat' dir='ltr'>eto,</span> <span class='ocrx_word' id='word_1_507' title='bbox 627 4465 645 4502; x_wconf 89' lang='lat' dir='ltr'>a</span> <span class='ocrx_word' id='word_1_508' title='bbox 668 4449 765 4519; x_wconf 91' lang='lat' dir='ltr'>quibus</span> <span class='ocrx_word' id='word_1_509' title='bbox 790 4450 957 4504; x_wconf 80' lang='lat' dir='ltr'>derivantur.</span> <span class='ocrx_word' id='word_1_510' title='bbox 999 4452 1061 4505; x_wconf 89' lang='lat' dir='ltr'>Etsi</span> <span class='ocrx_word' id='word_1_511' title='bbox 1089 4452 1161 4506; x_wconf 92' lang='lat' dir='ltr'>enim</span> <span class='ocrx_word' id='word_1_512' title='bbox 1183 4454 1318 4507; x_wconf 88' lang='lat' dir='ltr'>sectiones</span> <span class='ocrx_word' id='word_1_513' title='bbox 1346 4453 1525 4508; x_wconf 86' lang='lat' dir='ltr'>harmonicae</span> 
     </span>
     <span class='ocr_line' id='line_1_50' title="bbox 164 4528 1524 4600; baseline 0.004 -17"><span class='ocrx_word' id='word_1_514' title='bbox 164 4530 236 4583; x_wconf 78' lang='lat' dir='ltr'>libro</span> <span class='ocrx_word' id='word_1_515' title='bbox 254 4528 301 4582; x_wconf 92' lang='lat'>111.</span> <span class='ocrx_word' id='word_1_516' title='bbox 321 4544 401 4597; x_wconf 88' lang='lat' dir='ltr'>prop.</span> <span class='ocrx_word' id='word_1_517' title='bbox 427 4529 470 4582; x_wconf 87' lang='grc'>19.</span> <span class='ocrx_word' id='word_1_518' title='bbox 499 4537 678 4583; x_wconf 89' lang='lat' dir='ltr'>numerantur</span> <span class='ocrx_word' id='word_1_519' title='bbox 703 4536 822 4598; x_wconf 87' lang='lat' dir='ltr'>septem,</span> <span class='ocrx_word' id='word_1_520' title='bbox 852 4530 897 4600; x_wconf 91' lang='lat' dir='ltr'>qni</span> <span class='ocrx_word' id='word_1_521' title='bbox 926 4548 1055 4585; x_wconf 89' lang='lat' dir='ltr'>numerus</span> <span class='ocrx_word' id='word_1_522' title='bbox 1077 4533 1179 4600; x_wconf 80' lang='lat' dir='ltr'>primm</span> <span class='ocrx_word' id='word_1_523' title='bbox 1198 4541 1259 4587; x_wconf 89' lang='lat' dir='ltr'>est:</span> <span class='ocrx_word' id='word_1_524' title='bbox 1289 4540 1319 4587; x_wconf 91' lang='lat' dir='ltr'>at</span> <span class='ocrx_word' id='word_1_525' title='bbox 1340 4533 1409 4586; x_wconf 88' lang='lat' dir='ltr'>nulli</span> <span class='ocrx_word' id='word_1_526' title='bbox 1429 4549 1524 4588; x_wconf 87' lang='lat' dir='ltr'>earnm</span> 
     </span>
     <span class='ocr_line' id='line_1_51' title="bbox 165 4608 1524 4703; baseline 0.003 -40"><span class='ocrx_word' id='word_1_527' title='bbox 165 4613 215 4663; x_wconf 89' lang='lat' dir='ltr'>dat</span> <span class='ocrx_word' id='word_1_528' title='bbox 228 4610 280 4662; x_wconf 88' lang='lat' dir='ltr'>hoc</span> <span class='ocrx_word' id='word_1_529' title='bbox 294 4608 469 4677; x_wconf 87' lang='lat' dir='ltr'>septenarius</span> <span class='ocrx_word' id='word_1_530' title='bbox 484 4609 552 4671; x_wconf 82' lang='lat' dir='ltr'>iste,</span> <span class='ocrx_word' id='word_1_531' title='bbox 577 4615 608 4661; x_wconf 91' lang='lat' dir='ltr'>nt</span> <span class='ocrx_word' id='word_1_532' title='bbox 620 4608 659 4662; x_wconf 84' lang='lat' dir='ltr'>sit</span> <span class='ocrx_word' id='word_1_533' title='bbox 672 4609 846 4669; x_wconf 88' lang='lat' dir='ltr'>harmonica;</span> <span class='ocrx_word' id='word_1_534' title='bbox 871 4612 917 4662; x_wconf 90' lang='lat' dir='ltr'>sed</span> <span class='ocrx_word' id='word_1_535' title='bbox 932 4611 1008 4703; x_wconf 82' lang='lat' dir='ltr'>prins</span> <span class='ocrx_word' id='word_1_536' title='bbox 1023 4612 1166 4680; x_wconf 86' lang='lat' dir='ltr'>quaelibet</span> <span class='ocrx_word' id='word_1_537' title='bbox 1187 4630 1239 4682; x_wconf 88' lang='lat' dir='ltr'>per</span> <span class='ocrx_word' id='word_1_538' title='bbox 1252 4631 1282 4666; x_wconf 88' lang='lat' dir='ltr'>se</span> <span class='ocrx_word' id='word_1_539' title='bbox 1296 4620 1341 4667; x_wconf 89' lang='lat' dir='ltr'>est</span> <span class='ocrx_word' id='word_1_540' title='bbox 1354 4613 1524 4676; x_wconf 71' lang='lat' dir='ltr'>hmmonica,</span> 
     </span>
     <span class='ocr_line' id='line_1_52' title="bbox 165 4687 1525 4763; baseline 0.002 -20"><span class='ocrx_word' id='word_1_541' title='bbox 165 4690 385 4758; x_wconf 76' lang='lat' dir='ltr'>posteadamum</span> <span class='ocrx_word' id='word_1_542' title='bbox 399 4688 498 4742; x_wconf 72' lang='lat' dir='ltr'>reduit</span> <span class='ocrx_word' id='word_1_543' title='bbox 511 4687 637 4755; x_wconf 81' lang='lat' dir='ltr'>illirjam</span> <span class='ocrx_word' id='word_1_544' title='bbox 650 4689 807 4742; x_wconf 85' lang='lat' dir='ltr'>constitutis</span> <span class='ocrx_word' id='word_1_545' title='bbox 822 4688 964 4753; x_wconf 76' lang='lat' dir='ltr'>universis,</span> <span class='ocrx_word' id='word_1_546' title='bbox 988 4691 1091 4744; x_wconf 87' lang='lat' dir='ltr'>utsint</span> <span class='ocrx_word' id='word_1_547' title='bbox 1104 4708 1216 4745; x_wconf 88' lang='lat' dir='ltr'>numero</span> <span class='ocrx_word' id='word_1_548' title='bbox 1230 4699 1349 4762; x_wconf 88' lang='lat' dir='ltr'>septem:</span> <span class='ocrx_word' id='word_1_549' title='bbox 1371 4695 1421 4746; x_wconf 86' lang='lat' dir='ltr'>sed</span> <span class='ocrx_word' id='word_1_550' title='bbox 1435 4709 1525 4763; x_wconf 88' lang='lat' dir='ltr'>neque</span> 
     </span>
    </p>
   </div>
   <div class='ocr_carea' id='block_1_6' title="bbox 166 4760 1525 4846">
    <p class='ocr_par' dir='ltr' id='par_1_12' title="bbox 166 4760 1525 4846">
     <span class='ocr_line' id='line_1_53' title="bbox 166 4760 1525 4846; baseline 0.001 -21"><span class='ocrx_word' id='word_1_551' title='bbox 166 4768 314 4842; x_wconf 75' lang='lat' dir='ltr'>huccipaa</span> <span class='ocrx_word' id='word_1_552' title='bbox 325 4767 454 4832; x_wconf 78' lang='lat' dir='ltr'>conditio,</span> <span class='ocrx_word' id='word_1_553' title='bbox 479 4783 534 4840; x_wconf 83' lang='lat' dir='ltr'>qua</span> <span class='ocrx_word' id='word_1_554' title='bbox 546 4760 714 4826; x_wconf 69' lang='lat' dir='ltr'>manantur</span> <span class='ocrx_word' id='word_1_555' title='bbox 736 4767 841 4823; x_wconf 84' lang='lat' dir='ltr'>nrmreri</span> <span class='ocrx_word' id='word_1_556' title='bbox 854 4769 1013 4837; x_wconf 74' lang='lat' dir='ltr'>perfecti,</span> <span class='ocrx_word' id='word_1_557' title='bbox 1002 4786 1073 4828; x_wconf 86' lang='lat' dir='ltr'>mss</span> <span class='ocrx_word' id='word_1_558' title='bbox 1093 4769 1157 4840; x_wconf 83' lang='lat' dir='ltr'>ipsa</span> <span class='ocrx_word' id='word_1_559' title='bbox 1173 4773 1360 4835; x_wconf 70' lang='lat' dir='ltr'>mnriderata,</span> <span class='ocrx_word' id='word_1_560' title='bbox 1375 4771 1525 4846; x_wconf 78' lang='lat' dir='ltr'>digmtatir</span> 
     </span>
    </p>
   </div>
   <div class='ocr_carea' id='block_1_7' title="bbox 575 5022 585 5055">
    <p class='ocr_par' dir='ltr' id='par_1_13' title="bbox 575 5022 585 5055">
     <span class='ocr_line' id='line_1_54' title="bbox 575 5022 585 5055; baseline 0 0"><span class='ocrx_word' id='word_1_561' title='bbox 575 5022 585 5055; x_wconf 76' lang='lat' dir='ltr'>i</span> 
     </span>
    </p>
   </div>
   <div class='ocr_carea' id='block_1_8' title="bbox 0 0 1692 5482">
    <p class='ocr_par' dir='ltr' id='par_1_14' title="bbox 0 0 1692 5482">
     <span class='ocr_line' id='line_1_55' title="bbox 0 0 1692 5482; baseline 0 0"><span class='ocrx_word' id='word_1_562' title='bbox 0 0 1692 5482; x_wconf 95' lang='lat' dir='ltr'> </span> 
     </span>
    </p>
   </div>
  </div>
 </body>
</html>
