3366 5482
286 270 331 344 ’10
879 275 1041 334 Prooemium

288 439 491 505 Stadlcrorum
514 449 740 523 praeceptorem
758 442 1050 505 commendaveram:
1071 441 1124 503 sed
1143 461 1207 503 cum
1223 441 1272 505 ille
1288 440 1538 521 imparatissimns
1552 446 1635 500 esset

288 531 407 606 aditor,
432 540 465 593 ct
486 532 570 612 proin
594 531 685 592 etiam
708 531 993 610 perturbatissimus,
1019 539 1134 593 mutato
1158 530 1283 594 consilio
1306 529 1417 592 tradidi
1432 528 1552 592 famulo.
1575 527 1635 589 Est

288 629 387 682 autem
416 620 466 682 ille
497 638 580 682 meus
609 619 727 699 collega
754 621 919 682 eruditione
947 641 1040 702 aeque
1071 628 1160 702 atque
1189 639 1301 681 morum
1327 619 1516 699 praestantia
1544 635 1634 696 supra

287 717 452 771 ceteromm
475 711 624 772 homiuum
649 718 773 770 sortem.
819 710 966 772 Memoria
987 709 1168 789 prodigiosa,
1192 728 1282 770 aurea
1306 709 1407 782 dictio,
1432 707 1518 769 varia
1532 705 1633 768 scieu-

287 799 339 872 tia,
360 797 502 877 judicium
521 798 631 871 loelirr3
657 799 710 859 sed
726 798 841 860 animus
854 799 1007 878 perpetuis
1023 799 1101 859 curis
1117 816 1215 876 aeger,
1239 797 1346 872 tristis,
1362 797 1498 878 simplex,
1513 795 1635 857 nimium

287 896 417 968 apertus.
466 886 582 958 Quibus
607 888 642 948 de
667 887 766 948 causis
790 906 845 968 ego
870 907 1001 963 moveor,
1023 896 1056 949 ut
1078 887 1133 949 tibi
1156 887 1297 967 privatim
1317 887 1455 962 scribam,
1476 884 1554 965 quod
1569 884 1633 945 lor·

287 985 369 1038 tasse
388 975 505 1056 publice
529 976 664 1037 interest.
714 976 825 1038 Vester
851 975 903 1036 ille
931 976 1073 1038 Hetlerus
1102 975 1150 1038 bic
1178 975 1206 1037 in
1236 994 1349 1038 summo
1378 975 1489 1036 honore
1512 972 1634 1035 habitus

288 1073 351 1126 cst:
372 1072 461 1145 atque
480 1065 509 1126 id
533 1083 624 1146 opera
643 1055 831 1145 potissimum
846 1063 989 1144 Speidelii
1011 1065 1189 1127 secretarii:
1214 1065 1297 1146 cujus
1320 1064 1375 1125 viri
1399 1064 1459 1136 (sui
1484 1062 1553 1125 olim
1576 1079 1634 1146 po-

285 1154 413 1233 pularis)
442 1153 609 1216 authoritas
638 1153 683 1215 illi
714 1153 827 1215 aditum
855 1154 1001 1233 patefecit
1028 1153 1066 1215 ad
1089 1153 1268 1235 praecipuae
1292 1152 1460 1215 nobilitatis
1488 1150 1632 1214 homines.

287 1243 491 1305 Veruntamen
513 1251 676 1327 postquam
694 1241 745 1304 ille
764 1241 840 1304 abiit
862 1242 948 1316 hinc,
973 1243 1144 1323 paedagogi
1163 1243 1284 1324 pristini
1307 1242 1415 1304 remoti
1438 1241 1634 1304 commisera-

286 1333 365 1394 tione
395 1331 506 1394 factnm
534 1338 595 1406 est,
629 1339 662 1393 nt
688 1332 764 1394 haec
792 1332 856 1412 ejus
885 1332 1054 1412 negociatio
1084 1333 1120 1393 de
1149 1331 1304 1412 discipulis
1328 1330 1531 1393 adsciscendis
1554 1329 1633 1391 male

286 1422 386 1483 audire
410 1420 564 1501 inceperit.
611 1421 689 1483 Nam
705 1422 733 1482 in
748 1421 882 1495 Austris,
908 1419 1012 1502 Styria
1026 1428 1057 1482 et
1072 1418 1230 1483 Cerinthia
1253 1420 1384 1500 suscepit
1406 1420 1532 1500 aliquos.
1566 1419 1634 1480 Ita·

286 1528 341 1590 que
364 1510 409 1571 ita
431 1509 622 1591 interpretari
647 1517 809 1589 coeperunt
831 1510 1063 1572 calumniatores
1088 1511 1224 1591 quidam:
1249 1510 1334 1590 quasi
1357 1509 1437 1589 ipse,
1462 1517 1494 1570 ut
1513 1508 1634 1588 profes-

284 1600 361 1661 soris
379 1599 466 1674 filius,
492 1599 531 1661 ad
555 1597 792 1679 amplificandam
812 1593 897 1660 suam
917 1598 1100 1662 academiam
1115 1597 1315 1674 descenderit,
1340 1598 1493 1661 auditores
1508 1597 1633 1677 conqui-

284 1688 388 1763 situm,
423 1706 546 1769 quorum
569 1688 670 1767 iuopia
693 1689 782 1750 isthic
805 1689 988 1769 premamini.
1034 1689 1101 1750 Huc
1132 1688 1263 1751 accessit
1290 1687 1385 1762 aliud,
1416 1688 1493 1767 quod
1517 1694 1633 1767 partem

283 1777 441 1851 nobilium,
473 1784 633 1858 perspecta
664 1773 851 1839 absurditate
874 1797 986 1842 morum
1009 1777 1039 1839 in
1063 1777 1185 1839 obtruso
1208 1784 1403 1858 praeceptore
1427 1777 1512 1848 (narn
1535 1774 1632 1838 Ride-

285 1867 354 1928 lium
378 1866 519 1928 Hellenos
543 1866 608 1946 ipsc
633 1867 775 1947 suscepit,
795 1885 872 1929 novo
887 1867 934 1929 hic
950 1866 1110 1946 exemplo),
1135 1866 1288 1947 poenitere
1312 1865 1383 1948 facti
1407 1865 1530 1945 incepit.
1567 1865 1633 1927 Nec

284 1955 396 2028 dubito,
421 1954 477 2017 nisi
503 1955 613 2037 aliquid
637 1955 812 2017 authoritati
833 1955 977 2033 Speidelii
1001 1954 1144 2031 dedisset,
1168 1963 1377 2017 revocaturum
1399 1954 1491 2016 luisse
1516 1972 1632 2039 omnem

283 2052 481 2106 contractum.
527 2044 613 2106 Nunc
637 2052 788 2124 parentes,
812 2045 861 2125 qui
885 2053 976 2106 antea
999 2043 1044 2105 usi
1060 2052 1147 2106 erant
1169 2045 1286 2106 homine
1311 2043 1550 2123 elegantissimo,
1574 2062 1632 2104 uo-

284 2132 360 2194 miue
392 2139 424 2194 et
452 2150 483 2192 re
516 2133 628 2194 urbano
662 2130 842 2212 (cujusmodi
870 2132 989 2194 minime
1013 2141 1061 2194 est
1084 2132 1237 2204 Ridelius)
1268 2132 1297 2194 in
1326 2133 1458 2194 maxima
1486 2131 1534 2194 hic
1563 2138 1633 2193 sunt

285 2219 502 2289 sollieitudine.
526 2221 596 2301 quid
620 2221 656 2281 de
680 2222 736 2283 hac
760 2221 874 2284 lubrica
896 2221 1083 2284 institutione
1106 2223 1235 2284 loturum
1253 2222 1303 2284 sit.
1351 2219 1439 2292 Quod
1463 2221 1489 2283 si
1512 2221 1633 2301 gravior

284 2310 385 2390 aliqua
402 2310 531 2392 querela
554 2318 607 2372 aut
629 2308 665 2372 de
688 2319 883 2390 praeceptore
914 2311 976 2390 (qui
1001 2310 1118 2372 minime
1147 2310 1218 2373 mihi
1247 2319 1336 2391 aptus
1359 2310 1477 2373 videtur
1507 2310 1546 2371 ad
1577 2310 1632 2373 hoc

283 2398 426 2472 officinm)
451 2406 504 2460 aut
527 2398 563 2460 de
587 2399 714 2481 hospitis
733 2400 850 2462 Hetleri
873 2399 1038 2463 tenacitate
1058 2401 1150 2482 (qnod
1174 2403 1288 2472 metuo)
1313 2400 1443 2462 existat:
1469 2406 1569 2461 actum
1585 2406 1634 2460 est

283 2487 329 2550 hic
354 2487 391 2548 de
416 2487 495 2549 fama
518 2489 699 2551 academiae.
748 2487 878 2559 Quidam
901 2489 978 2550 enim
1000 2507 1156 2568 procerum
1173 2484 1240 2551 odio
1261 2486 1427 2552 Suevornm
1447 2489 1631 2571 quorundam

283 2576 320 2638 de
344 2575 410 2656 ipsa
434 2577 527 2638 etiam
550 2577 705 2640 academia
729 2596 786 2639 non
810 2576 885 2639 bene
909 2577 1051 2640 sentiunt.
1103 2576 1191 2649 Quod
1219 2578 1245 2639 si
1274 2586 1307 2640 tn
1337 2596 1510 2659 quacunque
1540 2577 1571 2639 iu
1600 2597 1631 2640 rc

283 2665 330 2727 vel
352 2675 577 2746 praeceptorem
603 2667 799 2740 admonendo,
823 2668 870 2729 vel
894 2667 983 2728 aliter
1004 2675 1159 2746 praestare
1183 2667 1252 2747 quid
1272 2675 1374 2747 potes:
1399 2666 1430 2728 id
1445 2685 1530 2727 omne
1545 2666 1633 2727 cedet

285 2753 315 2815 in
338 2754 480 2817 honorem
503 2756 684 2818 academiae.
730 2755 832 2817 Velim
851 2775 888 2817 cx
903 2756 1039 2835 Zieglero
1059 2756 1160 2835 capiat
1182 2756 1280 2817 ideam
1298 2755 1504 2835 praeceptoris
1527 2754 1632 2835 hujus-

288 2842 375 2905 modi.
421 2843 520 2905 Venio
553 2844 643 2924 igitur
670 2845 708 2906 ad
732 2853 923 2924 praesentem
945 2844 1129 2906 studiosum:
1154 2845 1203 2924 qui
1224 2845 1272 2916 hic
1292 2845 1416 2907 honeste
1440 2844 1526 2919 vixit,
1552 2843 1631 2905 etin

287 2931 440 2995 exercitiis
462 2932 668 3006 scholasticis,
691 2928 869 3013 praesertim
893 2931 1157 2995 declamationibus
1180 2932 1306 3014 poeticis
1330 2935 1445 3015 aliquot
1468 2933 1633 3013 specimina

288 3020 390 3084 edidit.
438 3020 514 3085 Gom
536 3021 627 3103 igitur
650 3021 688 3083 ad
712 3041 766 3083 vos
790 3024 925 3096 accedat,
950 3029 1091 3101 capturus
1115 3021 1279 3084 uberiorem
1298 3022 1425 3104 aliquem
1441 3022 1550 3102 ingenii
1565 3021 1631 3084 cul-

286 3119 364 3186 tum;
396 3110 533 3174 existimo
562 3131 619 3173 nou
645 3111 799 3192 indiguum
826 3131 912 3180 esse,
947 3111 995 3190 qni
1023 3110 1205 3182 tuolavore
1228 3111 1257 3172 iu
1280 3112 1516 3192 promotionibus
1541 3119 1631 3191 atque

287 3200 451 3279 ubicunque
467 3199 539 3261 alibi
552 3201 733 3263 sublevetur.
781 3199 843 3262 Sed
867 3200 904 3262 ad
929 3218 1000 3260 rem.
1048 3197 1193 3262 Secundis
1209 3201 1305 3263 literis
1320 3201 1449 3280 promisi,
1475 3219 1521 3261 me
1536 3200 1633 3280 prima

288 3289 444 3351 occasione
477 3289 634 3352 missurum
657 3290 839 3368 integrum
863 3287 1079 3369 opusculum.
1125 3287 1218 3367 Atqui
1245 3291 1370 3353 necdum
1400 3288 1471 3351 illud
1498 3289 1632 3361 absolvi;

286 3377 402 3439 videbis
427 3379 504 3440 enim
527 3378 576 3440 ubi
599 3379 754 3440 haeream:
784 3387 816 3438 et
845 3378 1016 3456 insperatus
1041 3375 1134 3456 ipsius
1156 3379 1270 3442 Wurzii
1302 3379 1400 3441 abitus
1428 3389 1563 3458 tempore
1585 3394 1632 3439 me

287 3466 431 3542 excludit,
467 3469 637 3548 quominus,
669 3486 744 3548 quac
775 3467 894 3546 scripsi,
925 3466 1076 3545 descripta
1099 3467 1136 3528 ad
1160 3477 1190 3529 te
1215 3469 1334 3531 mittere
1354 3468 1475 3548 possim.
1523 3465 1631 3530 Sumes

216 3570 219 3575 ·
285 3555 376 3635 igitur
398 3575 509 3627 corum,
534 3576 609 3638 quae
633 3555 839 3634 dyooparoqao
861 3564 940 3625 sunt,
963 3555 1084 3615 brevem
1108 3576 1260 3618 summam.
1308 3558 1397 3619 initio
1422 3558 1537 3639 aliquot
1561 3557 1630 3617 thc-

285 3644 366 3706 sibus
391 3646 427 3708 de
452 3642 554 3707 Sacris
578 3645 673 3707 literis
697 3663 771 3724 ago:
797 3653 829 3705 et
851 3645 1032 3715 demonstro,
1057 3646 1200 3724 quomodo
1226 3646 1313 3708 simul
1333 3655 1364 3707 et
1378 3646 1437 3708 illis
1452 3666 1507 3708 sua
1521 3646 1630 3707 autho-

286 3734 361 3795 ritas
384 3742 511 3807 constet,
538 3743 692 3804 ettamen
717 3731 907 3815 Copernicus,
933 3734 958 3796 si
984 3733 1072 3794 aliter
1095 3743 1296 3797 consentanea
1320 3736 1410 3809 dicat,
1436 3756 1473 3796 ex
1496 3736 1557 3797 illis
1582 3753 1631 3795 re·

286 3822 375 3884 lutari
398 3843 456 3886 uon
479 3823 587 3902 possit.
632 3823 750 3884 Deinde
774 3830 836 3885 tres
860 3823 951 3884 affero
976 3823 1118 3896 rationes,
1143 3822 1247 3902 quibus
1266 3833 1365 3885 motus
1381 3844 1499 3905 semper
1514 3822 1631 3903 (loper-

284 3911 351 3972 nico
374 3912 570 3995 adhaeserim.
616 3912 718 3974 Prima
746 3921 794 3973 est
822 3912 1040 3990 astronomica:
1072 3911 1120 3973 ubi
1144 3911 1204 3973 illis
1227 3914 1412 3996 respondeo,
1446 3915 1495 3993 qui
1518 3914 1630 3986 dicunt,

285 4019 322 4061 ex
347 4000 423 4063 salso
446 4002 593 4064 interdum
617 4000 702 4082 sequi
725 4018 841 4065 vemm:
866 3999 957 4081 igitur
979 4000 1041 4062 fieri
1065 4019 1164 4080 posse,
1189 4008 1224 4061 ut
1246 3998 1429 4081 Copcmious
1453 4003 1561 4065 falsum
1575 4020 1631 4082 po-

285 4096 351 4164 nat,
382 4090 438 4153 etsi
463 4110 501 4153 ex
522 4091 574 4153 illo
598 4107 700 4153 verum
723 4089 919 4171 pulcherrime
944 4090 1139 4151 demonstret.
1185 4089 1250 4170 Ego
1275 4091 1397 4171 negavi,
1422 4091 1478 4154 hoc
1502 4091 1547 4153 ita
1569 4089 1632 4154 lieri
1661 4172 1663 4176 ι

286 4195 384 4256 posse.
430 4179 538 4241 Altera
561 4188 609 4241 est
630 4177 763 4260 physica,
789 4178 838 4241 ubi
860 4179 1012 4258 promitto,
1036 4198 1082 4240 rue
1106 4187 1200 4239 totam
1220 4178 1327 4240 molem
1342 4180 1552 4260 hypothesium
1568 4178 1630 4243 Co-

284 4267 509 4346 pemicanarum
533 4288 571 4330 cx
593 4277 718 4331 naturae
742 4269 873 4330 fontibus
896 4268 983 4346 longe
1008 4264 1119 4329 rectius
1142 4276 1232 4347 atque
1260 4270 1456 4342 contrarium,
1486 4270 1632 4332 defensu-

285 4374 358 4418 rum.
404 4357 507 4420 Tertia
530 4367 578 4420 est
600 4367 670 4419 tuus
693 4358 743 4420 ille
767 4363 886 4421 cometa
901 4351 1105 4428 Venereosb.
1152 4355 1207 4419 His
1231 4357 1404 4436 praemissis
1428 4358 1630 4440 adipsacor-

285 4462 358 4523 pora
381 4446 500 4507 accedo.
548 4446 721 4529 Syllogismi
745 4445 894 4527 generalis
918 4445 997 4507 idem
1027 4444 1143 4526 quidem
1171 4445 1331 4520 intentum,
1366 4448 1421 4509 sed
1450 4446 1540 4528 paulo
1570 4447 1631 4509 alia

289 4535 390 4609 verba,
416 4553 503 4614 quam
521 4535 586 4615 jam
609 4536 701 4615 leges.
749 4534 903 4610 Videmus,
927 4535 1022 4596 Deum
1047 4551 1165 4595 creasse
1189 4552 1313 4614 corpora
1336 4537 1484 4598 rnundaua
1507 4537 1545 4598 ad
1561 4556 1627 4600 cer-

285 4632 347 4684 tum
370 4642 532 4685 numerum.
578 4624 725 4686 Numerus
755 4634 853 4685 autem
884 4633 931 4684 est
959 4622 1136 4702 quantitatis
1160 4623 1315 4697 accidens,
1348 4644 1485 4687 uumerus
1509 4625 1629 4705 inquam

286 4714 316 4775 in
340 4712 458 4775 mundo.
504 4711 590 4774 Nam·
607 4723 676 4775 ante
700 4713 839 4775 mundum
862 4712 960 4773 nullus
983 4719 1049 4772 erat
1063 4729 1199 4773 uumerus
1215 4722 1335 4791 praeter
1350 4713 1526 4788 trinitatem,
1553 4734 1629 4795 quae

286 4810 334 4864 est
355 4802 420 4886 ipse
444 4802 537 4864 Deus.
583 4799 684 4875 Quare
717 4801 743 4863 si
775 4801 814 4862 ad
842 4816 1028 4862 numerorum
1055 4817 1222 4868 mensuram
1250 4816 1298 4866 est
1324 4802 1463 4871 conditos
1493 4804 1628 4877 mundns,
