3366 5482
1459 211 1521 263 XIII

161 384 223 431 rum
246 364 375 448 Kepleri
398 385 488 429 manu
511 365 690 448 scriptorum
713 367 909 440 collectione,
944 387 1034 450 quae,
1065 388 1153 451 quum
1177 377 1269 434 antea
1290 369 1446 452 Petropoli
1470 373 1518 435 la-

160 474 260 550 tuerit,
284 494 364 538 nnnc
388 475 539 538 Pulcovae
564 482 713 537 servatur.

245 580 367 645 Editori
392 582 511 663 quidem
534 600 710 662 persuasum
743 588 809 656 est,
845 599 897 644 eos
931 600 998 644 esse
1029 581 1153 662 Kepleri
1185 583 1298 661 libros,
1328 584 1434 667 quibus
1458 606 1517 648 nou

161 692 354 751 astronomus
377 697 496 751 tantum
515 689 661 769 capiatur,
683 688 736 749 sed
755 694 880 768 propter
895 689 1077 751 varietatem
1097 692 1276 769 argumenti,
1302 693 1379 772 quod
1399 693 1437 753 ad
1457 692 1519 754 alia

159 812 274 876 quoque
297 795 454 858 literarum
478 814 591 876 genera
612 795 760 875 pertinet,
785 795 876 858 etiam
900 794 1112 876 philosophus,
1137 795 1313 867 historicus,
1336 797 1518 879 philologus,‘

159 900 285 983 deniqne
310 920 398 965 nemo
416 921 475 964 non
499 902 653 964 literamm
676 920 782 964 amans
807 903 967 977 doceatur,
999 901 1109 983 aliique
1132 903 1290 983 proposita
1311 903 1403 984 prisci
1426 905 1518 966 moris

160 1013 191 1069 et
211 1007 441 1071 consuetudinis
472 1007 604 1089 Imagine
632 1008 829 1071 delectentur.
874 1009 962 1071 Hanc
989 1026 1061 1070 vero
1093 1008 1280 1089 ingeniorum
1308 1009 1516 1074 diversitatem

160 1119 335 1195 spectantes
359 1115 594 1195 colligendorum
618 1114 742 1194 Kepleri
765 1115 907 1177 librorum
930 1113 1078 1177 rationem
1102 1112 1313 1195 disposuimus.

220 1219 372 1301 -Kepleri
395 1221 510 1302 scripta
532 1241 591 1283 nun
611 1228 739 1295 mutata,
764 1221 1011 1301 quemadmodum
1030 1220 1095 1301 ipse
1115 1221 1195 1304 typis
1214 1223 1409 1301 exprImenda
1427 1242 1517 1286 cura·
1575 1207 1578 1215 ’

159 1324 209 1400 vit,
228 1335 415 1407 repetentur,
438 1334 579 1405 servato,
600 1347 657 1409 quo
672 1327 754 1390 edita
769 1334 849 1398 sunt,
869 1336 1037 1408 tempomm
1053 1328 1166 1403 urdine,
1183 1328 1239 1390 uisi
1256 1329 1334 1410 quod
1350 1331 1517 1411 argumenti

160 1430 323 1496 slmilitndo
347 1434 490 1496 nonnulla
512 1433 610 1497 suasit
633 1435 788 1498 mutanda.
843 1434 1054 1496 PraefatIones
1079 1433 1206 1514 siugulis
1226 1434 1310 1497 libris
1330 1437 1516 1516 praemissae

160 1538 261 1619 paucis
283 1541 420 1603 referunt
443 1539 673 1622 uniuscujusque
697 1541 766 1603 libri
789 1548 1007 1620 argumentum,
1044 1548 1076 1603 et
1099 1541 1206 1623 quibus
1227 1543 1263 1604 de
1284 1541 1383 1604 causis
1402 1560 1518 1624 quoquc

161 1646 302 1723 oonsilio,
337 1654 481 1728 quantum
514 1667 553 1710 ex
575 1646 697 1708 auxiliis
719 1646 750 1707 in
773 1655 890 1726 promtu
914 1647 1024 1728 positis
1048 1653 1101 1709 aut
1124 1666 1163 1709 ex
1186 1647 1262 1710 libro
1285 1647 1352 1727 ipsu
1375 1648 1516 1728 cognosci

161 1759 273 1833 potest,
299 1753 377 1817 liber
400 1753 442 1816 sit
464 1751 667 1834 conscriptus,
692 1760 845 1816 enarrant.
870 1784 912 1796 -
935 1752 987 1814 Ad
1014 1753 1089 1816 haec
1115 1753 1302 1815 enucleanda
1324 1774 1391 1817 cum
1414 1755 1517 1834 magni

162 1859 302 1921 nomenti
322 1861 384 1923 siut
401 1861 524 1935 multae,
545 1878 620 1940 quae
640 1859 738 1922 adhuc
757 1867 873 1934 extant,
894 1852 1018 1939 Kepleri
1038 1857 1196 1939 epistolae,
1221 1860 1277 1922 has
1297 1878 1355 1921 non
1377 1860 1519 1922 continua

163 1964 244 2041 serie,
264 1967 345 2047 quod
363 1967 394 2028 in
415 1966 483 2029 aliis
502 1965 673 2045 hujusmodi
688 1965 915 2028 collectionibus
925 1967 1043 2029 Iactum
1058 1974 1114 2042 est,
1138 1965 1356 2047 proponendas,
1379 1966 1442 2040 sed,
1461 1985 1516 2046 pro

164 2089 213 2133 ruo
225 2072 372 2152 cujusque
387 2079 573 2152 argumento,
594 2073 687 2148 libris,
709 2091 783 2152 quos
799 2079 947 2151 spectant,
968 2072 1204 2152 praemittendas
1215 2071 1428 2152 judicavirnus.
1458 2071 1518 2133 Pro

165 2179 330 2256 argumenti
352 2175 446 2257 igitur
467 2179 645 2240 diversitate
669 2179 814 2240 diremtae
832 2185 903 2239 sunt
921 2178 1067 2257 ejusmodi
1090 2178 1247 2259 epistolae,
1270 2178 1316 2240 ita
1338 2184 1449 2246 tamen,
1474 2186 1516 2251 ut,

164 2283 208 2365 qui
229 2284 377 2365 epistolas
401 2285 501 2386 lpgere
524 2285 675 2346 voluerint
696 2284 863 2358 continuas,
883 2292 996 2347 certum
1022 2286 1060 2347 ad
1084 2285 1114 2347 id
1135 2287 1239 2364 ducem
1258 2302 1317 2346 non
1336 2282 1517 2346 desiderent.

243 2391 471 2454 Annotationes
494 2390 620 2474 editoris
644 2400 675 2453 et
697 2390 903 2471 praefationes
927 2390 1022 2452 latina
1044 2391 1147 2472 lingua
1170 2390 1375 2472 adjicientur,
1396 2408 1461 2452 curn
1486 2397 1517 2450 et

164 2493 309 2578 Keplerns
340 2495 368 2559 in
393 2497 481 2560 libris
502 2507 535 2560 et
558 2497 697 2578 epistolis
720 2497 777 2558 hac
800 2496 903 2576 lingua
926 2516 998 2559 usus
1022 2497 1082 2572 sit,
1111 2507 1143 2560 et
1172 2496 1271 2560 editor
1293 2517 1379 2579 spem
1402 2497 1515 2570 foveat,

164 2584 219 2665 lore
242 2611 351 2666 utres
374 2603 413 2665 ab
437 2604 502 2683 Ipso
527 2613 670 2685 suscepta
692 2622 751 2665 nun
775 2602 863 2665 modo
888 2601 1069 2679 Germanis,
1103 2603 1158 2667 sed
1190 2603 1283 2665 etiam
1306 2601 1418 2667 exteris
1442 2621 1514 2682 pro-

164 2704 251 2769 betur.
285 2708 526 2773 Annotationum
545 2722 646 2774 autem
666 2710 744 2773 aliae
768 2728 867 2772 rerum
891 2717 1115 2792 temporumque
1138 2717 1171 2772 et
1193 2710 1347 2771 literarum
1371 2709 1518 2771 rationem

166 2812 327 2892 iubebunt,
357 2816 436 2878 aliae
459 2817 554 2879 verba
577 2825 610 2880 et
631 2816 778 2879 dictiones
807 2816 1040 2879 mathematicas
1068 2825 1101 2879 et
1124 2815 1343 2878 astronomicas
1366 2814 1517 2894 intorpre-

167 2919 315 2997 tabnntur,
341 2940 417 3004 quae
440 2931 494 2986 aut
515 2923 640 3005 Kepleri
664 2931 766 2986 aetate
791 2923 940 2985 diversam
964 2923 1081 3001 absa,
1105 2941 1182 3005 quae
1205 2942 1283 2986 nunc
1306 2930 1366 2998 est,
1391 2922 1518 2983 formam

168 3026 342 3104 retulerunt,
366 3037 438 3106 aut,
462 3023 506 3091 'ut
528 3029 601 3091 viris
625 3029 654 3091 in
677 3030 734 3092 hoc
757 3049 865 3110 genere
889 3030 1020 3093 versatis
1043 3029 1074 3092 in
1097 3049 1152 3093 usu
1176 3038 1266 3104 suut,
1297 3030 1343 3092 ita
1375 3028 1413 3090 ab
1438 3026 1514 3103 aliis,

169 3130 215 3194 uiui
238 3133 297 3196 tali
319 3133 578 3215 interpretatione,
603 3135 732 3215 intelligi
754 3155 813 3197 non
836 3145 973 3217 possunt.

244 3239 405 3321 Epistulas
429 3241 552 3323 Kepleri
576 3243 847 3325 responsionesque
878 3243 1039 3306 amicorum
1068 3261 1127 3305 non
1151 3242 1190 3306 ob
1213 3259 1280 3304 eam
1302 3258 1407 3316 unam,
1441 3257 1517 3320 quae

169 3343 245 3408 uodo
260 3346 346 3410 dicta
359 3357 418 3424 est,
433 3368 557 3412 cansam
572 3367 608 3411 ex
623 3355 711 3429 parte
725 3348 871 3429 integras,
888 3369 925 3412 ex
939 3349 1050 3429 majori
1061 3368 1133 3411 vero
1148 3356 1235 3430 parte
1253 3365 1327 3428 „pro
1342 3365 1395 3408 suo
1410 3345 1515 3424 cujus·

170 3465 216 3529 que
235 3455 436 3534 argumento“
457 3455 646 3519 membratim
664 3455 819 3519 addendas
839 3457 1017 3545 censuimus,
1041 3456 1095 3519 sed
1109 3456 1173 3536 ejus
1192 3454 1235 3518 rei
1254 3454 1386 3534 potiores
1406 3470 1516 3515 causae

171 3552 289 3633 uerunt,
313 3561 420 3638 altera,
446 3562 525 3642 quod
544 3561 615 3625 illae
629 3562 781 3642 longiores
796 3573 866 3626 sunt
884 3564 1003 3638 (insunt
1020 3562 1157 3625 collectis
1172 3560 1377 3641 Stuttgartiae
1397 3569 1430 3622 et
1442 3559 1516 3622 Pul·

172 3679 254 3727 oovae
276 3666 416 3747 epistolis
449 3666 614 3749 quaedam,
647 3686 725 3750 quae
758 3677 937 3751 excrescunt
963 3669 1001 3730 ad
1029 3669 1158 3750 paginas
1181 3664 1226 3732 40
1249 3677 1282 3732 et
1302 3668 1370 3749 plus
1393 3665 1516 3728 minutis

172 3766 254 3834 literis
277 3773 435 3853 scriptas),
461 3773 567 3850 altera,
593 3775 672 3855 qnod
695 3774 863 3855 disputavit
885 3775 914 3837 in
938 3776 999 3838 illis
1021 3776 1171 3857 Keplems
1194 3774 1232 3837 de
1256 3774 1346 3837 rebus
1369 3770 1516 3834 diversis·

171 3872 253 3949 duta,
278 3898 337 3942 non
361 3880 505 3943 continua
527 3882 663 3944 oratione
686 3882 853 3963 conjunctis
878 3883 919 3955 (e.
944 3901 974 3962 g.
998 3882 1029 3943 in
1052 3881 1149 3945 literis
1173 3881 1212 3943 ad
1234 3879 1384 3941 Davidem
1406 3876 1515 3939 Fabri-

171 3981 237 4045 cium
259 3984 290 4048 d.
320 3983 369 4048 11.
394 3985 464 4051 Oct.
493 3983 587 4053 1605.
617 3990 697 4051 datis
721 3989 761 4051 ad
783 3989 914 4051 Fabricii
945 3989 1138 4070 quaestiones
1161 3986 1326 4067 respondet
1354 3984 1514 4065 Keplems,

170 4091 384 4171 responsionem
412 4094 549 4158 dividens
571 4096 602 4158 ln
625 4096 834 4177 paragraphus
857 4113 977 4157 numero
1002 4080 1071 4170 74).
1105 4093 1192 4166 Quae
1216 4112 1305 4176 quum
1327 4091 1447 4172 integra
1465 4091 1516 4152 vix

171 4194 317 4277 quisquam
335 4196 469 4263 lecturus
488 4201 607 4275 fuisset,
630 4220 795 4283 speramus,
818 4221 865 4279 ea,
890 4220 966 4283 quae
989 4201 1076 4265 nobis
1099 4200 1223 4282 placuit,
1251 4200 1370 4262 ratione
1389 4199 1462 4273 Iure,
1483 4204 1517 4259 ut

170 4296 323 4367 inuitentur
339 4305 478 4383 lectores,
503 4315 537 4369 ut
558 4309 682 4389 propius
705 4308 868 4390 inspiciant
887 4327 932 4384 ea,
963 4327 1040 4391 qnae
1059 4308 1209 4388 Keplerus
1232 4305 1294 4386 egit
1313 4325 1380 4368 cum
1398 4303 1515 4366 amicis.

170 4404 309 4490 Keplerus
330 4411 452 4492 quidem
474 4413 540 4493 ipse
563 4415 641 4477 viam
660 4415 801 4496 praeivit,
826 4414 876 4497 qui
895 4415 924 4478 in
943 4415 1019 4478 libro
1039 4413 1258 4495 chronologico,
1285 4410 1515 4494 quijnscriptns

172 4522 210 4576 est
232 4515 389 4598 „Eclogae
413 4517 610 4599 ChronIcae“,
640 4539 776 4603 eaquae
799 4521 896 4585 literis
920 4522 960 4585 ad
992 4521 1128 4584 dlversos
1155 4521 1237 4583 datis
1266 4520 1442 4597 illummque
1465 4534 1516 4578 re·

170 4621 371 4792 micallius
398 4625 519 4691 inerant
545 4628 758 4709 chronologica
780 4629 967 4710 excerpserit
988 4635 1022 4690 et
1044 4629 1125 4711 typis
1148 4625 1343 4709 expumenda
1366 4620 1517 4686 curaverit

279 4728 476 4814 dialogorum.
