3366 5482
666 219 692 229 ”
713 222 715 226 ⁴
743 234 825 304 carot
842 237 934 290 xxm.
1453 236 1514 304 185

160 399 259 461 draus.
308 394 533 480 (reputantem
557 397 589 460 iu
612 396 728 472 libram,
756 406 787 460 et
810 398 936 460 caudam
959 399 987 461 in
1012 399 1136 462 arietem
1160 399 1266 474 refero,
1292 408 1326 462 nt
1348 399 1391 462 sit
1412 400 1442 461 in
1466 418 1519 461 ra-

160 487 264 550 tionali
288 487 349 550 situ
373 506 439 549 cnm
461 486 567 559 Luna,
600 486 713 565 absque
747 487 851 567 eclipsi
880 495 1001 562 tamen,
1035 495 1067 550 et
1093 497 1127 551 nt
1150 489 1237 550 Luna
1265 488 1306 550 sit
1335 488 1365 550 in
1390 489 1520 552 maximo

161 576 254 638 limite
277 575 380 639 boreo.
426 575 495 636 Erit
522 575 613 656 igitur
636 575 732 636 Terra
759 576 871 636 oculari
903 577 994 638 etiem
1026 578 1127 657 positu
1159 578 1260 639 media
1292 577 1370 639 inter
1403 578 1519 652 stellae,

160 666 236 727 sicut
260 665 343 726 orbis
367 665 432 745 ejus
456 663 534 727 inter
557 664 645 726 orbes
669 665 797 726 medinm
823 666 919 726 locum
942 674 1024 727 certo
1047 666 1105 727 Dei
1129 666 1254 728 consilio
1278 665 1421 739 obtinuit,
1452 666 1522 746 quia

160 753 258 815 omnia
280 762 405 834 propter
426 752 585 815 hominem.
633 750 721 823 Quod
745 752 770 814 si
795 752 898 816 Solem
922 754 1013 816 etiam
1044 755 1091 816 bic
1115 754 1145 817 in
1169 752 1206 832 Υ
1229 755 1326 827 loces,
1361 755 1420 816 erit
1446 751 1467 832 ii
1490 754 1520 815 iu

162 853 217 918 ὲ,
241 850 274 903 et
295 844 322 914 b
343 842 373 904 in
389 857 432 916 ee,
457 849 489 903 et
511 843 627 921 reliqua
649 842 797 903 similiter.
832 841 975 904 Sumendi
999 851 1099 906 autern
1123 851 1222 906 motus
1245 843 1347 916 medii,
1372 863 1441 905 nam
1458 835 1522 905 'hos

161 933 189 993 in
212 931 359 1010 principio
383 950 487 992 cursus
510 950 599 992 veros
623 949 690 992 esse
717 931 866 1000 convenit,
890 950 995 1011 nempe
1015 933 1054 994 ab
1069 932 1233 996 absidibus.
1250 931 1278 1005 ἃ)
1311 933 1396 994 Haec
1420 932 1523 1012 palma
1549 925 1552 932 ’

162 1021 189 1081 in
213 1020 311 1081 medio
335 1020 446 1100 posita,
471 1038 559 1099 quam
583 1027 636 1081 ant
659 1020 786 1081 similem
809 1021 835 1081 si
859 1020 925 1099 quis
950 1028 1003 1083 ant
1026 1042 1064 1083 ex
1088 1021 1202 1083 calculo
1227 1028 1280 1083 ant
1303 1041 1341 1083 ex
1364 1030 1523 1083 restaura-

162 1111 242 1172 tione
267 1108 471 1174 astronomiae
493 1109 621 1191 adeptus
637 1109 737 1183 tuerit,
761 1110 787 1170 is
806 1108 947 1190 Phyllida
971 1110 1053 1172 solus
1078 1110 1211 1172 habebit.
1258 1109 1344 1173 Haec
1369 1112 1405 1172 de
1430 1110 1524 1173 initio.

249 1197 355 1259 Finem
383 1199 476 1261 motui
504 1198 616 1259 nullum
645 1217 711 1259 cum
740 1197 857 1259 ratione
892 1199 1006 1272 statui,
1040 1199 1211 1278 nullumque
1245 1199 1307 1260 tore
1336 1199 1524 1261 Platonicum

162 1306 272 1349 annum
295 1306 333 1347 ex
351 1287 505 1366 postulato
521 1304 577 1348 uno
592 1286 737 1366 probabo.
753 1289 781 1360 ⁶)
814 1287 913 1349 Detur
931 1307 1059 1368 namque
1083 1287 1341 1350 eccentricitatem
1364 1307 1433 1349 esse
1458 1307 1525 1351 cnm

162 1376 232 1438 orbe
256 1376 287 1437 in
311 1376 503 1459 proportione
526 1374 681 1449 rationali,
706 1382 794 1436 erunt
817 1373 909 1455 igitur
932 1377 1046 1440 orbium
1069 1376 1146 1439 radii
1169 1377 1297 1439 invicem
1320 1376 1523 1450 irrationales,

162 1465 232 1546 quia
252 1463 367 1526 habent
389 1485 422 1526 se
446 1472 479 1526 ut
502 1463 637 1542 inseripti
661 1472 692 1525 et
714 1463 931 1545 circumscripti
950 1466 1133 1545 corporibus,
1158 1466 1217 1545 qui·
1232 1464 1423 1527 irrationales
1443 1472 1523 1538 sunt,

163 1552 233 1634 quia
256 1561 419 1632 sequuntm
442 1572 479 1613 ex
503 1552 620 1614 ratione
644 1551 807 1614 subtensae
831 1552 860 1614 in
885 1555 1043 1633 quadrato,
1069 1562 1100 1616 et
1123 1554 1266 1617 sectionis
1282 1554 1445 1616 secundum
1469 1573 1525 1615 ex-

163 1651 290 1706 tremam
314 1650 348 1703 et
369 1641 505 1704 mediam
524 1640 687 1714 rationem,
714 1660 790 1720 qnae
814 1642 871 1703 duo
896 1649 966 1704 sunt
989 1643 1128 1723 exempla
1151 1643 1371 1705 irrationalium
1394 1643 1424 1704 iu
1449 1661 1524 1722 geo·

164 1731 282 1794 metria.
318 1731 389 1792 Jam
411 1738 512 1792 autem
536 1738 635 1791 motus
658 1748 725 1791 cum
748 1731 841 1791 radiis
861 1731 891 1792 in
906 1732 1097 1811 proportione
1113 1738 1202 1806 sunt;
1227 1750 1298 1811 ergo
1322 1739 1422 1793 motus
1445 1731 1525 1793 inter

162 1841 195 1883 se
220 1819 422 1889 irrationales,
446 1825 479 1881 st
500 1819 544 1881 sio
567 1837 717 1899 nunquam
742 1820 781 1880 ad
804 1819 883 1881 idem
906 1821 1045 1883 redibunt
1067 1820 1199 1895 initium,
1225 1821 1283 1883 etsi
1309 1821 1453 1882 durarent
1475 1821 1523 1882 in·

163 1909 256 1972 linitis
281 1907 413 1970 seculis:
446 1906 517 1987 quia
539 1927 702 1987 nunquam,
731 1928 766 1969 nc
791 1908 820 1969 in
845 1909 960 1971 infinita
983 1909 1102 1989 quidem
1124 1908 1258 1971 sectione
1282 1909 1442 1989 temporis,
1471 1928 1525 1971 oc-

162 2004 298 2061 cnrreret
321 1997 487 2060 communis
501 2016 649 2069 mensura,
675 2016 734 2076 qna
753 1997 873 2075 saepius
894 1999 1026 2077 repetita
1048 2007 1181 2061 motuum
1204 1997 1334 2060 omnium
1357 2018 1433 2059 unns
1458 2004 1524 2059 ter-

163 2087 272 2160 minus,
299 2095 331 2149 et
353 2094 435 2148 meta
458 2086 530 2148 anni
544 2085 694 2148 Platonici
719 2087 932 2149 constituatur.
966 2087 1009 2148 Et
1028 2087 1093 2166 jam
1116 2088 1165 2148 vel
1189 2087 1312 2149 tandem
1335 2106 1402 2148 cnm
1426 2086 1527 2173 divino

165 2175 334 2255 Cupernico
367 2175 441 2237 libet
474 2175 663 2236 exclamare:
704 2175 824 2247 „Tanta
856 2176 994 2237 nimirum
1027 2176 1129 2237 divina
1162 2176 1236 2236 haec
1267 2183 1316 2237 est
1344 2174 1417 2255 Opt.
1443 2176 1548 2248 Max„

165 2265 323 2339 labrica;“
348 2273 461 2325 etcum
474 2263 591 2325 Plinio:
619 2261 733 2337 ,Sacer
753 2271 802 2325 est
825 2264 984 2338 (mundus)
1009 2265 1179 2331 immensus.
1204 2272 1287 2326 totns
1312 2265 1341 2325 in
1367 2272 1443 2339 toto,
1468 2264 1527 2326 imo

165 2373 237 2416 vero
262 2353 327 2435 ipse
352 2361 464 2423 toturn,
487 2352 588 2413 finitus
613 2360 643 2412 et
667 2353 779 2413 infinito
804 2353 941 2414 similis.“

255 2443 301 2505 Tu
325 2461 414 2514 nnnc,
445 2441 539 2503 amice
563 2441 689 2515 Lector,
719 2442 806 2502 tinem
831 2442 960 2504 omnium
985 2443 1149 2504 horumne
1178 2439 1375 2515 obliviscare,
1405 2438 1455 2520 qui
1484 2447 1532 2501 est
1591 2484 1594 2491 «

168 2532 315 2612 cognitio,
345 2531 506 2592 admiratio
535 2537 566 2591 et
595 2530 749 2591 veneratio
774 2527 998 2610 sapientissimi
1023 2529 1157 2611 Opificis.
1204 2528 1289 2593 Nihil
1317 2528 1395 2591 enirn
1420 2536 1469 2591 est
1492 2527 1530 2590 ab
1560 2566 1566 2574 ·

170 2621 263 2683 oculis
288 2621 326 2681 ad
350 2628 494 2693 mentem,
520 2640 539 2679 a
562 2618 628 2679 visu
653 2618 692 2679 ad
715 2618 1012 2698 contemplationem,
1039 2641 1057 2680 a
1081 2639 1167 2681 cursu
1193 2619 1373 2700 aspectabili
1396 2617 1436 2679 ad
1458 2636 1529 2698 pro-

172 2708 378 2771 fundissimum
402 2706 558 2771 Creatoris
582 2706 739 2768 consilium
761 2708 967 2786 processisse:
997 2709 1022 2771 si
1045 2706 1094 2770 hic
1119 2709 1272 2788 quiescere
1297 2708 1388 2782 velis,
1418 2713 1450 2767 et
1473 2725 1531 2768 non

175 2818 227 2859 nno
249 2799 364 2878 impetu
393 2805 516 2877 totaque
545 2796 636 2857 animi
661 2796 821 2856 devotione
847 2816 963 2859 sursum
986 2797 1015 2858 in
1041 2796 1196 2858 Creatoris
1220 2797 1376 2869 notitiam,
1401 2812 1533 2857 amorem

178 2888 339 2967 cultumque
363 2888 497 2950 efferare,
537 2883 639 2956 Quare
662 2893 749 2946 casta
767 2893 867 2946 mente
892 2893 923 2948 et
947 2895 1035 2963 grato
1060 2888 1158 2947 animo
1182 2905 1295 2947 mecum
1320 2883 1532 2964 perfectissimi

182 2978 269 3054 operis
293 2976 471 3037 Architecto
495 2982 674 3054 sequentem·
692 2974 834 3055 hymnum
858 2975 971 3036 accine.

428 3150 507 3212 Jova
530 3148 623 3212 Sator
645 3150 767 3222 Mundi,
791 3158 984 3230 nostrumque
1009 3160 1134 3213 aeterna
1156 3157 1311 3229 potestas,
1354 3129 1365 3148 ⁸

343 3295 345 3298 r
385 3239 509 3310 Quanta
532 3247 585 3300 tna
608 3247 656 3302 est
680 3257 796 3300 ornnem
821 3241 982 3301 Terrarum
1008 3241 1089 3303 fama
1111 3259 1165 3319 per
1189 3239 1332 3324 orbem?¹

387 3327 494 3390 Gloria
517 3334 631 3409 quanta
654 3335 707 3388 tua
731 3328 803 3389 est?
841 3327 926 3390 Coeli
951 3348 1026 3408 qnae
1051 3330 1159 3391 didita.
1172 3348 1263 3408 supra

386 3417 509 3479 Moenia
532 3417 685 3478 concussis
710 3417 793 3478 volat
818 3417 1003 3479 admirabilis
1028 3418 1094 3479 alis.

387 3505 540 3585 Agnoscit
561 3524 635 3585 puer
658 3514 690 3566 et
713 3514 816 3586 spreto
840 3515 926 3568 satur
948 3507 1038 3569 ubere
1062 3505 1161 3570 balbis

386 3597 428 3657 Te
452 3595 587 3656 dictante
611 3594 702 3656 struit
725 3595 828 3656 valida
850 3604 1029 3674 argumenta
1052 3595 1191 3658 labellis:

386 3686 588 3765 Argumenta,
614 3683 720 3761 quibos
743 3683 876 3746 tumidus
899 3685 1091 3747 confunditur
1114 3684 1210 3746 hostis

387 3771 622 3851 contemtorqne
646 3772 703 3846 tui,
729 3781 761 3833 et
783 3781 949 3834 contemtor
967 3774 1045 3852 juris
1070 3782 1102 3834 et
1125 3771 1232 3853 aequi:

385 3865 447 3924 Ast
470 3880 540 3940 ego,
566 3879 623 3940 quo
647 3861 765 3922 credam
791 3863 926 3944 spatioso
949 3863 1066 3924 Numen
1091 3863 1119 3924 in
1144 3862 1234 3933 orbe,

388 3949 558 4030 Suspiciam
582 3950 731 4011 attonitus
755 3951 835 4011 vasti
860 3951 1013 4012 molimina
1037 3950 1128 4022 coeli,

386 4039 491 4119 Magni
515 4057 590 4119 opus
613 4038 764 4112 Artificis,
788 4040 908 4100 validae
934 4040 1078 4102 miracula
1102 4042 1247 4112 dextrae;

387 4127 526 4210 Quinque
550 4127 593 4188 uti
617 4127 752 4189 sidereos
776 4129 888 4190 normis
912 4128 1086 4190 distinxeris
1112 4128 1215 4199 orbes,

388 4215 472 4287 Quos
496 4218 577 4278 intra
599 4217 717 4278 medius
741 4216 873 4297 lucisque
899 4218 1073 4298 animaeque
1098 4217 1234 4278 minister

389 4304 458 4377 Qua
481 4307 547 4383 lege
570 4305 686 4366 aeterni
710 4324 814 4368 cursus
838 4308 1007 4368 moderetur
1031 4307 1181 4376 habenas,

388 4393 474 4465 Quas
498 4394 601 4473 capiat
624 4393 744 4455 variata
767 4396 864 4468 vices,
891 4415 965 4475 quos
988 4396 1075 4457 Luna
1100 4394 1234 4468 labores,

369 4482 547 4573 ¹Sparseris
570 4483 713 4545 immenso
739 4503 826 4564 quarn
850 4483 979 4564 plurima
1002 4485 1102 4546 sidera
1126 4502 1241 4562 carnpo.

433 4659 567 4722 Maximo
591 4659 696 4721 Mundi
721 4658 846 4741 Opiter.
872 4670 984 4741 quate
1009 4660 1124 4723 ratione
1149 4659 1249 4738 coegit

388 4749 521 4824 Parvus,
545 4748 646 4834 inops,
670 4749 806 4826 humilis,
830 4740 952 4830 tamum
976 4750 1103 4840 exiguae
1127 4749 1226 4811 incola
1247 4743 1354 4825 glebas
