3366 5482
160 175 205 251 54
434 240 441 258 .
756 173 918 225 mosomum.

232 341 333 392 Literna
350 339 399 390 bae
417 352 503 402 parurn
522 337 604 386 solatii
632 336 774 386 exhibentes
794 301 946 386 advenerunt
965 336 1091 386 Grastium
1108 337 1217 401 Keplero
1234 336 1344 404 Prognen
1367 336 1399 388 sd
1416 335 1514 400 tycho·

161 426 219 462 ιιοιιι
237 412 346 476 proiecto
366 409 447 471 (initio
466 409 523 459 iau.
545 403 636 469 1600).
672 408 710 457 lbi
729 412 891 457 commoratus
913 420 990 472 usque
1014 409 1047 457 ad
1069 422 1179 459 mensem
1197 409 1311 465 Junlum,
1335 423 1383 473 qno
1402 407 1517 460 Graiium

161 427 253 542 rediit}²
271 487 360 546 μιιιιι
379 489 418 532 est
435 495 491 532 eum
510 477 627 542 'leebone
646 479 676 529 de
694 480 825 528 mausitu'
818 494 844 527 ιιι
862 477 1021 536 Bohemiam,
1048 495 1125 544 eoque
1147 480 1266 531 remitam
1283 480 1412 531 uamtulit
1429 494 1517 531 meuse

160 552 282 607 Octobris·
296 576 331 587 -
350 550 448 627 (Comp.
467 557 551 611 anot
571 547 698 614 Keplori'
691 565 718 600 ιιι
736 550 917 600 dedicationem
936 543 1002 614 [a].)

232 624 272 675 De
287 623 326 674 bis
338 639 402 690 qnae
414 622 471 688 Kep
472 622 550 674 lerum
564 627 617 670 tum
634 622 750 685 temporis
767 621 901 671 turbabant
918 622 989 671 rebus
1007 622 1108 685 privatis
1125 623 1273 688 publicisque
1290 623 1400 687 pluribus
1419 623 1498 689 epit'
1491 639 1515 677 ru

159 695 319 763 meursius
337 695 429 751 tribus,
448 695 520 746 annis
541 689 607 741 1599
627 699 653 742 et
672 688 741 741 1600
759 692 793 743 ad
810 691 969 742 Maestliuum
988 693 1053 742 datis
1071 693 1155 744 literis.

763 835 916 898 S.PD.

251 947 372 1009 Literes
395 952 474 1018 tuas,
500 942 672 1004 avidissime
695 942 752 1004 boc
775 942 946 1005 turbulento
969 950 1103 1020 tempore
1133 948 1330 1023 expectatus,
1360 944 1418 1006 bac
1448 947 1516 1009 vice

161 1037 231 1100 mibi
255 1054 315 1098 non
337 1034 483 1106 redditas,
507 1032 700 1095 vehementer
721 1032 817 1094 doleo.
855 1030 1089 1093 Provinciarium
1108 1031 1221 1110 Agens,
1247 1031 1297 1112 qui
1315 1032 1434 1114 Pragae
1459 1035 1517 1098 fuit

161 1123 430 1202 (Kandelberger),
456 1121 513 1183 buc
531 1121 649 1183 vinctus
664 1131 734 1183 aute
750 1128 893 1182 semestre
910 1120 1030 1195 allatus,
1056 1120 1198 1201 superiori
1218 1140 1319 1182 mense
1339 1129 1438 1185 tortus
1457 1133 1516 1198 est,

159 1213 351 1278 Secretariue
375 1209 532 1293 Styrorum
560 1207 776 1283 (Gabellroier)
805 1208 941 1289 captivus
971 1209 1128 1271 detinetur.
1175 1211 1288 1272 Ferunt
1318 1211 1517 1276 deliberatum

161 1305 199 1366 de
224 1303 284 1365 alio
305 1300 456 1382 principe,
478 1300 605 1379 ideoque
629 1299 750 1380 capitali
775 1297 920 1379 supplicio
943 1299 1130 1379 plectendum
1154 1298 1238 1361 illum
1261 1300 1423 1379 Agentem.
1463 1302 1514 1365 lu-

161 1400 247 1455 terea
269 1391 384 1472 templu
407 1396 476 1451 ante
500 1407 612 1468 paucos
636 1408 729 1450 annos
758 1389 917 1449 aedificata
949 1394 1136 1460 evertuntur,
1171 1388 1219 1468 qui
1244 1395 1349 1450 contra
1371 1390 1516 1472 principis

160 1482 303 1545 mandata
326 1479 478 1541 ministros
502 1477 646 1550 detinent,
671 1477 752 1539 cives
776 1477 964 1557 oppidorum,
990 1477 1082 1538 armis
1106 1477 1144 1537 ad
1168 1476 1369 1540 obedientiam
1391 1488 1515 1560 protra-

126 1564 129 1569 ’
160 1572 283 1647 huntur,
311 1568 432 1631 vincula
453 1566 566 1648 injecta
589 1566 696 1647 viginti
719 1585 855 1641 numero,
886 1566 935 1648 qui
964 1565 1028 1627 beri
1053 1565 1138 1628 allati
1166 1573 1237 1628 suut
1270 1567 1432 1647 desperata
1462 1590 1517 1633 sua

161 1661 272 1724 salute?
310 1659 377 1721 Hoc
401 1659 553 1719 decretum
583 1664 615 1719 et
642 1655 832 1719 sanctissimo
861 1657 1032 1736 juramento
1065 1656 1270 1719 confirmatum
1302 1664 1351 1721 est
1377 1660 1514 1742 principi,

49 1805 55 1816 .
161 1750 274 1814 nullum
288 1748 406 1811 omniuo
422 1745 589 1810 ministrum
604 1747 749 1809 ecclesiae
768 1746 832 1826 peti
853 1745 883 1807 in
906 1745 968 1808 suis
991 1745 1164 1826 provinciis,
1187 1746 1358 1827 nequidem
1380 1749 1410 1827 in
1436 1751 1516 1814 aroi-

159 1841 225 1904 bus.
273 1836 390 1903 Contra
411 1837 487 1898 baec
511 1836 599 1898 rebus
624 1837 689 1915 jam
711 1834 862 1916 prolapsis
886 1854 972 1896 nemo
996 1835 1153 1915 quicquam
1176 1844 1292 1911 movet,
1323 1857 1378 1900 nec
1401 1848 1514 1920 potest

161 1926 254 1993 Cives
276 1925 366 2006 hujus
388 1924 483 1997 urbis,
506 1925 555 2005 qui
579 1944 687 1987 novum
707 1925 909 2005 jurameutum
931 1932 1088 2004 praestare
1111 1942 1144 1985 se
1167 1943 1257 2004 posse
1280 1934 1402 2006 negant,
1427 1937 1515 1993 vetus

162 2035 220 2079 uon
240 2017 399 2097 jurarunt:
431 2013 462 2074 bi
485 2013 604 2094 iuquam
628 2021 755 2091 agentur
776 2013 807 2073 iu
839 2013 978 2074 exilium:
1010 2031 1065 2073 neo
1092 2012 1196 2075 licebit
1222 2014 1297 2095 ipsis
1321 2015 1376 2076 sub
1400 2008 1515 2081 nobiles

162 2107 307 2186 migrare,
336 2101 483 2162 decimam
511 2108 627 2180 partem
654 2102 796 2161 bonorum
828 2101 979 2163 mobilium
1003 2110 1034 2163 et
1055 2101 1247 2165 immobilium
1270 2112 1342 2185 post
1364 2124 1397 2167 se
1422 2108 1515 2170 reliu-

162 2201 262 2275 qnent.
308 2190 376 2270 Ego
400 2208 502 2252 omnes
526 2189 700 2249 occasiones
729 2188 831 2263 rimor,
863 2188 927 2251 sine
954 2208 1019 2251 meo
1048 2192 1299 2271 sumtuPragam
1322 2195 1515 2273 perveniendi

162 2283 202 2345 ad
225 2281 412 2364 Tychonem,
440 2277 509 2339 indo
533 2296 569 2338 eo
592 2277 657 2338 viso
682 2277 754 2339 mihi
777 2279 855 2339 forte
878 2288 1019 2341 nascetur
1046 2280 1163 2342 occasio
1188 2282 1372 2345 deliberandi
1397 2286 1434 2346 de
1458 2285 1514 2348 ali·

161 2372 258 2454 gendo
281 2370 358 2431 loco.
405 2365 549 2439 Quemvis
572 2383 658 2427 uerno
682 2385 728 2427 me
752 2366 917 2446 expalleret
939 2375 970 2429 et
992 2369 1215 2448 pmdentissimi
1241 2372 1347 2454 quique
1373 2392 1411 2435 ex
1434 2375 1515 2439 ordi-

161 2461 248 2524 nibus
272 2465 389 2528 ament,
412 2474 538 2538 meaque
563 2454 712 2534 colloquia
735 2456 772 2517 ed
797 2455 933 2517 convivia
956 2457 1058 2518 crebro
1083 2469 1236 2539 expetant

130 2547 138 2565 ⁸
249 2549 316 2628 ligo
339 2545 459 2608 interea
482 2564 519 2605 ex
542 2543 703 2606 rhombicis
727 2544 901 2625 corporibus
931 2540 967 2607 12
992 2553 1023 2606 et
1046 2543 1089 2610 30
1111 2549 1275 2629 planorum,
1300 2550 1372 2613 item
1395 2572 1434 2615 ex
1451 2554 1515 2615 Ar-

162 2636 327 2701 chimedeis
350 2635 429 2697 nitor
453 2633 695 2697 eccentricitates
719 2632 837 2695 elicere.
885 2633 964 2695 Vale
988 2643 1018 2696 et
1042 2644 1092 2697 tuo
1121 2638 1243 2702 arbitrio
1274 2639 1346 2701 mihi
1369 2642 1518 2704 salutaria

162 2745 302 2808 suggere.
336 2724 446 2786 Preces
470 2730 590 2784 vestras
614 2730 645 2785 et
666 2722 803 2802 publicas
827 2729 858 2784 et
876 2722 1011 2803 privatas
1026 2744 1211 2806 summopere
1227 2729 1403 2808 expetimus.
1436 2731 1517 2794 Nam

163 2824 285 2897 praeter
309 2817 387 2877 Θιοι
410 2811 469 2874 ἀπο
492 2832 620 2892 uppusun
644 2812 834 2891 desperatum
856 2818 915 2874 est.
962 2810 1069 2875 Saluto
1096 2825 1267 2879 reverenter
1297 2824 1392 2881 totum
1422 2821 1516 2883 colle-

166 2904 247 2988 gium
270 2912 303 2967 et
324 2902 363 2965 D.
387 2901 605 2964 Haterefferum
628 2919 789 2983 omnesque
813 2920 895 2962 meos
920 2902 1061 2963 fautores.

257 2991 307 3057 12.
330 2987 382 3054 22.
406 2991 484 3054 Nor.
509 2985 562 3054 99.
776 2991 815 3051 Η.
841 2990 875 3051 Τ.
901 2990 968 3052 ded.
993 2991 1155 3073 discipulus

286 3120 288 3124 ν
1214 3081 1259 3146 Μ.
1281 3083 1409 3168 Kepler.

747 3213 939 3227 *un-...fi-

769 3344 802 3408 S.
826 3344 859 3407 P.
882 3344 921 3406 D.

252 3449 396 3517 Calendis
424 3448 524 3527 iunii,
562 3453 744 3538 Praeceptor
777 3449 970 3527 Clarissima,
1005 3453 1163 3516 Renathlra
1192 3454 1339 3529 discessi,
1372 3454 1516 3523 Gratiam

163 3561 277 3606 versus.
323 3541 485 3622 Negotium
508 3541 614 3623 reliqui
635 3541 805 3622 pendulum.
852 3540 969 3603 Tardae
993 3549 1063 3604 suut
1086 3543 1292 3622 expeditiones
1316 3545 1443 3610 aulicae.

250 3630 422 3694 Potuissem
444 3630 708 3694 intercessionibus
733 3629 853 3711 optimis
883 3629 1004 3710 adjutus
1031 3631 1059 3692 in
1085 3628 1226 3693 Caesarie
1250 3633 1372 3696 servitio
1396 3636 1515 3717 stipen-

165 3720 245 3783 dium
270 3721 388 3783 iacere:
414 3720 468 3781 sed
491 3740 537 3782 me
560 3720 691 3800 vestigia
710 3727 879 3783 terraemot
901 3719 1058 3799 splendida
1077 3721 1227 3798 stipendia
1250 3722 1439 3799 merentium,
1464 3725 1516 3789 vix

165 3809 317 3890 dimidium
340 3808 454 3889 ingenti
477 3828 543 3873 cum
567 3810 744 3872 difficultate
769 3810 1018 3890 extorquentium.
1060 3810 1165 3890 ltaque
1188 3811 1360 3893 Tychonem
1383 3814 1462 3877 inter
1486 3825 1519 3879 et

164 3918 212 3964 me
236 3899 280 3964 sio
302 3897 451 3972 convenit,
477 3898 520 3960 uti
545 3895 663 3962 Graetii
687 3900 791 3961 literas
815 3896 959 3960 Caesaris
984 3908 1182 3982 expectarem,
1208 3901 1313 3981 quibus
1337 3903 1517 3982 efficeretur,
1562 3972 1567 3982 ,

164 3997 198 4052 ut
220 3995 338 4051 retento
361 3986 472 4050 salario
496 3987 651 4069 Styriaco,
682 4005 848 4069 perunum
872 3994 903 4049 et
926 3988 1051 4050 alterum
1075 4008 1182 4051 annum
1205 3990 1234 4051 iu
1257 3990 1433 4088 Bohemiam
1455 3995 1518 4058 rui·

165 4095 297 4162 marem,
322 4077 427 4159 quibus
451 4096 515 4139 curn
540 4077 638 4140 literis
661 4077 831 4140 mitteretur
853 4074 913 4139 unt
936 4084 967 4139 et
988 4076 1138 4141 viaticum.
1207 4077 1214 4088 “

253 4162 316 4229 Sed
338 4165 473 4229 ordinem
496 4185 605 4248 sequor
624 4173 791 4240 eventuum,
815 4167 940 4246 ideoque
958 4166 1091 4246 jucunda
1110 4167 1226 4231 acerbis
1245 4169 1366 4233 misceo
1400 4165 1518 4233 Calcu-

165 4255 211 4319 dis
238 4255 370 4335 Augusti
397 4255 479 4317 mille
507 4255 634 4335 amplius
662 4255 837 4318 civibust
806 4265 837 4318 et
863 4254 1090 4336 provincialium
1120 4255 1262 4320 ministris
1288 4257 1318 4319 in
1346 4258 1419 4320 urbe
1446 4259 1516 4336 bao,

164 4344 321 4408 interbos
344 4344 470 4406 etmihi
494 4353 668 4425 perpetuum
696 4354 745 4407 est
774 4346 916 4408 indictum
945 4344 1083 4421 exilium,
1113 4345 1193 4407 intra
1221 4346 1285 4408 dies
1314 4346 1518 4428 quadraginta

166 4434 304 4517 quinque
358 4433 517 4496 Vilissima
545 4435 627 4496 iacta
658 4441 707 4497 est
736 4435 870 4517 supellex
901 4434 1013 4509 omnis,
1045 4434 1171 4515 pecunia
1202 4435 1285 4498 nulla
1314 4435 1373 4498 nisi
1400 4437 1519 4502 minuta

164 4521 319 4607 ngarioa
341 4521 418 4586 iuter
444 4521 579 4586 homines
609 4532 778 4600 exercetur,
812 4524 995 4587 decimantur
1022 4523 1101 4585 bona
1128 4523 1228 4586 omnia
1255 4524 1423 4607 diligenter.
1470 4526 1519 4593 Tu
1548 4571 1556 4587 .

166 4623 270 4678 cetera
291 4611 373 4677 mala
395 4611 520 4694 conjice.
566 4612 751 4677 Renunciavi
774 4615 830 4676 boc
854 4613 1005 4693 Pragam:
1036 4611 1175 4676 rescribit
1197 4613 1314 4696 Tycha,
1338 4615 1402 4694 jam
1425 4635 1518 4680 mee

167 4722 201 4777 ee
224 4709 363 4776 oretenus
387 4708 420 4766 et
448 4702 632 4766 nominatum
650 4701 781 4776 Caesari
810 4711 842 4765 et
869 4702 1086 4784 approbatumJ
1118 4701 1201 4769 solas
1229 4703 1381 4787 expectari
1409 4704 1516 4769 literas
