3366 5482
680 279 791 342 Myatsrll
810 276 1009 343 Gomograpbici

697 489 817 588 capua
843 487 983 562 xvun.

194 654 252 715 Dc
270 651 435 715 discordia
452 653 747 728 npoodaqatososnr
765 667 805 710 ca
823 649 1007 730 corporibus
1025 668 1047 709 a
1067 646 1298 730 Copernicanis
1315 651 1352 714 in
1368 670 1497 734 psam,

576 746 606 800 ct
628 736 668 798 dc
690 738 901 798 astronomiae
922 735 1104 800 subtilitate.

249 880 349 959 Supra
373 900 438 960 cap.
467 876 515 942 14.
541 888 573 940 ει
599 876 648 940 15.
681 897 749 939 cum
772 877 899 955 alicujus
922 895 1014 955 prope
1040 876 1185 939 falsitatis
1210 879 1310 940 teneri
1332 880 1458 943 viderer
1481 881 1532 944 iu·

159 971 236 1034 dicio
265 969 495 1040 distantiarum,
531 986 605 1047 quas
631 965 816 1046 Copernicus
844 966 980 1026 diversas
1013 967 1052 1027 ab
1086 965 1133 1027 bis
1162 966 1339 1045 figuralibus
1369 969 1530 1048 prodidit:

158 1058 322 1141 provocavi
346 1057 688 1136 adapocdaqctpscne
717 1053 872 1132 dnoynec:
907 1073 1001 1135 neque
1033 1055 1312 1118 condemnationem
1344 1057 1532 1137 deprecatus

160 1168 241 1219 suin,
269 1147 296 1208 si
319 1165 404 1207 meae
429 1165 447 1206 a
472 1143 689 1223 Copernicnuis
713 1142 899 1222 aliquantum
922 1144 1111 1204 recederent.
1158 1143 1253 1224 Atqui
1281 1153 1449 1226 postquam
1473 1146 1530 1211 snb

160 1237 248 1299 fluam
275 1232 325 1297 1⁵.
350 1233 469 1320 eapitis
483 1252 569 1294 arcus
599 1232 714 1292 similes
744 1234 1043 1310 npoodcqoepsceao
1071 1252 1107 1293 ex
1138 1232 1382 1311 elongationibus
1413 1256 1433 1297 a
1458 1234 1532 1299 Sole

161 1325 254 1386 veluti
278 1332 375 1384 testes
400 1341 500 1383 coram
527 1322 582 1381 hoe
607 1320 722 1399 jndicio
751 1319 836 1381 stiti:
870 1321 927 1380 visi
960 1329 1032 1381 sunt
1065 1321 1108 1381 illi
1142 1330 1248 1382 contra
1281 1341 1330 1384 me
1364 1324 1529 1403 deponere.

160 1414 270 1476 Nullus
303 1412 381 1473 euim
414 1412 603 1488 planetarum
636 1408 711 1482 fuit,
745 1408 794 1487 qui
828 1408 971 1469 tributum
999 1429 1018 1469 a
1042 1407 1210 1489 Copernico
1242 1429 1345 1472 arcum
1368 1413 1529 1476 retineret.

161 1500 292 1565 Saturno
317 1499 415 1561 ademi
440 1495 503 1571 tt‘,
528 1497 598 1557 Jnvi
615 1493 655 1569 θ’,
681 1495 775 1556 Marti
799 1497 924 1574 apposui
949 1493 1012 1572 30‘,
1039 1497 1152 1560 Veneri
1175 1517 1247 1559 vero
1270 1499 1403 1563 immane
1429 1520 1529 1583 qusn-

161 1598 225 1653 tum
249 1588 343 1651 demsi
368 1583 486 1660 2⁰18‘,
512 1594 544 1647 et
556 1584 707 1646 Mercurio
727 1580 790 1647 δι’.
823 1584 1050 1648 Existimabunt
1073 1586 1164 1665 igitur
1188 1586 1237 1666 qui
1262 1589 1402 1652 exactius
1428 1591 1531 1653 omnia

161 1678 334 1741 examinare
364 1676 479 1747 volunt,
512 1673 581 1753 quia
610 1693 666 1734 nou
696 1673 734 1734 ad
763 1692 890 1751 unguem
919 1675 1089 1740 consentiat
1116 1676 1250 1738 calculus
1274 1696 1435 1756 corporum
1459 1698 1527 1742 oum

161 1767 282 1849 placitis
308 1764 466 1844 Copernici
491 1780 616 1841 cumque
641 1761 705 1840 ejus
736 1761 880 1835 numeris,
912 1782 1030 1824 omnem
1058 1783 1179 1843 operam
1209 1785 1298 1827 ame
1323 1767 1424 1829 lusam
1447 1787 1527 1831 esse.

161 1854 250 1928 Quod
274 1855 332 1916 uisi
356 1864 463 1914 contra
486 1868 642 1929 excepero,
668 1858 787 1928 meapte
811 1852 962 1930 sententia
977 1872 1099 1914 causam
1118 1852 1289 1933 perdidero.
1323 1854 1368 1916 Et
1391 1856 1529 1939 physicis

161 1945 281 2025 quidem
296 1943 360 2003 sive
375 1939 611 2019 cosmographis,
638 1939 754 2017 qualem
777 1939 833 2000 hoc
858 1940 959 2001 libello
983 1961 1142 2021 personam
1162 1960 1218 2021 ego
1239 1943 1387 2019 sustineo,
1413 1946 1529 2008 nullam

162 2033 199 2095 ds
223 2033 280 2092 hac
304 2029 476 2091 differentia
499 2028 647 2088 rationem
671 2027 775 2088 debeo.
822 2028 899 2088 Nam
924 2031 992 2090 etsi
1006 2030 1048 2092 illi
1078 2048 1198 2092 suornm
1228 2031 1410 2111 placitorum
1433 2051 1527 2115 argu-

163 2130 266 2182 menta
289 2126 465 2180 mutuantur
489 2115 527 2176 ab
551 2115 747 2185 astronomis,
781 2134 817 2175 ea
840 2124 940 2178 tamen
964 2137 1021 2180 nou
1047 2120 1091 2181 ita
1119 2119 1270 2181 subtiliter
1297 2129 1332 2182 ut
1359 2124 1528 2185 astronomi

164 2210 204 2271 ad
228 2207 361 2269 calculos
384 2210 547 2267 revocant:
579 2221 633 2262 nec
662 2202 737 2262 adeo
768 2216 837 2265 sunt
860 2207 1051 2286 perspicaces
1076 2215 1128 2269 ant
1151 2210 1277 2283 morosi,
1309 2218 1344 2271 nt
1366 2211 1425 2273 hac
1449 2211 1527 2274 levi-

162 2299 231 2361 cula
254 2293 427 2358 differentia
450 2300 638 2353 moveantur.
685 2288 787 2361 Quare
812 2313 933 2356 causam
957 2316 1054 2357 rnearn
1086 2316 1186 2359 eoram
1215 2300 1446 2379 cosmographis
1470 2302 1528 2363 ob-

160 2386 246 2450 tinui.

251 2474 502 2535 Astronomorum
527 2486 598 2530 vero
617 2468 723 2547 vulgus
742 2468 801 2530 etsi
819 2470 888 2548 jure
908 2480 1019 2546 metuo,
1046 2483 1232 2536 tamencum
1252 2475 1368 2553 judicio
1393 2477 1527 2540 artifices

161 2581 305 2645 praeesse
329 2558 464 2640 parsit,
494 2577 550 2618 non
576 2556 716 2635 despero,
745 2576 839 2638 neque
864 2571 968 2622 contra
992 2561 1078 2635 illud,
1111 2563 1278 2626 victoriam.
1327 2567 1374 2626 Ac
1398 2566 1526 2644 primum

161 2654 245 2733 ipsos
270 2652 346 2713 bene
370 2648 408 2710 de
432 2647 547 2708 calculo
573 2664 695 2725 sperare
718 2647 821 2727 jubeo.
869 2650 958 2710 Nam.
976 2650 1034 2711 etsi
1064 2651 1212 2713 interdum
1240 2654 1457 2732 grandiuscula
1480 2664 1528 2717 est

162 2739 342 2814 differentia,
367 2735 558 2798 meminerint
581 2744 692 2811 tamen,
717 2754 854 2797 numeros
874 2747 1032 2818 excerptos
1052 2757 1089 2800 ex
1112 2740 1186 2802 locis
1211 2741 1304 2804 totius
1329 2742 1434 2805 circuli
1459 2745 1526 2806 evi-

163 2827 358 2905 (lautissimis,
372 2835 464 2907 atque
487 2843 524 2885 ex
544 2844 688 2886 concursu
713 2824 842 2887 omnium
866 2826 1126 2907 inaequalitatum.
1160 2831 1225 2894 Neo
1249 2832 1328 2892 euim
1351 2848 1406 2911 per
1430 2841 1527 2896 totnnr

163 2918 304 2982 circulum
329 2924 417 2978 tanta
441 2924 489 2975 est
512 2913 664 2975 discordia
689 2915 819 2976 locorum
844 2934 881 2976 ex
905 2917 1078 2995 corporibus
1102 2928 1134 2979 et
1152 2939 1189 2980 ex
1205 2917 1373 3000 Copernico
1393 2922 1527 3000 planetis

162 3008 397 3088 assignatorum,
424 3023 478 3065 nec
503 3003 638 3082 aequalis
663 3004 753 3065 etiarn
778 3005 806 3064 in
832 3005 967 3067 omnibus
991 3007 1238 3070 revolutionibus.
1272 3011 1375 3090 Atque
1401 3030 1458 3090 ego
1482 3011 1527 3074 sic'

162 3096 313 3171 existimo,
339 3094 398 3155 etsi
422 3092 610 3154 certissimae
634 3101 737 3154 essent
760 3093 955 3169 Prntenicae,
980 3103 1070 3174 atque
1094 3097 1251 3159 verissime
1274 3116 1329 3177 per
1353 3100 1432 3161 hanc
1456 3119 1526 3163 cor-

160 3205 266 3267 porum
289 3183 551 3261 interpositionem
576 3200 692 3242 errores
716 3181 767 3242 isti
797 3183 1074 3261 committerentur,
1110 3205 1169 3247 non
1201 3205 1292 3265 posse
1326 3197 1429 3250 tamen
1455 3189 1525 3268 jure

161 3274 251 3354 abjici
276 3283 339 3335 tarn
364 3271 539 3333 concinnum
563 3269 742 3351 ε’πιχειρημα,
765 3280 935 3350 propterea,
961 3273 1040 3352 quod
1064 3292 1148 3335 error
1170 3275 1221 3336 ille
1240 3276 1269 3337 in
1285 3276 1417 3339 minimis
1432 3286 1526 3341 esset.

162 3363 255 3444 Atqui
281 3382 339 3423 non
364 3368 483 3421 tantum
508 3360 654 3420 incertum
678 3369 742 3434 est,
767 3367 900 3422 utrorum
923 3361 998 3422 vitio
1023 3361 1194 3425 differentia
1217 3364 1293 3426 haec
1316 3366 1448 3443 existat,
1473 3367 1528 3428 sed

162 3461 269 3514 eontra
291 3469 402 3530 magna
425 3448 556 3527 suspicio
581 3458 613 3509 et
642 3449 737 3510 multa
766 3456 958 3529 argumenta,
991 3453 1139 3513 calculum
1167 3453 1263 3532 ipsum
1293 3461 1324 3516 et
1346 3454 1528 3518 Prutenicas

163 3541 284 3604 tabulas
308 3541 336 3601 in
362 3539 451 3618 eulpa
473 3538 608 3598 versari:
643 3537 718 3599 adeo
747 3546 781 3599 ut
803 3557 913 3618 magna
936 3540 1109 3617 conjectura
1133 3550 1238 3604 contra
1265 3562 1313 3604 me
1343 3543 1469 3621 fuisset,
1501 3544 1528 3606 si

162 3649 229 3692 cum
253 3629 383 3691 numeris
409 3627 567 3705 Copernici
592 3626 711 3704 penitus
736 3627 966 3689 consensissem.
983 3631 1009 3703 ⁸)

250 3718 362 3780 Eorum
386 3726 487 3778 autem
512 3725 755 3792 argumentorum
774 3716 830 3776 hoc
849 3717 973 3794 primurn
994 3728 1070 3792 esto,
1097 3719 1175 3798 quod
1192 3720 1372 3783 Prntenicns
1392 3722 1527 3785 calculus

163 3828 220 3871 non
245 3827 313 3870 raro
337 3808 366 3869 in
392 3805 569 3884 colligendis
592 3804 782 3883 planetarum
806 3805 879 3865 locis
906 3807 1028 3868 fallitur.
1075 3808 1174 3869 Multa
1198 3809 1318 3889 quidem
1341 3812 1529 3874 restauravit

163 3898 249 3960 uobis
265 3896 451 3977 Copernicus
470 3897 499 3958 in
525 3894 660 3974 collapsa
678 3903 810 3954 motuum
830 3895 967 3970 scientia,
992 3897 1143 3976 multoque
1159 3908 1273 3970 nostra,
1298 3918 1386 3979 quarn
1405 3909 1529 3981 patrum

165 3987 325 4062 memoria,
354 3986 456 4067 purior
481 3991 528 4046 est
553 3983 747 4044 astronomia.
796 3983 1001 4045 Veruntamen
1027 3986 1053 4045 si
1076 4004 1139 4047 rem
1162 3987 1260 4065 ipsam
1283 3989 1405 4067 penitus
1428 3990 1527 4073 inspi-

163 4077 288 4149 ciamus,
313 4075 404 4136 fateri
419 4075 522 4155 utique
538 4090 687 4153 cogemur,
713 4092 766 4132 nos
791 4071 829 4131 ab
853 4072 906 4133 illa
927 4074 1018 4135 beata
1037 4083 1068 4135 et
1087 4075 1213 4153 optabili
1235 4077 1422 4154 perfectione
1447 4079 1528 4141 haud

163 4165 257 4227 multo
281 4164 403 4243 propius
432 4163 560 4236 abesse,
595 4180 683 4242 quarn
713 4161 751 4221 ab
781 4160 925 4224 hodierna
952 4172 1040 4224 vetus
1065 4164 1153 4225 abest
1175 4166 1371 4229 astronomia.
1418 4164 1530 4248 Longa

161 4255 212 4315 via
245 4264 311 4327 est,
346 4248 378 4314 ει
409 4253 511 4312 variae
544 4250 686 4329 ambages
716 4251 754 4310 ad
784 4250 859 4310 lianc
882 4252 1054 4313 veritatem.
1101 4253 1311 4317 Monstramut
1332 4256 1417 4317 illam
1440 4257 1528 4319 nobis

163 4352 299 4419 veteres,
322 4340 452 4422 ingressi
476 4349 546 4404 sunt
569 4340 699 4418 majores
724 4339 836 4411 nostri,
861 4360 914 4402 nos
939 4340 1007 4402 illos
1032 4344 1248 4403 antevertimns
1276 4352 1310 4405 et
1332 4345 1429 4424 gradu
1453 4365 1527 4426 pro·

162 4432 239 4516 piari
263 4431 473 4504 consistimus,
505 4429 559 4492 sed
587 4438 698 4491 anetam
727 4428 855 4489 nondum
885 4430 1049 4508 attigimus.
1096 4432 1163 4493 Non
1189 4451 1245 4512 ego
1268 4432 1343 4494 haec
1367 4433 1396 4495 in
1422 4445 1528 4498 astro·

163 4522 282 4584 nomiae
306 4528 489 4584 contemtum
513 4519 589 4580 dico.
628 4518 687 4579 Est
711 4517 813 4597 aliqua
836 4520 954 4597 prodire
978 4528 1076 4591 tenus,
1101 4520 1127 4581 si
1150 4540 1208 4582 uon
1233 4522 1322 4584 datur
1344 4523 1447 4586 ultra:
1473 4525 1529 4587 sed

164 4612 246 4687 ideo,
276 4631 312 4674 ne
338 4610 404 4691 quis
430 4619 542 4672 temere
566 4608 688 4688 gravius
712 4608 781 4688 quid
805 4607 839 4682 in·
858 4610 934 4670 hanc
959 4609 1138 4671 discordiam
1162 4618 1295 4685 statuat,
1328 4620 1360 4673 ει
1384 4612 1456 4676 dnm
1479 4632 1529 4677 me

164 4701 243 4779 petit
266 4712 297 4763 et
320 4702 394 4762 haec
415 4697 434 4763 5
455 4716 595 4779 corpora,
620 4697 650 4758 in
674 4697 741 4776 ipsa
765 4696 959 4761 fundamenta
983 4699 1184 4760 astronomiae
1208 4700 1344 4762 insultet.
1383 4702 1434 4764 Ad
1459 4723 1528 4766 oru-

163 4788 244 4851 nium
268 4791 414 4853 artificum
439 4786 668 4853 observationes
694 4803 843 4868 provoco:
873 4806 910 4848 ex
939 4788 1045 4869 quibus
1072 4788 1175 4851 videre
1198 4796 1260 4865 est,
1291 4798 1406 4872 quauta
1433 4810 1528 4876 saepe
