3366 5482
584 251 617 304 r.
634 206 889 322 nuo'ueuoro
1352 256 1418 327 aon

57 418 140 488 rant,
175 430 236 491 qua
257 412 289 474 vi
310 410 438 475 infantis
461 411 583 490 genesis
611 414 715 491 genesi
745 415 882 493 parentis
912 415 946 477 fit
973 415 1093 492 similis,
1127 434 1186 496 qua
1218 417 1247 479 ri
1275 427 1417 498 aspectus

56 503 248 582 planetarum
271 501 435 563 secuudum
458 502 583 580 liguram
607 502 872 564 demonstrabilem
897 505 935 565 ab
958 504 1064 566 animis
1084 513 1115 567 et
1135 505 1238 566 formis
1262 506 1416 580 sentitur).

57 592 101 652 At
123 589 205 670 qnod
234 608 292 651 uon
326 590 507 669 ingreditur,
541 610 599 651 non
624 598 741 664 moret;
780 610 870 670 quare
895 598 956 654 uec
978 613 1044 655 cnm
1067 595 1208 674 planetae
1233 590 1345 673 51⁸1st
1367 595 1415 659 di·

57 687 150 753 stant,
176 678 342 740 movebunt
363 688 519 752 uatnram3
544 697 601 739 nou
626 679 704 739 enim
728 686 776 740 est
798 680 974 742 harmonica
997 682 1159 757 distantia,
1185 701 1251 743 cum
1273 701 1416 761 praescr*

57 768 109 830 tim
134 768 347 846 septangulum
370 786 425 828 uec
448 768 586 846 regulare
611 786 719 846 corpus
743 769 920 843 conformat,
945 789 1000 831 uec
1014 771 1181 850 planitiem,
1207 790 1250 832 sc.
1266 771 1413 851 nuspiam,

56 875 149 938 quare
174 875 229 916 nec
253 855 283 917 iu
306 855 400 918 radiis
424 857 623 935 planetarum,
648 876 702 919 uec
727 857 755 917 in
780 857 872 920 sonis.
919 859 1002 920 Haec
1026 859 1118 939 igitur
1140 859 1216 920 bene
1230 859 1321 920 velim
1339 879 1415 922 cou-

56 945 183 1008 sideres.
230 944 298 1024 Ego
322 952 463 1024 aspertus
487 945 542 1005 hos
566 954 638 1023 puto
663 964 709 1006 me
733 946 836 1006 videre
860 947 980 1009 fortiter
1003 955 1140 1027 agentes,
1164 948 1218 1008 scd
1242 948 1289 1009 vis
1312 967 1415 1013 eorum

57 1033 251 1096 aestimanda
274 1041 383 1094 estex
406 1034 522 1095 ratione
548 1035 827 1095 demonstrationis:
861 1037 939 1096 latus
964 1035 1161 1116 sexanguli
1184 1037 1281 1117 ipsum
1304 1055 1359 1117 ρετ
1382 1059 1415 1101 se

57 1131 104 1185 est
128 1118 229 1202 ἑητω,
251 1140 321 1183 unm
345 1121 471 1202 aequale
496 1132 543 1184 est
567 1123 807 1197 semidiametro;
833 1124 1009 1203 quadrati
1035 1124 1138 1186 lateris
1163 1126 1343 1206 quadratum
1366 1133 1415 1190 est

56 1209 156 1290 ῥρτω,
181 1230 252 1271 uam
276 1210 429 1272 dimidium
454 1220 502 1272 est
525 1212 664 1292 quadrati
689 1211 845 1286 diametri;
869 1212 1008 1293 trigoni
1032 1213 1137 1275 lateris
1162 1214 1341 1293 quadratum
1365 1223 1415 1277 est

57 1301 94 1362 ad
119 1300 301 1381 quadratum
325 1300 464 1361 diametri
489 1309 522 1361 ut
546 1297 565 1362 3
591 1301 629 1361 ad
653 1297 689 1374 l;
722 1302 932 1380 conjunctio
958 1311 1006 1364 est
1029 1303 1058 1363 in
1082 1302 1273 1382 geometricis
1296 1303 1415 1382 integer

57 1389 188 1451 circulus
212 1407 264 1449 seu
288 1397 440 1469 puuctum,
465 1408 518 1450 seu
542 1389 665 1450 nullitas
690 1390 791 1469 anguli
815 1390 974 1464 radiorum,
1001 1391 1029 1452 lr.
1055 1410 1082 1452 ε.
1107 1390 1324 1465 coincidentia;
1349 1410 1413 1472 op-

57 1477 197 1558 positio
221 1476 288 1557 ipsa
312 1478 459 1540 diameter
482 1486 545 1551 est,
580 1497 664 1538 mera
695 1478 840 1539 identitas
872 1499 925 1539 seu
955 1498 1140 1556 noroqonne
1178 1478 1352 1559 quintilis
1382 1488 1416 1542 et

58 1566 279 1648 biquiutilis
303 1568 451 1644 quadrata
471 1568 577 1647 juncta
600 1575 670 1628 suut
694 1568 732 1627 ad
757 1567 936 1647 quadratum
960 1567 1098 1630 diametri
1121 1575 1154 1628 ut
1178 1564 1198 1630 5
1223 1568 1262 1628 ad
1285 1565 1317 1631 d.
1355 1568 1413 1630 Di·

59 1656 125 1715 visa
148 1673 207 1714 uon
232 1655 269 1714 ad
293 1655 430 1731 invicem,
456 1675 509 1716 nec
533 1656 571 1717 ad
596 1656 775 1736 quadratum
799 1656 947 1730 diametri,
973 1668 1005 1719 ut
1024 1675 1162 1718 numerus
1187 1656 1225 1716 ad
1249 1675 1412 1732 numerum,

59 1744 113 1804 hoc
157 1743 259 1823 itaque
296 1744 414 1804 nomine
447 1753 517 1806 snut
553 1745 618 1805 loco
650 1745 827 1823 posteriore.
880 1745 958 1806 Vide
995 1745 1167 1806 methodum
1199 1744 1414 1826 polygouomm

60 1831 219 1905 (Adriani)
243 1831 383 1895 Romani.
430 1835 494 1894 Nec
519 1834 596 1895 enim
619 1833 715 1912 prima
744 1852 797 1894 nec
821 1834 968 1909 secunda,
1003 1835 1057 1897 sed
1080 1833 1172 1895 tertia
1195 1834 1312 1894 demum
1336 1853 1412 1914 qua·

60 1923 149 1983 mata
172 1920 202 1981 iu
227 1922 357 1983 numeris
381 1930 555 2002 aequantur.
602 1922 744 1983 Potentia
773 1922 1037 2003 quinquangularis
1066 1922 1172 1984 lateris
1202 1921 1338 2001 aequalis
1366 1929 1415 1984 est

58 2009 215 2090 potentiae
257 2011 470 2072 semidiametri
515 2019 547 2072 et
583 2011 737 2089 potentiae
782 2011 886 2072 lateris
926 2010 1156 2091 decaogularis,
1206 2011 1285 2090 quod
1322 2010 1413 2072 babet

61 2117 145 2161 suam
179 2097 459 2161 determinationem
494 2101 523 2160 in
548 2101 643 2178 gradu
666 2107 791 2161 remoto.
840 2099 916 2160 lllud
945 2102 1123 2182 quadratum
1147 2099 1189 2160 sit
1217 2099 1297 2174 AB,
1332 2099 1415 2180 cujus
1480 2165 1482 2168 Α

56 2189 119 2268 jam
143 2187 225 2248 latus
249 2185 310 2249 AC
334 2189 437 2268 nequit
461 2187 584 2267 exprimi
609 2207 739 2250 numero.
783 2187 830 2249 Ab
853 2188 909 2248 boc

61 2276 217 2358 quadrato,
243 2277 327 2355 cujus
352 2277 488 2356 cognitus
513 2285 561 2338 est
584 2296 737 2350 numerus,
769 2277 910 2338 eximitur
952 2334 959 2358 ἦ

61 2365 239 2446 quadratum
273 2365 368 2439 aliud,
404 2366 481 2445 quod
510 2366 607 2444 ipsum
640 2384 706 2425 cum
736 2384 789 2426 suo
813 2365 909 2426 latere

60 2462 161 2533 potest
185 2453 310 2532 exprimi
327 2473 458 2525 numero,
483 2455 556 2515 AD.
596 2453 725 2515 Secutus
740 2453 831 2532 igitur
845 2451 908 2514 Ac

61 2543 87 2603 iu
110 2541 139 2603 Ε
164 2542 283 2603 ratione
306 2543 443 2621 coguita;
478 2563 532 2603 nec
565 2551 665 2603 tamen
699 2559 820 2603 numero
854 2561 910 2602 ex-

60 2631 145 2710 primi
169 2639 272 2710 potest
287 2628 355 2705 Ec,
377 2651 443 2693 curn
466 2628 554 2710 ῥητοτ
568 2630 629 2691 ΑΕ
654 2631 692 2692 ab
716 2627 834 2712 ἆρ’ῥητῳ
849 2628 910 2692 ΑΟ

60 2720 193 2781 ablatum
208 2719 359 2800 relinquat
382 2717 510 2800 ἀῤῥρτοε
524 2719 593 2782 EC.
629 2719 671 2780 Et
685 2720 755 2798 quia
774 2718 843 2793 EC,
861 2718 912 2798 ἀῤ-

61 2805 166 2890 ῥρτεν,
200 2808 227 2868 iu
252 2828 285 2868 se
309 2810 405 2886 ipsum
430 2811 551 2871 ductum
572 2807 645 2870 iacit
664 2809 746 2881 DB,
774 2808 865 2888 igitur
880 2815 912 2868 et

60 2898 121 2959 DB
148 2892 286 2978 ἀῤῥρτω.
334 2897 381 2959 Ex
410 2918 466 2978 quo
495 2908 526 2959 et
555 2898 613 2959 alio
643 2893 720 2977 ῥρτῳ
752 2898 909 2977 quadrato,
946 2899 964 2954 J

61 3006 85 3049 u.
111 2986 344 3060 semidiametri,
378 2987 565 3066 componitur
595 2987 771 3066 quadratum
802 2985 910 3047 lateris

61 3074 284 3156 quinquanguli.
331 3077 396 3136 Hoc
424 3076 603 3156 quadratum
636 3093 694 3135 non
725 3084 772 3135 est
799 3093 909 3153 perse

61 3163 263 3244 comparabile
288 3165 327 3225 ad
351 3165 539 3233 diametrum,
564 3165 616 3226 sed
640 3182 694 3243 per
716 3163 908 3224 ablationem.
944 3181 968 3232 ρ

60 3252 137 3315 Nam
152 3252 211 3314 AB
226 3252 294 3330 plus
317 3252 410 3314 habet
424 3272 512 3334 quam
527 3252 586 3313 ΑΙ)
610 3261 640 3312 et
656 3253 720 3325 DB,
738 3271 843 3329 nempe
862 3252 920 3312 ΡΙ)
936 3259 967 3313 et
987 3249 1053 3326 Du,
1082 3259 1114 3313 et
1129 3259 1178 3314 est
1193 3249 1395 3331 comparabile
1402 3267 1413 3324 3

61 3341 122 3403 AD
148 3341 254 3403 itidem
278 3349 326 3402 est
349 3341 561 3421 comparabile.
610 3342 643 3402 ld
669 3341 818 3414 aulertnr3
843 3341 930 3401 simul
959 3350 1058 3403 antem
1082 3342 1193 3403 cadunt
1213 3342 1273 3402 ΡΙ)
1298 3336 1413 3413 etDO,

61 3428 318 3509 incomparabilia,
344 3431 473 3491 retinent
498 3439 597 3490 tamen
622 3449 706 3490 suam
732 3430 1012 3490 determinationem
1037 3430 1075 3491 ab
1090 3430 1161 3504 AB,
1187 3430 1263 3505 AD,
1288 3447 1413 3507 compa-

62 3519 216 3590 rabilibus,
241 3526 275 3579 ut
297 3519 481 3599 relinquatur
506 3518 566 3579 DB
591 3518 760 3598 quaesitum
785 3518 1030 3598 incomparabile.

145 3607 207 3668 Est
234 3606 326 3687 igitur
354 3609 430 3668 baec
458 3626 573 3687 quoque
602 3607 747 3668 mirabilis
776 3607 978 3686 quantitatum
1011 3616 1138 3679 natura,
1171 3607 1301 3667 sortiens
1329 3622 1415 3666 suam

64 3695 341 3759 determinationem
367 3696 404 3757 ab
428 3697 590 3757 ablatione.
639 3694 799 3770 Quamvis,
829 3705 862 3757 ut·
886 3696 941 3757 hoc
966 3696 1089 3770 addam,
1119 3701 1185 3755 tnta
1207 3695 1283 3756 baec
1307 3711 1413 3755 esseu-

66 3786 120 3847 tiae
144 3786 224 3846 ratio
248 3793 305 3846 est.
353 3784 452 3847 Aliter
480 3786 581 3864 itaque
611 3785 780 3846 subsistunt
813 3785 1026 3856 (subsistentia
1055 3777 1290 3863 quantitativa),
1327 3781 1416 3844 aliter

67 3881 287 3955 comparantur3
325 3874 380 3935 hoc
410 3874 470 3935 illis
494 3874 605 3935 accidit
629 3895 647 3935 a
671 3882 780 3935 mente.
830 3871 890 3933 Sed
915 3874 952 3934 ad
977 3892 1048 3934 rem.
1095 3872 1160 3933 Hoc
1184 3871 1286 3952 itaque
1309 3890 1416 3951 genus,

69 3971 93 4023 ut
114 3962 329 4045 quinquanguli
347 3964 435 4036 latus,
462 3963 603 4023 consistit
631 3962 658 4023 iu
689 3969 805 4024 remota
829 3962 1052 4042 comparatione
1078 3969 1108 4021 et
1132 3959 1275 4022 abhorret
1298 3980 1317 4020 a
1340 3958 1413 4022 reli-

70 4054 132 4130 quis.
181 4055 248 4114 Hoc
271 4070 318 4112 me
342 4052 431 4113 valde
455 4052 598 4112 turbarit.
647 4051 817 4113 Videbatur
836 4051 914 4112 enim
938 4051 993 4111 hoc
1016 4057 1107 4129 paeto
1131 4048 1204 4110 nihil
1229 4049 1332 4111 valere
1357 4049 1413 4110 de-

71 4138 143 4218 bere,
174 4159 244 4205 cum
268 4158 325 4201 uou
350 4160 383 4201 se
408 4141 473 4220 ipso
497 4141 685 4219 intelligatur
708 4148 739 4201 et
762 4147 962 4219 comparetur.
1010 4137 1117 4200 Erexit
1139 4156 1186 4198 me
1217 4145 1318 4221 tamen
1341 4157 1414 4200 ruu-

73 4229 145 4295 sica.
194 4229 270 4294 Cum
295 4229 371 4289 enim
397 4230 488 4291 tertia
511 4229 609 4290 mollis
634 4231 675 4291 sit
698 4249 716 4290 a
739 4230 914 4308 sexangulo,
940 4227 1032 4290 tertia
1053 4227 1127 4288 dura
1151 4226 1414 4308 aquiuquangulo,

74 4328 140 4380 cene
158 4317 320 4401 jucundior
344 4318 550 4398 (quantumvis
575 4320 666 4390 dura)
691 4326 738 4379 est
763 4318 853 4379 tertia
878 4319 968 4392 dura,
1002 4315 1099 4378 mollis
1123 4335 1227 4395 parurn
1253 4316 1358 4390 abest,
1383 4319 1433 4376 ut'

75 4420 119 4469 non
140 4413 294 4472 consonet.
342 4405 485 4486 Oportuit
499 4407 591 4487 igitur
606 4408 683 4468 ratio
707 4429 726 4468 a
745 4427 792 4468 me
812 4404 987 4486 excogitari,
1013 4425 1071 4486 qna
1094 4405 1186 4467 etiam
1208 4406 1321 4466 multae
1337 4402 1415 4464 aliae

75 4490 168 4571 figurae
201 4496 416 4560 consonantias
441 4498 575 4558 iacturae
600 4497 742 4570 luissent,
776 4515 842 4557 cum
871 4496 960 4555 valde
989 4490 1115 4575 άρρητοι
1145 4493 1222 4568 sint,
1256 4491 1311 4553 nisi
1346 4489 1415 4552 aliis

76 4587 156 4648 causis
183 4584 411 4665 impedirentur.
459 4587 509 4646 lta
539 4586 624 4646 vides
658 4586 686 4646 in
720 4585 867 4664 prioribus
900 4583 1014 4656 literis,
1048 4581 1174 4662 relinqui
1207 4580 1413 4659 decaogulum,

81 4660 136 4750 ³11„
157 4692 248 4737 unam
271 4680 409 4735 octavam
434 4673 503 4745 dre,
533 4676 715 4753 multasque,
749 4674 807 4734 imo
831 4672 963 4734 infinitas
988 4672 1075 4734 alias.
1124 4668 1225 4732 (lausa
1248 4687 1337 4743 vero,
1363 4685 1415 4728 cur

77 4750 99 4814 5⁰
121 4763 280 4845 sexangulo
308 4763 498 4843 praepolleat
528 4763 619 4826 tertia
648 4762 724 4824 dura
751 4762 846 4836 molli,
881 4769 930 4824 est
961 4761 1066 4824 itidem
1094 4777 1131 4820 ex
1159 4757 1414 4820 demonstratione
