3366 5482
759 224 974 305 Μ’
1348 234 1517 307 ’33

159 410 216 453 non
241 392 366 452 moreat
387 391 462 453 haec
485 393 655 459 calumnia?
695 392 851 457 Recordor
873 396 954 460 illius
978 397 1036 460 tui
1045 397 1095 458 ovi
1119 396 1516 501 christophorocolumbani.
1595 446 1600 460 .

159 479 289 542 Scilicet
311 480 440 556 homini,
470 501 536 550 curn
563 473 697 565 ιιιιιιιιιι,
727 483 837 546 habere
865 505 911 547 me
940 484 1085 548 adversos
1109 488 1209 567 magni
1232 488 1360 562 nominis
1383 487 1464 550 viros
1486 488 1518 550 iu

159 588 255 650 cansa
284 569 429 673 conjugii,
460 571 575 650 placuit
603 572 701 635 oleum
728 573 844 635 camino
875 575 985 638 addere
1009 584 1041 637 et
1063 594 1161 638 meam
1184 575 1436 638 existimationem
1459 595 1521 639 una

160 677 228 721 cnm
239 658 391 821 &litigio
414 659 444 720 in
475 660 572 728 fumos
596 679 698 742 agere.
744 659 807 723 Sed
834 663 921 725 venio
950 664 988 729 ad
1021 663 1155 726 tabulam
1187 684 1257 793 pag.
1282 653 1323 728 76
1347 652 1401 728 &c
1433 665 1524 749 (vide-

160 765 237 810 anno
523 782 526 787 ·

155 847 158 852 ⁴
249 835 402 912 Existimo
425 857 473 899 me
496 837 617 900 hodie
609 858 637 900 rn
662 838 803 924 tribunali
826 841 941 904 sedere.
985 812 1085 922 Usque
1110 841 1185 902 adeo
1209 841 1318 904 obmor
1340 841 1400 903 tuis
1425 860 1517 904 excu-

163 925 341 999 sationibus.
386 926 467 990 Ecce
490 946 580 1009 quam
602 945 747 1006 operosus
776 948 809 990 es
838 930 869 991 in
899 931 1031 1032 negotio⁸
1042 919 1225 993 mendorum.
1270 931 1338 993 Νοιι
1363 950 1427 997 sum
1451 949 1517 1010 ego,

163 1015 382 1079 clarissimed.
406 1017 606 1096 Praeceptor,
633 1036 670 1077 ex
694 1036 796 1087 eorum
819 1039 954 1094 numero,
984 1019 1046 1100 qui,
1076 1019 1134 1082 nisi
1158 1019 1329 1100 ephippium
1353 1038 1419 1081 cum
1443 1037 1517 1100 equu

165 1106 267 1175 dones,
293 1124 402 1187 equum
415 1106 525 1168 nudum
540 1106 705 1168 remittunt.
743 1107 808 1168 Nec
832 1109 920 1170 aliter
943 1117 1109 1170 erratorum
1133 1109 1304 1188 catalogum
1327 1109 1518 1190 misianum
1625 1165 1631 1180 ,

165 1202 197 1259 ιι
218 1193 265 1256 ita
288 1195 486 1274 subjungatur
509 1195 585 1257 calci
609 1194 716 1269 libelli,
742 1195 850 1258 sinon
874 1205 992 1278 tempus
1016 1197 1046 1261 id
1069 1198 1239 1300 prohibeat.
1311 1251 1314 1254 Δ

251 1282 385 1346 Rursum
408 1303 477 1348 ecce
501 1285 563 1346 alia
586 1284 742 1347 excusatio
762 1286 798 1346 de
813 1283 935 1349 Rhetici
954 1287 1136 1361 narratione,
1160 1287 1245 1366 cujus
1268 1305 1346 1368 ego
1347 1303 1405 1346 non
1429 1274 1522 1348 aliam

166 1374 200 1435 ob
224 1392 299 1446 rem,
324 1393 414 1454 quam
436 1382 561 1454 propter
582 1381 709 1449 sumtus,
733 1374 914 1445 mentionem
938 1376 1004 1438 feci.
1050 1372 1199 1456 Equidem
1223 1376 1322 1449 credo,
1347 1373 1520 1435 existimare

166 1471 212 1537 te,
243 1462 324 1524 lecto
353 1482 411 1524 uno
440 1471 529 1543 atque
554 1463 649 1524 altero
673 1463 764 1526 verbo
788 1464 868 1526 illius
891 1466 975 1527 mea'e
1004 1466 1171 1544 epistolae,
1204 1472 1234 1526 te
1262 1463 1382 1545 penitus
1405 1481 1522 1525 omnem
1551 1469 1552 1473 ’

167 1570 287 1631 operam
311 1551 430 1612 inanem
453 1552 581 1626 locasse,
606 1552 718 1633 tibique
743 1552 808 1631 ejus
832 1555 913 1633 apud
933 1574 981 1616 me
1004 1573 1121 1616 omnem
1139 1554 1265 1633 periisse
1284 1552 1422 1632 gratiam.
1460 1549 1522 1620 Cur

167 1648 267 1702 autem
291 1640 370 1702 illius
393 1660 441 1702 me
463 1640 657 1703 Narrationis
679 1641 852 1721 poeniteat,
885 1663 974 1724 quam
1003 1643 1130 1722 primus·
1143 1662 1199 1722 ego
1227 1640 1403 1722 cupiebam,
1435 1649 1469 1701 ut
1490 1638 1523 1705 iu

166 1730 295 1810 epistola
318 1729 418 1792 adD.
444 1730 485 1792 D.
508 1730 726 1793 Halerefferum
749 1729 929 1795 Stuccardia
950 1732 1045 1794 missa
1068 1740 1200 1794 testatus
1228 1750 1308 1805 sum,
1339 1730 1520 1809 subjungere

167 1839 231 1882 meo
255 1818 425 1899 opusculo?
471 1819 547 1880 Tum
570 1827 669 1882 autem
693 1819 743 1883 ille
766 1820 964 1883 dissuaserat.

253 1906 404 1970 Carminis
429 1908 468 1969 ad
491 1894 650 1990 tabellam
658 1909 775 1971 authori
800 1910 875 1973 Leib
879 1910 965 1980 frido,
991 1911 1127 1992 quamvis
1150 1909 1252 1985 ignoto
1276 1908 1312 1969 de
1337 1908 1424 1982 facie,
1448 1925 1521 1985 gra·
1586 1978 1588 1984 J

167 2000 222 2060 tias
248 2016 308 2077 ago
327 2015 382 2076 pro
402 1998 530 2059 honesta
548 2017 604 2059 sua
627 1998 782 2060 voluntate
806 2008 838 2061 et
856 1994 970 2079 judicio
994 2000 1030 2062 de
1055 2019 1119 2060 me:
1144 1997 1245 2078 illique
1271 1997 1402 2058 vicissim
1417 2015 1520 2058 exem-

167 2088 230 2166 plar
254 2085 392 2165 opusculi
416 2088 503 2161 ιιοιιο,
528 2087 596 2148 dum
619 2087 689 2167 quid
712 2087 756 2148 illi
782 2106 870 2168 porro
896 2108 1011 2170 quoque
1034 2088 1146 2150 servire
1171 2085 1294 2164 possim,
1318 2085 1493 2175 intelligam.
1600 2121 1602 2124 <

252 2176 353 2238 Venio
386 2175 425 2236 ad
457 2175 588 2239 Schema
621 2174 695 2255 cap
729 2173 781 2238 22.
836 2177 878 2239 Et
909 2188 997 2252 sane,
1039 2177 1093 2280 qni
1122 2177 1272 2255 hucusque
1304 2174 1431 2255 legendo
1464 2192 1524 2236 nou

170 2264 303 2344 concepit
327 2265 526 2367 suspicionem
549 2264 675 2344 alicujus
698 2274 769 2327 tuae
793 2267 979 2342 offensionis,
1004 2267 1029 2328 is
1048 2267 1114 2345 jam
1138 2264 1306 2344 concipiet:
1332 2264 1400 2325 dum
1424 2262 1524 2325 omnia

170 2355 258 2417 etiam
280 2353 375 2416 rerba
397 2354 525 2435 regeris,
554 2354 639 2434 quasi
669 2354 800 2434 litiganti
823 2356 896 2418 mihi
919 2355 1063 2434 tenereris
1087 2355 1270 2434 singulorum
1295 2352 1426 2415 rationes
1449 2351 1522 2413 red-
1631 2370 1636 2383 ·

171 2444 244 2506 dere.
291 2443 373 2523 Ego,
405 2463 480 2524 quae
504 2439 704 2523 superioribus
729 2444 826 2506 literis
850 2446 886 2507 de
909 2445 966 2507 hac
989 2463 1021 2508 re
1045 2444 1165 2524 scripsi,
1191 2462 1249 2504 non
1271 2441 1393 2522 scripsi,
1418 2441 1522 2522 utin·

173 2533 309 2606 dicarem,
333 2552 380 2594 me
404 2532 500 2594 adhuc
524 2532 638 2613 aliquid
661 2533 831 2595 desiderare
839 2553 848 2608 ;
873 2534 928 2596 sed
951 2543 984 2596 ut
1006 2534 1140 2607 videres,
1165 2551 1254 2614 quam
1271 2530 1319 2594 'sit
1340 2529 1411 2593 mihi
1435 2536 1529 2616 grata,
1610 2594 1612 2600 ,

172 2621 324 2696 correctio,
349 2629 383 2687 ιι
405 2622 456 2702 qni
478 2622 569 2683 etiam
591 2621 658 2701 plus
677 2622 786 2702 corrigi
805 2624 943 2703 optarim.
981 2623 1059 2684 Dum
1079 2632 1179 2684 autem
1193 2621 1284 2699 juxta
1296 2627 1524 2702 praeceptorem

171 2731 262 2774 meum
285 2729 376 2790 agere
400 2730 460 2772 non
482 2710 620 2784 desistis,
650 2719 681 2772 et
704 2711 857 2791 negotium
885 2712 922 2773 de
950 2720 1098 2792 aequante
1128 2710 1288 2790 explicas,
1306 2709 1399 2783 sacis,
1428 2716 1479 2770 ut
1484 2726 1531 2771 ue-

172 2820 242 2862 nuuc
266 2800 386 2881 quidem
410 2819 457 2860 me
481 2807 564 2861 tuum
582 2799 702 2879 jactare
722 2801 899 2880 discipulum
919 2801 1065 2863 desistere
1085 2800 1207 2891 possim,
1232 2798 1358 2860 modo
1334 2817 1391 2860 sum
1406 2795 1521 2860 docilis.

173 2889 209 2952 Et
230 2909 305 2953 saue
330 2889 396 2969 jam
426 2890 543 2950 demum
566 2889 717 2968 negotium
740 2890 887 2969 intelligo
934 2891 998 2975 Νει
1022 2891 1118 2953 minus
1141 2907 1248 2952 sanum
1271 2896 1303 2949 et
1325 2887 1397 2949 illud
1422 2886 1523 2948 cousi-

172 2979 238 3042 hnm
261 2979 299 3040 de
324 2978 516 3040 moderandis
540 2978 586 3040 his
610 2979 876 3057 speculationibus.
908 2979 988 3042 Ecce
1004 2980 1040 3041 de
1054 2978 1141 3040 Luna
1157 2976 1392 3056 philosophema,
1418 2983 1523 3046 natum

172 3068 244 3132 iuter
268 3067 472 3142 scribendum,
502 3068 553 3129 vix
580 3067 702 3129 dimisso
731 3068 849 3143 nuntio,
878 3089 911 3130 se
939 3069 1037 3148 ipsum
1065 3067 1136 3130 mihi
1160 3067 1196 3127 de
1221 3065 1356 3129 salsitate
1378 3063 1520 3148 prodidit

173 3156 292 3221 Scilicet
306 3157 417 3219 accrdrt
432 3114 512 3233 mihi,
537 3156 676 3237 quodum,
702 3157 751 3237 qui
771 3166 883 3221 motum
902 3167 1077 3238 perpetuum
1100 3156 1325 3218 machinantur:
1350 3163 1383 3215 ut
1405 3153 1523 3215 scilicet

173 3267 219 3327 pro
243 3256 327 3309 motu
351 3246 557 3348 aequilibrium
580 3246 720 3320 habeant,
746 3254 827 3311 motu
850 3257 963 3309 motum
987 3253 1216 3326 compensante:
1242 3243 1285 3305 sic
1304 3244 1399 3316 Luna,
1425 3262 1521 3323 quau-

173 3334 368 3417 tumperr'rox
379 3335 547 3416 promoveri
570 3335 709 3411 debebat,
734 3344 800 3397 tant
803 3355 849 3397 um
870 3337 961 3397 silens
987 3336 1179 3421 impediretur
1202 3335 1313 3412 (comp.
1335 3341 1437 3408 annot.
1453 3328 1520 3404 62).

252 3426 326 3488 Jam
348 3422 390 3486 ad
412 3433 532 3504 pactum
556 3425 633 3524 quod
662 3426 790 3486 attinet:
821 3425 912 3486 etiam
940 3444 985 3487 me
1015 3432 1115 3504 sumtu
1082 3424 1246 3485 tlevare
1270 3429 1431 3492 statueras
1477 3422 1523 3482 At

173 3534 223 3620 ego
244 3515 329 3591 nolo,
354 3533 422 3575 cum
444 3533 536 3594 opera
559 3511 651 3575 etia'm
672 3514 830 3593 pecuniam
853 3515 995 3576 insumas.
1043 3492 1124 3584 Quin
1149 3519 1182 3573 ut
1204 3526 1297 3591 nuper
1320 3509 1442 3591 scripsi,
1467 3529 1520 3570 ac-

174 3605 243 3684 cipio
265 3564 332 3668 206
356 3603 548 3683 exemplaria,
574 3603 684 3683 tibique
709 3603 762 3664 illa
785 3599 829 3664 50
848 3603 980 3683 relinquo
1005 3602 1076 3664 doni
1098 3603 1173 3676 loco,
1199 3601 1225 3663 si
1248 3618 1350 3662 eorum
1372 3597 1429 3681 tibi
1450 3616 1522 3660 usus

174 3704 225 3757 est
271 3693 327 3757 Sin
352 3701 454 3756 antem
478 3711 537 3753 non
559 3692 684 3753 totidem
708 3690 763 3753 tibi
791 3710 865 3770 opus
895 3700 957 3765 est,
986 3712 1041 3766 ea,
1071 3691 1177 3772 quibus
1205 3688 1340 3757 abundas
1369 3672 1447 3749 inter
1470 3706 1521 3750 eos

174 3783 347 3845 distribuere
376 3782 504 3863 patiaris
536 3781 666 3861 aliquem
692 3780 935 3885 stipendiarium,
971 3799 1105 3861 quorum
1125 3779 1173 3840 hic
1202 3777 1314 3858 accipis
1342 3778 1523 3856 catalogum.

175 3868 285 3942 Quibus
308 3891 398 3952 porro
421 3870 553 3933 dandum
576 3879 730 3943 autumas,
760 3889 806 3930 me
830 3870 948 3931 omnino
972 3869 1179 3931 consentiente
1204 3866 1332 3929 dederis.
1380 3867 1523 3935 Fortasse

175 3970 298 4042 quatuor
319 3960 444 4025 decanis
468 3959 569 4022 danda
595 3959 722 4038 singula.
769 3956 899 4020 Omnino
929 3967 1132 4039 praeterea,
1167 3955 1273 4036 quibus
1304 3973 1358 4058 pro
1390 3942 1420 4016 le
1449 3974 1524 4036 opus

110 4064 112 4071 “
174 4050 272 4126 babes,
298 4048 532 4133 quadraginta
523 4068 553 4110 ru
572 4049 805 4125 Wirtembergia
828 4053 980 4111 maneant.
1018 4046 1052 4109 Si
1076 4065 1149 4128 quos
1173 4053 1287 4107 sumtus
1309 4045 1341 4106 in
1364 4044 1525 4125 ligaturam

96 4188 98 4193 ,
175 4141 291 4224 leceris,
322 4158 379 4221 ego
402 4139 576 4219 praestabo.
624 4138 735 4198 Verum
760 4137 898 4199 existimo
926 4138 1068 4217 pleraque
1096 4134 1177 4197 nuda
1205 4134 1445 4208 distribuenda,
1457 4152 1524 4203 cum

174 4248 226 4291 nou
251 4229 367 4292 iaciant
385 4229 498 4308 justum
522 4227 664 4289 libellum.
709 4226 756 4287 De
779 4226 906 4306 pecunia
928 4245 1016 4305 spero
1041 4244 1087 4286 me
1117 4225 1197 4286 intra
1220 4219 1241 4286 2
1264 4241 1383 4302 menses
1406 4222 1445 4285 ab
1468 4242 1523 4286 ac·

175 4319 265 4399 ceptis
289 4317 509 4397 exemplaribus
530 4314 780 4395 Gruppeubaclrio
799 4324 1034 4395 prospectorum.
1071 4313 1248 4394 Marpachio
1271 4319 1398 4393 expecto
1427 4309 1522 4388 tuh,

175 4406 346 4488 llaiblinga
368 4395 429 4488 8Ἰ
455 4407 504 4480 ιι,
532 4403 706 4507 Esselinga
717 4425 736 4465 a
759 4404 887 4483 quodam
915 4412 1052 4465 curatore
1077 4401 1327 4481 Wirternbergicb
1348 4402 1522 4463 Heerwarto

177 4495 212 4560 tu
234 4498 281 4572 ss
312 4514 403 4577 quam
427 4513 572 4557 summam
595 4494 659 4573 ejus
682 4492 759 4555 filius
783 4493 831 4555 hic
854 4513 873 4554 a
896 4512 941 4554 me
965 4502 1067 4555 mutuo
1091 4489 1212 4566 sumsit,
1242 4499 1274 4553 et
1295 4493 1349 4570 pei
1371 4509 1441 4553 suos
1462 4508 1521 4568 pa-

174 4595 270 4650 rentes
301 4604 396 4666 usque
424 4584 464 4645 ad
493 4585 602 4646 festum
624 4582 822 4645 Pentecostes
847 4579 1099 4662 Gruppenbachio
1127 4578 1349 4642 numeraturum
1374 4577 1520 4658 promisit.

96 4726 98 4749 .
175 4675 252 4738 h‘ihil
274 4675 325 4738 hic
348 4673 447 4735 oneris
470 4671 559 4735 tibi
550 4690 699 4753 imponere
724 4673 830 4735 audeo.
875 4672 943 4753 lpse
968 4678 1068 4732 tamen
1093 4668 1360 4750 Gmppeubachius
1381 4664 1521 4743 Esseliu-

176 4783 293 4859 geusem
316 4772 349 4826 et
366 4761 627 4857 Waiblingeusem
649 4780 795 4829 summam
818 4760 914 4841 (apud
935 4759 1016 4823 illius
1039 4757 1098 4822 loci
1120 4759 1265 4837 decanum
1286 4754 1424 4913 quoium)
1448 4767 1521 4837 pro·

239 4868 329 4924 ΜΝ
342 4866 444 4919 operar.
1152 4900 1159 4914 ·
1353 4910 1360 4924 .
1563 4872 1567 4881 ’
