3366 5482
757 209 840 277 caput
855 209 934 263 xxn.
1463 213 1525 283 183

167 368 214 449 qui
234 366 357 448 penitus
384 366 465 433 idem
494 375 675 431 statuerunt.
724 371 840 451 Nempe
863 370 1109 433 PtolemaeusD
1137 377 1273 437 centmm
1302 375 1468 452 sequentis·
1494 384 1528 437 et

165 457 190 520 B
212 464 349 519 oenaum
373 457 443 519 viae
465 457 658 537 planetariae
684 457 766 521 fecit.
814 458 999 539 Copernicns
1022 477 1094 521 vero
1122 457 1252 522 circaC
1280 449 1429 537 centrum,
1461 480 1531 525 msc

164 545 243 607 dium
266 545 346 607 inter
368 544 398 607 D
424 555 458 606 et
480 545 526 620 Β,
560 557 730 609 eccentrum
765 548 896 609 ecceutri
927 548 975 609 vel
1007 548 1296 630 eccentrepicyclum
1323 550 1530 613 circumducis·

162 633 199 695 Ei
223 652 296 712 ergo
320 633 364 706 lit,
387 640 422 694 ut
445 634 494 696 via
516 635 657 714 planetae
683 637 724 697 sit
739 656 827 716 quam
843 637 977 716 proxime
992 634 1116 710 EFGH,
1143 639 1197 698 sed
1221 644 1320 699 motus
1344 639 1525 720 aequalitas,
1584 670 1587 676 ¹

162 721 243 784 sicut
264 721 360 801 ipsius
383 721 465 783 orbis
492 722 663 785 intermedii
692 724 771 786 inter
793 721 908 786 EFGH
938 735 969 786 et
993 725 1101 786 IKLM
1130 725 1210 786 circa
1234 725 1278 809 Q,
1312 724 1357 788 ita
1382 727 1526 806 planetae

161 811 245 873 cirea
266 809 310 885 D,
334 809 497 888 regulatur.
519 805 563 884 ⁰)
1398 823 1400 826 ⁴

253 897 386 962 Causam
408 899 514 974 habes,
540 921 592 962 cur
607 900 765 980 aequantis
785 909 918 962 centrum
943 908 1030 980 parte
1055 900 1147 963 tertia
1172 902 1408 967 ecceutricitatis
1432 896 1526 993 totiqp¹

162 1010 180 1049 a
204 995 311 1050 centro
335 987 496 1049 eccentrici
519 988 622 1051 distet.
640 989 667 1063 ει)
704 989 821 1068 Nempe
845 989 971 1051 mundus
995 996 1077 1050 totus
1101 988 1201 1053 animis
1220 990 1325 1072 plenus
1346 997 1424 1067 esto,
1449 1011 1525 1074 quae

160 1077 278 1157 rapiat,
303 1076 441 1159 quicquid
466 1077 644 1156 adipiscitur
667 1078 825 1139 stellarum
849 1079 913 1138 sive
938 1087 1135 1152 cometarum,
1161 1079 1249 1157 idque
1274 1100 1311 1140 ea
1334 1080 1523 1158 pernicitate,

160 1185 252 1246 quam
276 1164 402 1245 requirit
425 1165 482 1226 loci
506 1187 526 1226 a
548 1164 620 1228 Sole
645 1167 793 1228 distantia
817 1175 848 1227 et
872 1166 910 1228 ibi
937 1165 1081 1227 fortitudo
1106 1167 1236 1228 virtutis.
1253 1171 1280 1239 ⁶)
1318 1169 1434 1230 Deinde
1459 1179 1525 1232 esto

160 1254 190 1315 in
215 1253 352 1334 quolibet
374 1254 499 1333 planeta
521 1255 682 1335 pecuh‘aris
710 1254 829 1330 anima,
860 1255 945 1334 cujus
975 1255 1099 1334 remigio
1128 1256 1220 1317 stella
1247 1258 1395 1319 ascendat
1417 1257 1446 1319 iu
1470 1277 1525 1321 suo

160 1342 297 1405 ambitu:
323 1352 354 1404 et
378 1341 498 1404 orbibus
523 1345 648 1405 remotis
672 1345 776 1405 eadem
801 1351 972 1423 sequentur.

250 1432 353 1512 Atque
378 1430 453 1492 haec
478 1432 515 1491 de
539 1441 705 1510 aequante,
741 1432 790 1494 ubi
818 1431 948 1511 legerint
977 1431 1088 1511 aliqui,
1117 1432 1179 1493 scio
1207 1432 1349 1512 gestient.
1396 1433 1475 1495 Nam
1499 1433 1525 1494 si
1638 1440 1640 1444 “

159 1520 309 1582 mirantur
323 1519 488 1582 astronomi
504 1521 711 1582 Ptolemaeum
725 1520 997 1582 indemonstratam
1018 1520 1164 1583 sumsisse
1188 1521 1272 1583 hauc-
1287 1522 1414 1585 eandem
1438 1541 1524 1583 men-

160 1628 263 1672 snram
287 1607 382 1670 centri
406 1609 575 1689 aequastis,
599 1610 693 1670 multo
717 1610 813 1689 magis
833 1609 898 1689 jam
922 1608 1108 1670 mirabuntur
1127 1609 1256 1690 quidam,
1282 1610 1375 1672 luisse
1399 1628 1524 1686 causam

159 1698 251 1778 hujus
274 1695 335 1771 rei,
369 1716 465 1777 neque
490 1705 591 1759 tamen
616 1699 652 1759 de
677 1718 715 1758 ea
737 1698 913 1760 Ptolemaeo
942 1697 1130 1773 suboluisse,
1162 1718 1229 1760 cum
1256 1698 1354 1779 ipsam
1383 1698 1523 1772 remita,

158 1787 204 1850 uti
228 1785 341 1859 habet,
375 1793 526 1859 sumeret,
559 1794 590 1848 et
623 1786 708 1867 quasi
738 1787 838 1848 divino
867 1795 940 1848 nutu
968 1805 1077 1847 caecus
1106 1787 1145 1846 ad
1174 1787 1270 1849 locum
1294 1786 1428 1849 debitum
1451 1805 1523 1868 per-

146 1876 288 1938 veniret.
424 1929 430 1937 .

250 1962 313 2026 Sed
344 1970 445 2025 tamen
474 1982 527 2025 eos
558 1963 728 2025 admonitos
762 1962 870 2038 velim,
905 1962 977 2024 nihil
1011 1983 1079 2023 esse
1111 1981 1149 2024 ex
1177 1963 1255 2024 omni
1279 1971 1367 2043 parte
1390 1963 1522 2026 beatum.

157 2054 240 2118 Nam
263 2053 293 2114 in
319 2051 439 2113 Venere
464 2058 495 2113 et
517 2052 666 2113 Mercurio
695 2053 756 2113 ista
788 2051 918 2114 tarditas
949 2059 981 2111 et
1008 2050 1155 2130 velocitas
1184 2070 1241 2112 uon
1270 2053 1313 2113 ad
1339 2050 1481 2130 planetae
1506 2073 1524 2113 a

160 2140 234 2205 Sole
263 2139 498 2219 digressionem,
533 2141 586 2202 sed
620 2141 658 2202 ad
690 2140 786 2202 solum
810 2140 922 2202 Terrae
953 2147 1066 2202 motum
1094 2137 1387 2214 accommodamus)
1433 2139 1524 2202 Etsi

161 2229 227 2312 quis
255 2229 324 2291 hnic
352 2228 395 2311 rei
427 2237 589 2308 praetexat
622 2228 773 2290 diversam
806 2236 904 2291 motus
936 2229 1137 2291 conditionem
1171 2249 1189 2290 a
1216 2235 1297 2290 motu
1327 2227 1522 2308 superiorum,

161 2337 250 2402 quam
275 2318 403 2397 deniqne
427 2317 455 2378 in
480 2319 591 2380 Terrae
617 2337 714 2380 annuo
738 2325 820 2380 motu
844 2336 967 2379 eausam
991 2318 1120 2380 afferet?
1168 2318 1197 2379 la
1221 2315 1298 2378 enim
1324 2336 1418 2398 neque
1442 2317 1521 2398 apud

162 2406 370 2470 Ptolemaeum
394 2426 487 2486 neque
519 2408 598 2486 apud
624 2405 821 2486 Copernicum
853 2415 1001 2486 aequante
1031 2406 1210 2487 indiguisti
1256 2403 1359 2477 Quare
1388 2413 1420 2468 et
1447 2407 1523 2468 haec

163 2497 278 2561 incerta
301 2496 339 2557 lis
362 2496 418 2557 sub
443 2507 615 2557 astronomo
634 2495 736 2575 judice
760 2496 903 2575 pendeat.

478 2725 521 2786 IN
547 2722 686 2788 CAPUT
709 2722 950 2787 VIGESIMUM
974 2720 1206 2787 SECUNDUM

688 2846 802 2898 uorsa
822 2844 999 2898 sucroms.

239 2952 273 3025 a)
297 2955 327 3010 si
349 2972 421 3026 quse
442 2972 528 3010 causa
549 2956 641 3018 efficit,
666 2964 699 3011 ut
720 2955 856 3012 Saturnus
881 2957 955 3010 altus
980 2956 1018 3010 sit
1040 2956 1144 3010 tardior
1166 2957 1235 3008 Jove
1250 2955 1388 3009 humiliori
1411 2963 1441 3010 et
1464 2955 1521 3010 Soli

167 3036 292 3100 viciniori,
315 3037 412 3090 eadem
426 3035 537 3100 efficiat,
561 3045 592 3090 ut
605 3037 740 3091 Saturnus
754 3038 828 3091 altus
844 3043 873 3089 et
887 3053 1032 3107 apogaeus
1053 3037 1090 3089 sit
1104 3036 1209 3089 tardior
1223 3053 1252 3087 se
1268 3035 1328 3103 ipso
1343 3036 1477 3106 perigaeo
1492 3042 1523 3088 et

168 3115 265 3172 humili.
306 3117 400 3170 Causa
413 3117 555 3186 utriusque
571 3117 610 3170 rei
626 3124 669 3170 est
683 3117 826 3187 elongatio
841 3117 973 3187 planetae
988 3133 1006 3169 a
1021 3117 1085 3169 Sole
1099 3115 1245 3168 rectilinea
1262 3115 1351 3184 major
1365 3116 1410 3168 vel
1424 3114 1520 3175 minor,

168 3198 225 3266 quia
237 3200 325 3267 longe
340 3196 446 3250 distans
461 3212 479 3248 a
492 3196 558 3250 Sole
571 3204 700 3250 versatur
715 3197 741 3248 in
757 3198 859 3250 virtute
875 3196 964 3250 Solari
979 3196 1104 3250 tenuiore
1119 3203 1148 3249 et
1161 3195 1350 3248 imbecilliore.

238 3274 269 3342 b)
296 3277 385 3338 Quam
400 3276 644 3346 aequipollentiam
659 3278 854 3346 hypothesium
869 3276 947 3329 docui
961 3275 989 3330 in
1005 3277 1153 3330 Commeat.
1169 3275 1267 3328 Martis
1283 3282 1356 3344 part.
1372 3276 1393 3327 1.

238 3355 265 3423 e)
291 3358 352 3410 Hoc
374 3355 481 3409 veroin
498 3356 722 3411 annotationibus
737 3357 948 3410 emendavimus.
984 3358 1044 3410 Nou
1059 3357 1145 3425 dupla
1165 3364 1228 3410 erat
1242 3355 1414 3425 periodorum
1437 3360 1468 3406 et
1481 3354 1521 3407 sio

167 3438 326 3492 tarditatum
348 3436 490 3504 proportio
506 3438 540 3490 ad
555 3436 758 3506 proportionem
780 3437 893 3498 orbium,
918 3438 967 3489 sed
981 3429 1169 3508 sesquialtera
1183 3437 1290 3490 saltem.
1328 3438 1367 3488 At
1381 3433 1409 3487 in
1422 3433 1519 3503 plane·

167 3523 207 3571 tae
226 3518 310 3572 nnius
324 3514 443 3569 motibus
465 3534 502 3569 ex
517 3516 581 3570 Sole
606 3517 815 3585 apparentibus,
841 3516 953 3584 aphelio
975 3522 1004 3569 et
1028 3514 1171 3586 perihelio‚
1199 3523 1301 3588 'regnat
1324 3513 1468 3584 proportio
1481 3513 1520 3567 di-

167 3599 325 3652 stantiamm
347 3595 471 3664 praecise
489 3597 575 3666 dupla
596 3597 622 3650 in
637 3597 755 3650 motibus
777 3596 844 3666 ipsis
857 3596 969 3659 diurnis,
994 3604 1026 3650 ut
1039 3603 1104 3649 sunt
1127 3612 1207 3650 arcus
1221 3595 1442 3657 eoesntrioornm,
1457 3608 1521 3663 pro·

167 3680 249 3744 portio
272 3675 412 3748 ipsissima
435 3676 627 3730 distantiarum
641 3676 749 3746 simpla,
774 3677 834 3730 vids
850 3677 998 3731 Commeat.
1014 3676 1112 3730 Martis
1129 3684 1199 3744 part.
1216 3676 1254 3729 lli
1275 3681 1305 3729 st
1320 3674 1368 3728 Ν.
1401 3673 1521 3728 Causam

167 3757 330 3812 diversitatis
344 3755 576 3810 evidentissimam
590 3757 677 3810 habet
690 3757 737 3810 lib.
754 3759 799 3811 IV.
814 3757 890 3827 Epit.
905 3760 1018 3810 Astron.

237 3835 270 3904 d)
291 3839 352 3891 Hos
365 3837 398 3888 de
414 3836 564 3906 Copernico
579 3854 672 3889 verum
687 3844 738 3899 est,
755 3836 796 3890 cui
812 3837 966 3891 Ceentrum
980 3844 1024 3890 est
1038 3834 1193 3906 aequastis,
1210 3853 1259 3888 seu
1275 3834 1366 3904 potius
1381 3831 1516 3887 eooentri·

169 3917 315 3980 sooentriei
338 3916 499 3970 Bcentrum
520 3917 582 3970 viae
597 3918 739 3986 planetae,
762 3924 792 3970 et
814 3917 900 3986 ipsias
915 3917 962 3971 ΔΟ
984 3934 1048 3986 pars
1064 3918 1150 3970 tertis
1164 3915 1217 3968 BC.
1256 3919 1296 3968 At
1319 3913 1345 3967 in
1358 3913 1520 3969 Ptolsmaeo

169 3998 232 4053 ratio
254 4005 300 4052 est
324 3996 391 4051 alia.
433 3996 476 4050 lili
498 3997 570 4050 enirn
585 3998 611 4050 D
634 4002 679 4049 est
702 4004 823 4051 centrum
848 3996 1002 4066 aequantia,
1025 3998 1047 4049 B
1072 3994 1227 4059 eocentricr',
1250 4011 1335 4067 quare
1358 3992 1444 4064 ipsius
1467 3994 1520 4048 AD

170 4079 283 4133 semissis
302 4084 347 4131 est
370 4076 430 4130 BD.

238 4154 269 4223 e)
290 4158 410 4211 Rursum
425 4172 474 4226 pro
489 4154 581 4208 anima
595 4155 724 4226 intellige
739 4154 811 4210 Solis
826 4155 945 4223 speeiem
960 4155 1181 4220 immateriatam,
1204 4164 1351 4210 extensam
1371 4160 1405 4208 ut
1417 4155 1519 4216 lumen,

170 4244 194 4291 et
212 4237 331 4293 habebis
354 4235 399 4289 hie
418 4234 548 4289 brevibus
563 4235 654 4289 verbis
677 4252 808 4289 summam
832 4251 911 4289 meae
933 4235 1066 4305 physicae
1080 4236 1218 4300 eoelestis,
1243 4233 1375 4291 traditam
1399 4232 1426 4289 in
1441 4234 1519 4288 Com·

170 4324 242 4373 ment
258 4317 359 4373 Martis
374 4322 448 4386 part.
466 4315 512 4369 lIl.
527 4320 557 4368 et
568 4316 616 4370 IV.
633 4323 662 4370 et
675 4315 825 4385 repetitam
840 4316 886 4369 lib.
905 4316 951 4369 Ν.
967 4315 1042 4385 Epit.
1057 4320 1170 4370 Astron.

239 4395 269 4464 i)
290 4398 368 4453 Nihil
387 4412 457 4465 opus
476 4395 654 4464 exceptione:
676 4411 742 4449 vero
761 4395 853 4448 verius
874 4402 919 4449 est
939 4395 1024 4449 etiam
1038 4396 1072 4448 de
1087 4397 1196 4451 Veners
1217 4404 1248 4451 et
1261 4396 1406 4452 Mercurio.
1448 4396 1519 4450 Nam

170 4471 421 4548 quou'coperniens
445 4475 554 4546 aliquas
575 4476 671 4531 horum
694 4477 870 4545 planetarum
894 4475 1111 4545 inaequalitates
1136 4477 1240 4548 alligat
1261 4480 1295 4532 ad
1319 4483 1420 4530 motum
1445 4474 1519 4529 orbis

170 4558 254 4622 mni,
278 4559 305 4613 id
328 4560 362 4612 de
380 4573 476 4611 errore
497 4560 549 4609 sat.

234 4634 274 4710 g)
298 4639 383 4708 Apud
396 4637 586 4690 Ptolemaeum
600 4634 707 4705 quidem
721 4641 751 4689 et
765 4635 953 4706 Copernioum.
991 4640 1032 4689 At
1045 4653 1099 4706 ego
1113 4636 1142 4690 in
1156 4636 1306 4691 Commeat.
1321 4633 1421 4691 Martis
1435 4648 1517 4702 prae·

170 4717 303 4788 cipuorum
315 4716 381 4775 libri
394 4717 574 4772 membrorum
597 4715 649 4769 hoe
668 4731 751 4768 unum
772 4715 827 4770 ieci
850 4722 879 4771 et
892 4718 971 4771 velut
984 4717 1151 4790 angularem
1164 4715 1285 4786 lapidem
1298 4714 1327 4768 in
1341 4713 1518 4781 bradamento
