3366 5482
606 103 908 198 cannavae·
1375 107 1439 177 an

75 278 122 325 me
159 278 237 327 uxos
272 260 502 343 importunitate
538 284 609 333 sua,
627 266 629 268 ’
647 273 693 340 ut,
733 265 802 345 qnia
835 264 947 327 balnea
978 265 1095 341 horret,
1132 268 1181 330 vel
1218 269 1343 331 taudem
1380 272 1439 334 aliu

75 349 196 428 quando
229 368 340 430 corpus
371 352 534 415 abluerem.
582 353 734 415 Immersit
757 372 803 415 me
836 353 866 414 iu
895 355 1011 416 labrum
1035 373 1132 435 aquae
1156 356 1231 418 benc
1260 359 1439 434 calefactae,

76 438 124 518 qni
149 441 283 501 calormc
313 441 426 504 afflixit
456 461 560 522 meque
589 443 802 521 coangustavit
830 443 911 504 circa
940 444 1125 522 praecordia.
1176 442 1229 508 31.
1258 447 1335 526 Maji
1364 467 1437 528 pnr-·

75 528 160 605 gavi,
195 548 233 589 ex
267 548 349 591 more
382 550 454 593 usus
488 552 701 612 παγχυμαγωγῳ
734 530 803 593 leni.
862 531 889 594 1.
912 533 983 595 Jnn.
1016 552 1122 596 venam
1153 534 1233 596 secni
1262 537 1370 599 iterum
1401 557 1439 601 ex

76 635 178 690 more,
211 637 269 678 nou
299 627 425 700 urgente
455 621 576 695 morbo,
610 640 647 681 ue
678 620 847 700 suspicione
877 621 995 701 quidem
1021 622 1125 683 morbi.
1174 625 1276 704 Atque
1301 626 1357 687 hoc
1381 646 1438 688 uon

75 725 148 766 sane
182 726 220 768 ex
253 709 442 788 praescripto
474 709 675 788 astrologiae,
715 719 748 770 nt
780 709 868 771 facile
897 711 991 771 vides.
1037 711 1154 773 Minnto
1186 715 1331 793 sangnine
1362 715 1439 778 bene

76 794 166 857 habui
189 814 244 876 per
268 797 358 858 horas
382 798 508 878 aliquot,
532 816 657 878 vespere
683 799 763 859 facto
788 799 918 860 difficilis
942 819 988 860 me
1013 819 1134 861 somnus
1160 801 1286 863 invitum
1310 803 1339 865 iu
1355 813 1438 866 stra-

77 885 148 963 gula
171 886 311 965 conjecit,
338 887 516 966 praecordia
540 888 827 966 coangustabautur.
866 889 948 948 Tunc
973 909 1016 949 sc.
1032 888 1102 949 bilis
1119 890 1274 953 ferebatur
1290 891 1319 953 iu
1335 903 1436 973 caput,

70 975 161 1051 juxta
185 976 364 1054 praecordia
387 976 548 1037 transiens.
600 974 631 1038 2.
655 976 725 1038 Jnn.
752 997 810 1038 nou
834 979 948 1057 optima
971 987 1163 1056 tempestate,
1195 980 1297 1041 calida
1322 993 1436 1056 tamen,

76 1063 204 1147 transivi
238 1064 268 1125 in
302 1065 445 1126 minorem
476 1067 599 1139 urbem,
635 1073 668 1126 nt
691 1066 763 1127 mibi
794 1066 900 1127 melius
925 1076 1008 1127 esset
1040 1077 1122 1127 motu
1147 1086 1210 1129 uso.
1259 1070 1357 1132 Biduo
1382 1071 1438 1133 hoc
1512 1084 1516 1091 '

75 1152 225 1214 Rhenauo
260 1153 328 1214 vino
360 1173 503 1233 perquam
532 1172 679 1231 generoso
714 1174 795 1215 eram
830 1175 911 1215 nsns.
970 1153 1030 1215 Sed
1067 1157 1105 1216 ad
1135 1157 1223 1235 hujus
1253 1157 1311 1219 diei
1344 1178 1438 1238 pran-

76 1240 156 1302 dium
176 1242 335 1321 frugaliter
350 1244 429 1304 vixi:
456 1244 537 1306 circa
560 1244 664 1304 horam
689 1262 718 1322 p.
744 1264 784 1305 m.
810 1245 932 1304 tertiam
955 1243 1061 1305 horror
1084 1264 1130 1305 me
1155 1247 1276 1324 excepit
1290 1248 1359 1309 dum
1380 1249 1436 1308 do-

76 1349 155 1391 mum
180 1333 346 1402 contendo,
380 1342 411 1393 et
435 1341 467 1394 ut
491 1334 523 1393 lit
547 1333 624 1410 apud
650 1352 696 1393 me
725 1332 753 1392 in
784 1332 920 1394 omnibns
950 1332 1099 1408 febribus,
1134 1335 1287 1396 cerebrum
1312 1337 1440 1400 invaluit

77 1439 198 1494 somno,
232 1421 358 1481 dormivi
382 1422 530 1500 inquiete,
561 1429 625 1481 toto
649 1439 725 1499 pene
749 1421 856 1496 biduo,
881 1422 961 1483 nullo
980 1441 1059 1483 ¹nsns
1083 1422 1164 1490 cibo,
1189 1423 1315 1485 subinde
1340 1425 1439 1487 vomui

77 1509 167 1570 bilem
192 1510 353 1570 admodum
377 1522 558 1589 corruptam.
604 1511 808 1590 Paroxysmos
841 1511 940 1572 nullos
970 1510 1163 1572 vehementes
1194 1513 1294 1575 habui.
1342 1515 1439 1575 Totus

76 1599 198 1660 morbus
231 1598 260 1659 in
285 1598 428 1660 effusione
453 1599 521 1661 bilis
545 1599 576 1660 in
599 1599 795 1660 ventriculum
820 1600 885 1660 fnit.
933 1599 1044 1660 Triduo
1068 1609 1152 1678 post,
1185 1620 1213 1661 u.
1236 1596 1267 1663 4.
1292 1602 1363 1664 Jnn.
1388 1603 1438 1663 iu-

77 1688 151 1749 cidit
175 1709 234 1749 nna
258 1706 332 1749 uxor
355 1707 422 1749 mea
444 1688 474 1748 in
499 1688 704 1767 quotidianam
720 1689 842 1757 febrem,
867 1696 953 1749 tanto
967 1688 1224 1767 periculosiorem,
1251 1692 1330 1770 qnod
1353 1699 1438 1754 essct

75 1775 213 1855 gravida.
260 1776 390 1856 Reliqua
412 1776 608 1856 particularia
631 1796 688 1837 non
709 1779 860 1852 annotavi,
886 1776 943 1838 uisi
967 1777 1044 1857 qnod
1069 1778 1107 1838 ad
1133 1774 1153 1840 6
1178 1779 1261 1841 veli
1286 1781 1436 1859 septima·

77 1886 130 1926 nas
146 1866 340 1927 conflictatus
356 1886 392 1927 ea
406 1887 482 1927 snm.
516 1867 670 1927 Interdum
694 1864 732 1928 10
749 1865 853 1927 diebus
873 1867 956 1940 liber,
983 1874 1016 1925 ut
1040 1886 1132 1927 sanus
1155 1869 1308 1942 crederer,
1335 1870 1437 1949 itaque

76 1974 129 2015 usu
140 1954 202 2015 vini
219 1955 258 2015 ad
272 1954 449 2016 vomitiones
463 1955 532 2015 bilis
547 1955 621 2015 redii
637 1965 668 2016 et
683 1956 720 2015 ad
736 1956 874 2016 horrores
885 1956 947 2028 dvc,
964 1974 1033 2015 cnm
1048 1956 1170 2016 duraret
1187 1957 1355 2019 obstructio
1368 1958 1438 2021 alvi.

76 2041 185 2116 Credo,
211 2062 257 2102 me
282 2063 319 2104 ex
343 2062 443 2104 eorum
469 2063 589 2105 numero
613 2063 691 2118 esse,
717 2044 824 2123 quibus
847 2063 885 2105 ex
908 2044 977 2105 bilis
1002 2043 1137 2106 folliculo
1162 2055 1281 2108 meatus
1306 2048 1334 2107 in
1359 2067 1435 2109 vcu-

76 2131 216 2193 tricnlum
240 2132 314 2203 abit,
338 2133 386 2210 qni
412 2133 513 2193 solent
535 2152 602 2193 esse
626 2135 789 2214 βραχυβιοι.

146 2238 336 2288 Fabricius:
354 2238 473 2294 Moneo,
503 2245 531 2286 nt
549 2237 680 2302 diligenter
699 2239 806 2300 inquiras
826 2236 998 2284 universalium
1024 2245 1049 2285 et
1073 2236 1242 2287 dintnmarum
1262 2244 1439 2302 tempestatum

75 2323 182 2366 sarman
201 2311 227 2358 in
245 2311 275 2358 iis
293 2323 382 2373 nempe
402 2311 535 2358 consistere
554 2309 650 2358 videtur
667 2313 743 2357 totius
762 2307 951 2371 meteorologiae
971 2308 1083 2357 scientia„

164 2408 368 2489 Keplerus:
408 2406 495 2477 Quod
520 2427 636 2481 mones,
662 2407 747 2468 vides
771 2425 817 2466 rue
843 2406 950 2467 fecisse
975 2406 1003 2466 in
1029 2405 1213 2484 prognostici
1236 2407 1437 2485 praelatione.

77 2495 119 2557 Tu
135 2497 205 2557 illas
220 2506 326 2558 excute
351 2497 534 2574 diligentius,
560 2496 703 2574 adjuncta
726 2514 793 2556 mea
813 2495 1018 2575 disputatione
1044 2496 1080 2554 de
1096 2495 1327 2573 Meteorologia,
1353 2496 1438 2576 cujus

78 2594 254 2663 argumenta
278 2594 381 2665 patere
407 2585 498 2646 altius
524 2586 551 2646 in
577 2594 660 2647 tnnm
684 2586 814 2646 animum
839 2584 1036 2656 descendere,
1063 2593 1155 2645 ntea
1180 2585 1300 2665 penitus
1324 2604 1437 2665 appre-

78 2675 201 2749 hendas,
227 2694 284 2736 neu
309 2675 509 2735 transvolent.

146 2781 317 2831 Fabricius
337 2778 392 2842 (26.
412 2780 470 2831 lau.
493 2777 588 2839 lboblt
616 2779 669 2843 Ego
689 2777 900 2827 altitudinem
919 2778 1047 2825 nubium
1065 2793 1114 2824 non
1134 2791 1188 2827 raro
1207 2778 1334 2842 indagari,
1355 2785 1380 2827 et
1398 2780 1437 2828 iu·

78 2852 131 2901 veui
150 2853 237 2902 diebus
256 2853 356 2901 aestivis
374 2867 424 2901 uon
446 2852 512 2901 ultra
539 2849 605 2900 ¹000
623 2864 719 2913 passus.
757 2848 832 2897 Nulla
857 2848 935 2897 nubes
962 2848 1035 2896 altius
1064 2847 1156 2896 dimidii
1182 2848 1292 2897 milliaris
1312 2848 1436 2903 ascendit,

78 2936 131 2971 cum
150 2928 194 2973 abr
212 2924 249 2972 vel
266 2926 339 2985 juxta
356 2931 402 2971 tua
420 2923 551 2972 ratiocinia
573 2938 622 2971 uou
648 2921 703 2983 plns
726 2920 750 2968 iu
775 2920 852 2968 altum
871 2919 1017 2983 porrigatur.
1055 2917 1171 2973 Memini,
1195 2936 1235 2969 nve
1254 2919 1387 2984 aliqnando
1406 2919 1437 2970 de

79 2995 215 3043 nominibus
234 3008 326 3044 menae
345 2995 480 3043 summitati
500 2992 598 3056 Olympi
617 2992 740 3054 inscriptis
758 2991 847 3055 legisse
866 2987 911 3038 te.
949 2989 1044 3052 (Comp.
1068 2987 1206 3051 Opticum.)

147 3064 224 3114 Ratio
243 3066 388 3115 observandi
408 3065 452 3114 alt.
472 3066 573 3114 nubium
592 3065 668 3113 haec:
688 3064 712 3111 iu
731 3062 805 3125 plano
825 3068 851 3110 et
870 3061 945 3109 libero
964 3061 1017 3109 loco
1036 3067 1146 3123 tempore
1164 3062 1275 3110 meridiei
1294 3067 1438 3125 expectetur

79 3137 153 3186 nubes
174 3136 270 3200 aliqua,
295 3151 359 3200 quae
378 3150 425 3185 sua
443 3138 600 3186 extremitate
619 3136 737 3183 verticem
761 3133 924 3182 observatoris
943 3132 1059 3196 attingat.
1099 3132 1193 3182 Eodem
1211 3139 1335 3184 momento
1355 3133 1436 3183 obser·

78 3215 161 3265 remu,
185 3222 311 3273 quousque
336 3208 423 3257 umbra
442 3209 604 3257 extremitatis
623 3207 693 3256 istius
712 3219 795 3253 versus
814 3205 1007 3267 septentrionem
1033 3205 1057 3251 in
1079 3204 1154 3266 plano
1174 3205 1266 3255 Terrae
1285 3206 1438 3268 projiciatur,
1543 3231 1547 3240 ι

78 3281 242 3343 terminusque
260 3285 367 3329 notetur.
406 3277 448 3329 Sic
466 3279 572 3328 habetur
589 3277 739 3340 triangulum
766 3274 956 3340 rectaugulnm,
985 3277 1055 3337 cuins
1075 3275 1138 3325 alter
1161 3277 1227 3326 latus
1254 3283 1292 3325 est
1319 3276 1439 3325 distantia

79 3350 178 3415 cognita
196 3350 305 3400 locorum
324 3357 350 3400 et
368 3351 474 3415 angulus
493 3350 630 3399 altitudinis
650 3348 713 3398 Solis
732 3343 1018 3411 meridianaecoguitns
1415 3341 1418 3349 ’

163 3438 364 3518 Keplerus:
399 3437 565 3500 Confirmas
590 3457 687 3500 meum
710 3436 867 3517 problema
890 3435 926 3496 de
952 3435 1110 3496 altitudine
1134 3436 1215 3498 airis
1231 3435 1437 3515 experimento
1476 3432 1477 3440 ’

80 3528 212 3602 nubium;
246 3535 278 3588 et
301 3528 378 3588 forte
403 3536 433 3589 tn
459 3527 705 3607 probabilitatem
729 3526 823 3586 solam
848 3523 1006 3604 spectasti.
1049 3526 1094 3587 At
1116 3526 1217 3588 beasti
1240 3544 1301 3594 rue,
1333 3525 1436 3586 oFa-

81 3616 161 3692 brici,
187 3616 381 3695 suppeditata
404 3617 662 3678 demonstratione
687 3616 868 3676 necessaria.
916 3611 949 3674 Si
974 3613 1068 3674 nubes
1092 3624 1163 3676 eunt
1181 3615 1336 3694 graviores
1355 3619 1436 3689 abre,

80 3725 142 3767 curn
167 3706 305 3768 oriantur
332 3726 369 3766 ex
393 3705 502 3781 Terra,
532 3698 694 3767 manebunt
716 3722 807 3783 snper
830 3703 970 3775 Terram,
996 3710 1029 3762 ut
1053 3704 1193 3777 nebulae,
1229 3703 1437 3764 tantummodo

80 3796 153 3856 mole
179 3813 234 3855 sua
257 3797 347 3874 paulo
371 3795 588 3868 elevabuntur,
625 3803 658 3855 nt
692 3793 825 3855 habeant
857 3792 988 3870 spatium
1017 3791 1151 3868 justum,
1186 3810 1243 3871 quo
1267 3791 1436 3871 capiantur.

80 3880 129 3944 Sin
155 3892 259 3945 autem
283 3885 453 3945 ascendunt
477 3885 587 3958 nubes,
626 3891 713 3944 ernnt
742 3880 870 3945 leviores
899 3886 988 3954 abre,
1024 3889 1056 3939 nt
1084 3882 1109 3941 si
1139 3880 1240 3962 vesica
1270 3878 1377 3942 inflata
1400 3900 1437 3942 ex

79 3973 160 4051 cquis
186 3974 343 4034 ascendat.
390 3973 421 4035 Si
448 3973 576 4035 leviores
600 3979 689 4045 adue,
726 3990 783 4032 nou
807 3979 898 4031 vento
923 3970 1052 4048 desuper
1075 3965 1264 4032 incumbente
1289 3970 1436 4049 agitatae,

76 4063 242 4123 ascendent
273 4061 365 4142 igitur
389 4082 580 4143 peromnem
613 4060 691 4123 airis
717 4059 919 4130 altitudinem,
954 4064 986 4118 et
1009 4058 1052 4118 sic
1076 4078 1133 4120 uon
1158 4058 1271 4138 poterit
1294 4066 1347 4122 adr
1370 4077 1436 4121 esse

76 4149 166 4212 altior
189 4151 316 4212 nubibus
341 4151 440 4231 quiete
466 4150 712 4213 consistentibus.
760 4150 840 4210 liam
864 4147 957 4208 nubes
983 4157 1029 4206 est
1054 4148 1126 4210 nibil
1151 4149 1207 4211 nisi
1232 4167 1340 4229 vapor;
1374 4147 1435 4209 ita·

69 4255 131 4316 (tue
155 4258 250 4320 vapor
274 4239 420 4300 densatus
446 4241 473 4300 iu
499 4249 618 4319 guttam
642 4241 748 4300 statim
772 4239 877 4299 iterum
903 4235 1024 4297 decidit.

146 4362 333 4413 Fabricius:
359 4365 453 4413 Aeris
473 4364 682 4413 altitudinem
706 4378 754 4412 non
774 4363 862 4424 ubique
881 4360 986 4408 eandem
1006 4375 1060 4409 esse
1079 4368 1146 4423 puto,
1167 4362 1191 4408 in
1210 4359 1269 4409 locis
1289 4359 1436 4408 australibus

60 4425 239 4566 humiliores?
269 4449 343 4499 quum
371 4437 397 4485 iu
425 4435 570 4484 borealibus.
609 4433 757 4495 (Rationes,
781 4448 843 4497 quas
869 4430 943 4481 affert
960 4431 1004 4485 F..
1031 4431 1146 4496 leguntur
1165 4432 1189 4479 iu
1209 4428 1258 4480 hac
1276 4429 1378 4493 Kepleri
1396 4442 1435 4480 re·

66 4514 212 4565 :pensione

165 4603 373 4691 Keplerus:
407 4603 602 4670 Australibus
636 4614 668 4668 et
699 4604 831 4670 torridae
865 4610 964 4665 adrem
997 4603 1221 4687 profundiorem
1252 4602 1377 4683 probavi
1406 4602 1435 4669 iu
