3366 5482
824 252 912 300 contra
928 245 1027 299 Ursum
1463 244 1524 311 sthi

168 405 270 468 velint.
317 404 356 467 Ei
372 405 459 481 enim,
484 406 565 487 quod
587 412 636 468 est
649 406 958 486 praestantissimum,
983 406 1227 471 honestissimum
1244 408 1342 470 locum
1357 407 1424 469 dari
1437 426 1529 488 opor·

167 505 242 568 tere,
265 494 369 574 ignem
383 514 455 556 vero
470 495 566 557 Terra
578 496 865 576 praestantiorem&
894 496 1007 568 (Hiesi
1021 497 1191 575 expendas,
1209 516 1267 559 non
1284 515 1351 558 esse
1366 505 1530 576 praestan·

167 584 225 647 tius
248 584 343 645 ullum
365 603 474 664 corpus
497 585 563 664 ipso
587 584 659 647 Sole
682 585 712 645 in
737 593 801 646 toto
825 587 943 658 mundo,
969 585 1030 646 vim
1054 587 1223 664 argumenti
1247 585 1369 649 mirifice
1394 586 1528 665 augebis,

167 681 198 735 et
219 670 292 753 quid
316 673 367 734 ille
386 673 465 754 ignis
480 672 530 748 sit,
556 673 734 754 intelliges.)
781 674 958 748 ,‚Terminos
973 693 1044 735 vero
1059 674 1212 753 digniores
1231 674 1423 752 interjectis“
1446 679 1532 747 (sunt

168 761 246 825 enim
276 761 366 842 quasi
396 761 517 842 quidam
542 763 630 838 lines,
671 781 745 842 quos
771 763 852 824 alios
883 782 941 824 non
978 763 1091 824 hahent
1118 765 1321 843 quantitates,
1358 763 1425 824 finis
1458 780 1531 825 vero

166 870 285 932 semper
308 850 513 931 praestantior
528 871 574 926 eo,
599 852 684 931 cujus
707 852 773 912 linis
798 854 873 925 est.)
911 851 1113 926 „Extremum
1129 871 1200 914 vero
1220 852 1321 914 mundi
1346 861 1377 914 et
1392 853 1530 927 medium,

167 950 318 1015 centrum,
348 960 417 1002 esse
440 940 584 1001 terminos
609 942 739 1002 omnium
764 942 896 1003 locorum
919 941 1177 1016 intermediorum,
1203 941 1233 1003 in
1258 942 1365 1022 quibus
1388 942 1531 1021 planetae

167 1036 197 1091 et
220 1027 277 1091 Sol
300 1029 391 1108 vulgo
424 1029 626 1104 collocantur;
660 1050 752 1112 qnare
776 1037 912 1091 centrum
936 1039 968 1092 et
990 1030 1135 1091 extimam
1161 1030 1348 1111 superficiem
1373 1050 1441 1093 esse
1465 1031 1534 1091 loca

169 1118 274 1180 mundi
315 1118 594 1198 praestantissima.
650 1118 699 1179 Ex
733 1119 840 1200 quibus
874 1120 1087 1180 concludentes
1118 1139 1175 1182 non
1206 1127 1317 1198 putant
1345 1120 1469 1180 Terram
1503 1120 1532 1181 iu

167 1207 318 1289 sphaerae
350 1206 517 1268 meditullio
542 1208 689 1280 locatam,
723 1208 777 1268 sed
800 1208 905 1285 Ignem
929 1207 1074 1281 (Solem).
1121 1207 1257 1270 Censent
1285 1216 1445 1290 praeterea
1468 1208 1531 1289 Py-

169 1296 345 1376 thagoraei,
376 1315 427 1371 eo,
461 1297 539 1375 quod
563 1315 619 1375 par
643 1297 700 1371 sit,
735 1296 862 1357 maxime
887 1296 1016 1357 omnium
1041 1297 1185 1358 custodiri
1217 1296 1246 1358 id
1271 1298 1350 1376 quod
1373 1296 1415 1357 sit
1437 1296 1532 1358 totius

168 1385 301 1447 universi
324 1385 531 1464 praecipuum,
556 1384 686 1446 medium
710 1385 877 1446 vero‘talis
901 1386 942 1446 sit
967 1386 1049 1447 locus
1074 1387 1176 1466 (quem
1200 1395 1232 1447 et
1253 1385 1340 1447 Jovis
1364 1385 1531 1447 custodiam

169 1474 287 1547 dicunt)
318 1473 385 1534 ideo
414 1473 514 1552 ignem
538 1473 671 1547 (Solem)
696 1483 799 1535 tenere
828 1474 905 1535 hanc
932 1475 1085 1553 regionem
1101 1477 1293 1548 (centrumlz
1327 1474 1422 1548 sicut,
1454 1474 1532 1552 qu'od

170 1562 312 1625 absolute
336 1562 466 1624 medium
490 1563 609 1636 dicitur,
635 1563 665 1624 id
690 1570 737 1623 est
761 1571 794 1624 et
816 1562 1032 1642 magnitudinis
1057 1573 1088 1625 et
1111 1565 1153 1627 rei
1178 1573 1209 1625 et
1224 1572 1351 1626 naturae
1370 1561 1532 1626 medium.“

169 1650 256 1722 Quae
282 1660 462 1732 argumenta
486 1651 599 1714 diluere
623 1659 750 1713 conatur
772 1652 958 1714 Aristoteles
982 1652 1029 1713 his
1052 1654 1169 1714 verbis:
1201 1653 1322 1733 ,‚atqui,
1354 1653 1440 1732 utin
1464 1652 1532 1713 ani-

168 1740 323 1805 mantibus
350 1759 409 1802 non
439 1740 519 1802 idem
542 1750 591 1802 est
620 1741 759 1803 animalis
790 1750 821 1803 et
844 1741 977 1821 corporis
1006 1741 1150 1817 medium,
1183 1743 1227 1803 ita
1257 1740 1472 1820 multomagis
1496 1741 1533 1802 da

169 1840 233 1894 toto
258 1830 345 1894 coelo
370 1830 462 1892 etiam
486 1831 689 1910 cogitandum.
737 1829 839 1900 Quare
864 1850 922 1891 non
947 1849 1021 1908 opus
1046 1840 1104 1904 est,
1129 1840 1162 1893 ut
1176 1851 1229 1910 pro
1244 1832 1443 1893 universitate
1468 1839 1532 1891 tre·

169 1920 284 2002 pident,
309 1927 364 1981 aut
386 1919 572 1999 praesidium
593 1920 632 1980 ad
657 1928 791 1982 centrum
806 1921 972 1981 collocent:
997 1920 1067 1999 quin
1088 1921 1189 1999 potins
1203 1920 1332 1982 medium
1350 1920 1419 1981 illud
1436 1939 1532 1998 quae-

169 2018 256 2083 rant,
291 2008 379 2088 quale
404 2008 445 2070 sit
478 2017 510 2068 et
533 2008 592 2070 uhi.
639 2009 772 2070 Medium
802 2009 878 2070 enim
908 2016 940 2069 et
969 2008 1136 2087 pretiosum
1164 2010 1237 2072 illud
1266 2009 1443 2088 principium
1472 2017 1531 2070 est.

169 2101 212 2162 At
239 2097 373 2160 medium
400 2097 458 2160 loci
488 2098 592 2159 ultimo
627 2118 717 2178 quam
749 2098 895 2178 principio
926 2097 1055 2159 similius
1088 2100 1216 2160 videtur.
1268 2097 1401 2159 Medium
1430 2098 1532 2176 utiquo

171 2187 361 2261 terminatur,
386 2195 551 2249 extremum
574 2205 646 2248 vero
672 2188 839 2260 terminat,
867 2187 1080 2249 Praestantius
1103 2197 1215 2261 autem,
1241 2187 1319 2268 quod
1335 2186 1534 2265 comprehen-

171 2277 215 2339 dit
238 2284 272 2338 et
295 2275 374 2352 linit,
405 2294 493 2355 quam
517 2277 595 2356 quod
618 2276 727 2338 finitur.
774 2277 840 2338 Hoc
866 2275 944 2336 enim
974 2277 1118 2350 materia,
1150 2277 1224 2338 illud
1250 2277 1384 2337 essentia
1408 2293 1533 2354 compo-

171 2366 221 2428 siti
245 2364 329 2426 est.“
376 2363 610 2443 (Aequiuocatio
627 2364 654 2425 in
670 2384 743 2427 voce
767 2365 952 2439 ,‚medium,⁴‘
976 2367 1054 2444 quod
1070 2365 1291 2447 Pythagoraeis
1316 2374 1364 2426 est
1388 2371 1532 2436 centrum,

170 2453 334 2518 Aristoteli
358 2453 463 2533 quovis
488 2453 547 2515 alio
572 2455 658 2514 modo
683 2454 819 2516 sumitur.
868 2453 953 2524 Quae
977 2453 1003 2515 si
1027 2455 1162 2528 tollatur,
1187 2454 1330 2516 coincidit
1353 2449 1533 2516 Aristotelis

171 2549 384 2624 argumentum
408 2561 473 2604 cum
498 2543 641 2616 adverso,
672 2562 785 2623 proque
809 2543 1031 2625 Pythagoraeis
1055 2555 1112 2606 est.
1159 2545 1238 2607 Nam
1263 2544 1292 2604 id
1317 2543 1461 2616 medium,
1494 2542 1531 2602 da

170 2652 226 2713 quo
251 2632 307 2706 illi,
332 2631 380 2694 hic
404 2631 482 2712 apud
507 2631 705 2693 Aristotelem
729 2633 855 2694 extremi
879 2632 1026 2694 rationem
1050 2634 1193 2706 obtinet.)
1239 2633 1324 2694 Haec
1353 2632 1404 2693 ille
1429 2638 1535 2694 contra

170 2723 417 2804 Pythagoraeos,
448 2721 486 2781 ad
511 2740 588 2801 quae
612 2723 794 2800 respondere
823 2741 878 2782 nec
902 2722 1022 2782 difficile
1047 2731 1108 2797 est,
1139 2742 1193 2783 nec
1222 2731 1322 2783 tamen
1352 2722 1440 2800 hujus
1465 2720 1532 2804 loci.

168 2809 231 2874 Sed
255 2810 471 2888 hincapparet
494 2808 626 2888 ipsorum
651 2811 803 2871 sententia
827 2812 864 2871 de
889 2811 954 2871 loco
977 2811 1166 2889 potissimum
1187 2812 1298 2886 Terrae
1323 2818 1410 2871 extra
1431 2809 1533 2870 mundi

169 2900 313 2961 medium.
359 2897 430 2959 Jam
455 2907 486 2958 et
509 2899 547 2959 de
570 2907 652 2960 motu
676 2899 757 2978 ipsos
781 2900 906 2960 ulterius
939 2900 1109 2961 audiamus:
1144 2898 1227 2974 „Sed
1243 2899 1302 2978 'qui
1326 2918 1391 2959 eam
1414 2897 1444 2959 iu
1468 2916 1535 2958 me-

168 2989 219 3050 dia
243 2986 347 3049 mundi
372 2988 443 3048 sede
472 2989 602 3049 locatam
627 3007 694 3050 esse
718 2997 845 3067 negant,
880 2989 991 3048 circum
1018 2989 1147 3049 medium
1175 3007 1241 3048 eam
1265 2986 1345 3047 volvi
1374 2994 1533 3048 asserunt:
1574 3008 1579 3019 ’

167 3097 266 3157 neque
291 3077 369 3137 hauc
393 3076 500 3151 solum,
525 3078 578 3137 sed
603 3097 668 3139 eam
693 3077 794 3150 etiam,
820 3096 895 3157 quae
920 3077 947 3137 ei
972 3079 1101 3138 adversa
1125 3084 1174 3138 est
1189 3077 1320 3149 (Lunam
1344 3075 1534 3136 manilestis-

166 3167 259 3240 sime)
286 3165 533 3246 quemadmodum
558 3166 648 3247 paulo
672 3174 743 3227 ante
767 3165 931 3227 diximus.“
976 3167 1018 3226 Et
1041 3165 1203 3244 interjecta
1218 3165 1344 3226 aliorum
1364 3162 1533 3225 sententia:
1645 3243 1646 3246 Ἴ

165 3256 273 3332 „Nam
297 3254 368 3334 quia
391 3254 485 3316 Terra
509 3274 567 3316 non
592 3263 640 3315 est
663 3265 796 3317 centrum
822 3258 1011 3331 (punctum),
1037 3275 1103 3317 cum
1118 3262 1214 3317 totum
1229 3253 1324 3334 ipsius
1341 3253 1534 3333 hemisphae-

164 3346 246 3408 rium
277 3342 382 3404 ahsit“
405 3342 573 3422 (intellige,
607 3345 700 3405 etiam
729 3345 847 3406 illorum
877 3344 1086 3419 concessione,
1117 3345 1168 3425 qui
1191 3344 1315 3405 Terram
1346 3344 1375 3404 in
1404 3341 1534 3403 medium

164 3432 274 3497 mundi
299 3432 451 3505 refemnt)
475 3432 571 3507 „nihil
595 3440 705 3513 putant
728 3432 903 3512 prohibere,
939 3434 1094 3512 quominus
1127 3434 1335 3513 phaenomena
1359 3431 1536 3509 contingant

163 3520 257 3586 nobis
283 3528 370 3582 extra
394 3521 551 3582 centrum“
577 3523 651 3590 (non
674 3530 792 3583 tanturn
824 3542 883 3583 una
906 3522 1131 3584 semidiametro
1155 3523 1283 3596 Terrae,
1313 3522 1368 3582 sed
1391 3526 1534 3600 quantum

162 3612 248 3675 inter
278 3608 381 3672 Solem
411 3617 442 3670 et
471 3610 595 3672 Terram
623 3611 765 3682 interest)
798 3610 1045 3685 ‚,habitantibus,
1078 3611 1218 3674 similiter
1248 3629 1283 3671 ac
1316 3612 1342 3671 si
1374 3611 1404 3670 in
1436 3607 1535 3670 medio

162 3701 268 3762 Terra
292 3706 384 3760 esset.
431 3699 511 3761 Nam
535 3719 571 3760 ne
595 3718 671 3760 nnnc
696 3700 837 3779 quidem“
862 3700 907 3772 (id
932 3708 991 3773 est,
1014 3721 1051 3762 ne
1076 3701 1196 3781 quidem
1220 3700 1245 3762 si
1267 3700 1361 3760 Terra
1384 3698 1414 3759 in
1438 3696 1535 3759 medio

161 3789 373 3868 relinquatur)
398 3787 578 3866 „quicquam
606 3789 739 3850 notabile
764 3789 856 3863 ellici,
887 3790 955 3850 dum
980 3789 1102 3850 dimidia
1126 3789 1273 3850 diametro
1304 3809 1321 3847 a
1346 3793 1448 3848 centro
1477 3785 1533 3846 ah·

161 3878 309 3941 sumus.“
354 3877 440 3938 Haec
464 3878 502 3938 de
525 3877 749 3958 Pythagoraeis
772 3877 973 3946 Aristoteles,
1004 3879 1066 3939 lere
1090 3879 1211 3957 quidem
1232 3877 1321 3957 plura
1345 3884 1375 3938 et
1399 3874 1535 3953 explica·

161 3968 263 4039 tiora,
299 3985 387 4047 quam
413 3967 450 4027 de
475 3966 655 4028 Aristarcho
680 3967 889 4028 Archimedes.
937 3964 1023 4035 Quae
1047 3968 1074 4027 si
1097 3967 1225 4046 legisset
1247 3966 1359 4034 Ursus,
1386 3963 1534 4044 Ooperui·

160 4074 316 4120 carrarum
340 4055 486 4134 originem
501 4075 558 4116 non
579 4056 617 4116 ad
633 4056 845 4122 Aristarchum
860 4063 931 4135 post
945 4056 1154 4130 Aristotelem,
1179 4055 1234 4116 sed
1259 4056 1296 4115 ad
1312 4055 1482 4116 Philolaum
1505 4058 1538 4113 et

159 4145 393 4229 Pythagoricos
417 4144 506 4223 longe
531 4152 601 4205 ante
617 4145 817 4207 Aristotelem
840 4144 1005 4207 retulisset.
1051 4145 1158 4225 Neque
1182 4152 1284 4206 tamen
1299 4163 1403 4205 omnes
1416 4142 1535 4225 Pytha-

163 4232 266 4318 gorici
293 4233 342 4314 qui
366 4233 462 4294 secuti
487 4241 558 4295 sunt
585 4234 662 4295 hanc
686 4233 817 4296 Philolai
841 4243 964 4295 tenuere
988 4233 1025 4294 de
1048 4233 1157 4294 mundo
1182 4234 1416 4314 conceptionem.
1462 4231 1535 4292 Eu·

162 4325 292 4386 doxus
316 4321 395 4383 enim
419 4320 554 4396 Cnidius,
575 4322 642 4402 jam
664 4322 803 4384 Platonis
828 4330 859 4383 et
874 4321 1051 4383 Aristotelia
1071 4329 1254 4384 coaetaneus
1278 4322 1394 4406 etipse
1419 4320 1535 4402 Pytha·
1650 4352 1662 4371 ι

161 4410 302 4493 gericus,
328 4411 407 4490 apud
431 4411 631 4473 Aristotelem
654 4411 797 4492 principis
822 4411 1014 4493 Pythagorae
1038 4411 1222 4473 senteutiam
1244 4413 1368 4491 propius
1392 4409 1535 4488 sequitur,

162 4501 196 4564 in
223 4519 261 4562 eo
285 4519 410 4580 nempe,
442 4501 521 4579 quod
545 4499 604 4562 una
631 4520 698 4563 cnm
722 4500 773 4562 illo
797 4499 923 4572 statuit,
955 4500 1070 4561 moveri
1103 4499 1215 4561 Solem.
1263 4500 1310 4560 De
1334 4517 1392 4579 quo
1416 4505 1448 4558 et
1471 4496 1535 4574 ejus

164 4595 345 4653 correctore
370 4586 533 4668 Oalippo
557 4608 625 4651 cum
648 4590 745 4652 Ursus
773 4608 828 4670 pro
853 4589 994 4651 libertate
1018 4608 1074 4649 aua
1097 4589 1242 4662 affirmet,
1275 4589 1380 4668 quibus
1403 4586 1450 4645 usi
1473 4583 1536 4657 sint

165 4677 401 4760 hypothesibus,
425 4677 573 4757 ignorari;
598 4685 753 4740 ettamen
777 4677 882 4757 paucis
899 4677 1078 4757 interjectis,
1103 4678 1209 4739 eadem
1224 4673 1419 4738 asseverandi
1434 4680 1535 4735 temo-

168 4767 278 4844 ritato,
311 4773 476 4851 usurpatos
509 4766 548 4830 ab
580 4765 642 4831 illis
674 4767 880 4836 concentricos
908 4785 927 4829 a
953 4765 1174 4852 Pythagoraeis
1204 4774 1237 4829 st
1264 4763 1439 4847 Hipparcho
1468 4781 1535 4824 oum
1569 4776 1573 4784 ·
