3366 5482
162 275 225 347 ¹04
699 270 812 336 amar·
830 270 983 321 seueros·

159 441 290 507 demae,
313 431 623 512 hincprovinciarum
648 428 920 506 circumjacentium
944 434 1110 506 respectus.
1150 429 1236 491 lllluc
1255 449 1387 511 namque
1411 433 1530 497 multos

159 547 176 591 e
199 523 360 587 nobilitate
374 521 522 622 videbam,
539 519 587 596 qui
606 536 653 579 me
677 517 725 577 vel
750 516 889 576 audivere
914 517 1078 590 docentem,
1103 519 1151 578 vel
1175 519 1324 580 communi
1344 539 1456 581 mensa
1476 532 1530 584 aut

159 610 354 678 contubernio
378 628 444 669 meo
467 609 513 668 usi
535 625 582 668 me
606 605 727 685 propius
750 612 969 681 cognoverunt,
1000 624 1094 684 exque
1118 624 1154 665 eo
1173 613 1309 683 tempore
1334 606 1530 670 benevolen-

158 703 234 766 tiam
267 720 285 760 a
316 696 494 780 patribus
486 715 515 756 ιιι
549 713 582 755 se
616 692 784 754 derivatam
815 709 888 770 erga
914 711 960 752 me
990 701 1190 766 conservant,
1214 694 1382 775 quibusque
1408 697 1529 775 pollent

159 788 265 870 copiis,
289 782 506 858 demonstrant,
532 782 688 862 diguitatis
712 788 743 841 et
759 779 875 858 gratiae
890 778 1059 840 Caesareae
1076 782 1203 841 fructum
1219 801 1273 861 per
1292 783 1527 848 beneficentiam

159 877 334 956 exigentes.
369 892 424 934 nec
456 872 565 932 desunt
597 889 635 930 ex
667 868 938 929 ecclesiasticorum
971 888 1105 945 numero,
1132 870 1181 946 qui
1206 889 1263 930 non
1289 871 1405 944 minus,
1436 892 1527 953 quam

159 972 371 1030 antecessores
397 959 457 1035 sui,
482 966 514 1020 et
536 967 619 1019 artes
642 956 872 1017 mathematicas
897 963 928 1016 et
951 975 996 1016 me
1020 958 1165 1018 cultorem
1189 967 1311 1031 amant,
1347 979 1458 1040 meque
1489 963 1527 1024 ad

159 1073 193 1116 se
216 1049 403 1123 invisendos,
428 1047 454 1109 si
477 1047 583 1108 turbae
607 1044 862 1125 conquisissent,
887 1044 924 1104 de
946 1045 1111 1124 propinquo
1135 1065 1168 1106 se
1192 1054 1373 1109 evocaturos
1398 1052 1526 1114 nuntia-

160 1147 239 1204 runt.
286 1137 417 1214 Dignum
449 1135 542 1215 igitur
572 1140 639 1194 erat
666 1151 734 1193 mea
756 1133 785 1192 in
810 1138 952 1212 utrosque
975 1133 1176 1210 gratitudine,
1210 1144 1244 1195 ut
1267 1135 1376 1213 quibus
1401 1157 1526 1218 possem

159 1227 272 1292 mutuis
296 1224 402 1287 officiis
425 1231 529 1284 tantos
553 1221 687 1283 fautores
710 1221 902 1299 percolerem,
925 1220 1111 1300 ampliusque
1136 1222 1282 1284 demereri
1305 1225 1475 1290 studerem.

167 1330 169 1334 ·
249 1314 328 1376 istuc
351 1330 422 1373 vero
447 1329 483 1371 ex
505 1319 591 1388 parte
606 1309 751 1371 Austriae
770 1307 909 1388 pavidam
930 1307 1137 1388 imbellemque
1153 1312 1370 1373 astronomiam
1390 1315 1525 1379 circum·

161 1403 278 1468 stantia
301 1399 450 1480 pericula,
476 1404 623 1470 terrores,
648 1396 848 1473 calamitates,
875 1415 1035 1457 aerumnae
1060 1397 1185 1460 subinde
1210 1400 1374 1461 admonent
1399 1403 1437 1463 de
1463 1405 1526 1468 cir-

161 1489 392 1572 cumspiciendis
416 1486 546 1548 auxiliis.
595 1484 748 1546 Transivit
781 1484 833 1557 illa
857 1506 884 1544 a.
908 1480 992 1546 1600
1026 1505 1041 1545 e
1071 1485 1176 1567 Styria
1203 1489 1233 1548 in
1257 1488 1460 1567 Bohemiam,
1495 1502 1531 1555 ut

162 1599 239 1662 quae
264 1579 319 1641 snb
342 1576 525 1639 Austriacae
550 1574 655 1634 dourus
688 1574 793 1633 umbra
816 1574 929 1652 primas
953 1574 1069 1634 radices
1093 1583 1216 1653 egerat,
1249 1577 1356 1638 eadem
1388 1581 1446 1642 sub
1475 1583 1531 1643 illa

162 1678 195 1732 et
217 1672 446 1730 maturesceret.
495 1663 540 1723 lbi
574 1663 656 1723 varie
684 1663 805 1740 jactata
828 1683 846 1722 a
870 1661 1102 1741 tempestatibus
1125 1663 1285 1737 bellomm,
1311 1674 1374 1727 tam
1399 1669 1529 1734 intesti-

161 1774 267 1822 norum
291 1773 380 1835 qnam
408 1761 616 1824 externorum,
649 1751 769 1810 taudem
798 1759 868 1830 post
900 1771 1056 1813 excessum
1086 1752 1237 1834 Rudolplui
1269 1756 1464 1835 imperatoris
1499 1781 1528 1821 a.

164 1844 249 1911 1612
274 1841 426 1906 constanti
451 1842 555 1901 domus
579 1840 760 1901 Austriacae
789 1841 887 1900 studio
916 1841 1042 1902 recurrit
1076 1842 1104 1902 iu
1128 1843 1306 1904 Austriam:
1333 1845 1383 1906 nbi
1409 1848 1529 1911 utinam

163 1955 252 2040 qnam
275 1927 414 2011 benigne
427 1937 556 2009 excepta
580 1937 611 1989 et
636 1929 713 2001 lota,
739 1937 801 1989 tam
825 1930 959 2007 impensa
982 1949 1194 2008 generosarum
1223 1932 1366 1994 mentium
1391 1954 1527 2015 occupa-

162 2024 244 2086 tione
269 2025 342 2093 (non
366 2019 464 2080 minus
488 2024 578 2094 atque
602 2037 621 2076 a
644 2035 690 2075 me
715 2018 777 2094 ejus
800 2016 1017 2090 instauratore)
1046 2019 1157 2100 percoli
1185 2020 1346 2099 potuisset.
1399 2025 1527 2099 Verum,

162 2112 256 2182 eheu,
292 2107 413 2187 quantis
438 2123 505 2165 sese
530 2112 632 2165 mutuo
656 2104 740 2162 bouis
765 2113 876 2165 exuunt
900 2107 1043 2167 mortales
1067 2109 1167 2168 miseri
1200 2127 1254 2188 per
1284 2110 1418 2172 scabiem
1450 2133 1526 2174 con-

162 2199 330 2262 tentionum
354 2191 584 2272 turpissimam?
644 2189 741 2260 Quam
768 2193 932 2270 profunda,
963 2197 1006 2255 sic
1040 2197 1181 2270 meritos,
1215 2197 1314 2258 obruit
1352 2199 1528 2275 ignorantia

163 2286 244 2348 fati?
291 2281 390 2352 Quam
413 2279 600 2342 lamentabili
633 2279 757 2340 consilio
787 2280 906 2359 ,ignem
940 2282 1008 2344 dum
1037 2284 1185 2362 fugimus,
1210 2285 1325 2347 medios
1344 2287 1527 2352 incurrimus

162 2372 289 2454 ignes?“
315 2369 439 2432 Utinam
463 2386 533 2428 vero
558 2368 738 2436 etiamnunc,
761 2378 832 2447 post
854 2380 1044 2445 consecutam
1072 2392 1171 2433 rerum
1194 2373 1425 2437 Austriacarum
1450 2399 1527 2440 con-

162 2461 342 2533 versionem,
367 2457 449 2518 locus
474 2456 605 2535 supersit
627 2455 672 2517 illi
688 2456 822 2518 Platonis
846 2461 976 2534 oraculo,
1002 2459 1060 2539 qui,
1085 2480 1151 2521 cum
1175 2459 1290 2523 Gracia
1315 2465 1403 2542 longo
1428 2475 1460 2527 et
1479 2466 1526 2528 ci-

163 2549 217 2612 vili
240 2547 320 2608 bello
345 2546 467 2607 arderet
489 2544 635 2625 undique,
660 2545 806 2624 malisque
830 2554 989 2609 vexaretur
1013 2549 1167 2623 omnibus,
1198 2569 1274 2629 quae
1299 2552 1388 2613 civile
1412 2555 1525 2617 bellum

164 2635 302 2700 comitari
327 2635 439 2702 solent,
465 2634 620 2695 consultus
645 2652 734 2712 super
755 2636 942 2712 problemate
972 2636 1111 2705 Deliaco,
1137 2639 1273 2716 quaesito
1297 2647 1461 2720 praetextu
1486 2644 1526 2704 ad

163 2722 353 2805 'suggerenda
376 2722 494 2801 populis
518 2723 643 2785 consilia
666 2722 829 2798 salutaria,
864 2725 907 2785 ita
940 2726 1056 2785 demum
1084 2726 1277 2804 tranquillam
1308 2746 1345 2788 ex
1368 2729 1525 2808 Apollinis

163 2812 317 2875 sententia
341 2809 502 2873 Graeciam
526 2811 654 2872 futuram
680 2812 843 2890 respondit,
868 2813 894 2874 si
917 2833 950 2873 se
979 2814 1016 2873 ad
1042 2815 1238 2916 geometriam
1268 2824 1429 2897 ceteraque
1453 2821 1526 2898 phi-

163 2900 319 2980 losophica
342 2900 442 2962 studia
467 2897 578 2961 Graeci
602 2901 840 2962 convertissent:
866 2902 935 2979 quia
957 2902 1032 2962 haec
1053 2903 1153 2962 studia
1168 2903 1285 2964 animos
1304 2906 1342 2965 ab
1357 2906 1524 2970 ambitione

163 2997 195 3053 et
217 2988 340 3071 reliquis
363 2987 592 3070 cupiditatibus,
622 3009 660 3049 ex
683 2989 789 3068 quibus
812 2989 892 3052 bella
916 2997 948 3050 et
971 2996 1019 3050 cet
1020 3009 1073 3051 era
1096 2991 1177 3051 mala
1200 2992 1348 3068 existunt,
1370 2996 1408 3055 ad
1435 3015 1524 3057 amo-

163 3098 226 3142 rem
247 3078 332 3158 pacis
356 3084 388 3139 et
411 3077 673 3138 moderationem
665 3097 694 3138 uu
719 3078 854 3139 omnibus
878 3078 967 3140 rebus
992 3078 1185 3141 adducerent.

252 3166 376 3230 Utinam
401 3164 527 3246 deniqne
547 3166 613 3244 jam
637 3166 806 3245 suppressis
839 3167 930 3228 armis
959 3174 1076 3228 tantum
1100 3167 1187 3229 detur
1210 3168 1396 3230 induciarum
1421 3192 1440 3231 a
1464 3172 1524 3232 mi-

165 3255 272 3332 seriis,
305 3263 340 3318 nt
372 3250 446 3316 viris
478 3255 564 3316 bonis
596 3261 703 3327 vacet,
738 3255 834 3317 simile
859 3255 1010 3336 quippiam
1035 3254 1272 3317 ciceroniani
1302 3258 1380 3318 illins
1406 3261 1525 3323 consilii

164 3343 367 3418 comminisci,
393 3343 461 3423 qui,
485 3362 592 3405 eversa
610 3342 764 3423 republica
784 3343 935 3417 Romana,
961 3363 1027 3404 cum
1051 3351 1134 3404 esset
1149 3345 1199 3405 vix
1219 3346 1411 3407 consolabilis
1427 3348 1525 3423 dolor,

163 3435 194 3497 in
223 3439 312 3494 tanta
344 3432 473 3494 omnium
504 3451 603 3494 rerum
631 3431 792 3494 amissione
821 3442 850 3494 et
884 3431 1094 3511 desperatione
1122 3435 1335 3511 recuperandi,
1363 3425 1526 3515 postquam

162 3520 208 3586 illi
231 3520 300 3590 arti,
326 3521 372 3583 cni
396 3520 564 3595 studuerat,
589 3521 662 3582 nihil
687 3539 754 3580 esse
779 3520 847 3597 loci,
872 3540 968 3600 neque
992 3520 1021 3581 iu
1046 3520 1128 3581 curia
1151 3540 1247 3600 neque
1272 3522 1300 3582 in
1325 3523 1401 3597 foro,
1425 3525 1525 3587 vidit:

164 3629 282 3680 omnem
305 3628 391 3671 suam
415 3628 515 3670 curam
539 3616 629 3688 atque
653 3627 776 3687 operam
807 3611 846 3670 ad
873 3608 1093 3689 philosophiam
1121 3610 1266 3684 contulit,
1301 3630 1426 3672 mouens
1451 3612 1527 3675 Sul-

162 3694 270 3782 pitinm
294 3717 388 3772 sunm,
413 3698 443 3759 in
467 3697 574 3758 iisdem
597 3695 712 3759 versari
735 3697 834 3772 rebus,
861 3717 950 3778 quae,
976 3698 1094 3758 etiarnsi
1118 3698 1215 3758 minus
1238 3698 1430 3778 prodessent.
1455 3702 1526 3764 ani-

162 3807 242 3852 mum
265 3795 366 3850 tamen
391 3807 410 3848 a
433 3785 634 3847 sollicitudine
659 3784 844 3848 abducerent
867 3805 942 3867 aque
967 3786 1113 3861 molestiis
1138 3786 1284 3847 levarent

166 3887 169 3893 '
252 3874 369 3947 Quibus
392 3875 472 3937 votis
496 3873 521 3935 si
546 3873 629 3935 Dens
654 3882 776 3947 annuat,
801 3894 857 3935 nou
882 3874 1018 3953 equidem
1044 3856 1181 3952 indignas
1205 3875 1323 3936 homine
1349 3852 1526 3939 Christiano

160 3966 347 4055 voluptates,
373 3982 579 4027 aerumnarum
603 3962 725 4034 solatia,
750 3962 923 4025 mathemat
901 3969 960 4023 tuce
984 3983 1051 4024 mea
1074 3963 1121 4023 vel
1147 3983 1184 4024 ex
1208 3962 1417 4025 astronomicis
1433 3984 1525 4026 exer-

160 4045 254 4130 citiis,
278 4052 327 4114 vel
347 4072 385 4114 ex
399 4052 652 4132 contemplatione
667 4050 832 4113 divinorum
847 4070 979 4130 operum,
995 4070 1090 4131 exque
1105 4051 1285 4114 Harmonice
1299 4052 1404 4113 Mundi
1421 4053 1526 4126 (fatali

160 4143 218 4206 illa
241 4142 452 4223 occupatione,
479 4141 508 4201 in
534 4140 701 4202 durissimis
726 4139 825 4201 exacti
848 4140 959 4201 biennii
984 4140 1195 4214 dissonantiis)
1223 4158 1391 4220 proponere
1414 4150 1527 4221 parata

163 4248 284 4310 semper
307 4229 375 4290 erit.
422 4229 467 4290 At
490 4229 560 4308 quia
582 4231 611 4291 in
636 4229 665 4291 id
691 4236 739 4289 est
762 4228 882 4307 incepta
904 4228 980 4289 haec
1001 4229 1157 4307 occupatio
1177 4228 1389 4302 astronomica,
1402 4237 1439 4309 ¹nt
1452 4249 1525 4309 per-

160 4318 296 4390 ficiatur:
321 4316 390 4396 quid
413 4316 505 4395 igitur
527 4319 584 4379 hoc
598 4316 743 4379 Austriae
767 4325 851 4379 statu
874 4316 1138 4379 calamitosissimo
1162 4318 1262 4396 potius
1282 4325 1365 4395 agat,
1387 4336 1476 4397 quam
1492 4327 1526 4382 ut

162 4403 327 4487 praesidia,
352 4403 459 4484 quibus
482 4405 549 4486 ipsa
571 4406 696 4486 indiget,
713 4406 751 4466 ad
767 4425 859 4484 opera
872 4407 952 4467 inter
965 4406 1098 4467 homines
1117 4405 1277 4485 vulganda,
1303 4406 1399 4486 adque
1415 4426 1524 4470 nomen

162 4490 326 4573 Rudolplri,
352 4493 477 4555 Tabulis
500 4495 655 4575 perpetuis
680 4495 883 4567 asserendum,
909 4494 1021 4575 pudore
1046 4494 1188 4567 cohibita,
1208 4513 1245 4555 ue
1270 4495 1308 4555 ab
1332 4495 1456 4556 afflictis
1475 4497 1525 4558 vel

164 4581 335 4666 lugentibus
359 4583 459 4644 omnia
480 4592 577 4663 petat,
602 4583 702 4665 potius
727 4584 794 4646 inde
818 4591 967 4664 corroget,
993 4602 1134 4664 quorsum
1156 4582 1260 4644 clades
1273 4583 1361 4656 istae,
1383 4601 1524 4663 quorsum

164 4669 368 4754 prodigiorum
393 4672 567 4742 coelestium
591 4673 780 4752 expiationes
804 4672 1051 4735 horribilissimae
1084 4692 1142 4733 uon
1170 4672 1371 4750 pertigeruut,
1397 4671 1523 4751 denique

167 4761 207 4823 ad
229 4760 373 4846 pristinos
397 4767 551 4845 patronos,
576 4761 614 4822 ad
637 4780 711 4841 quos
726 4760 847 4825 dimidio
862 4761 929 4823 viae
939 4761 1006 4843 jam
1020 4780 1097 4822 anno
1115 4756 1199 4824 1612
1218 4759 1522 4842 appropinquaverat,
