3366 5482
690 233 813 287 tenu·
831 231 993 300 „asma
1456 229 1522 300 aso

161 390 432 468 considerandum,
467 393 616 456 distantia
638 393 850 473 significatoris
874 413 893 454 a
915 392 1078 454 meridiano
1103 391 1249 473 quomodo
1273 393 1361 454 detur
1388 393 1417 456 in
1441 399 1521 456 term

161 480 317 562 puralibns
342 479 428 543 boris
452 501 490 542 an
517 483 545 543 iu
570 483 756 562 aequalibus,
781 482 810 543 h.
837 501 864 542 e.
888 481 918 542 in
942 501 1005 543 asc.
1031 480 1135 542 recta?
1180 479 1270 542 Etsi
1294 481 1360 556 hoc,
1385 489 1419 543 ut
1432 481 1521 543 hodie

161 586 284 649 semper
307 570 352 643 iit,
378 577 449 631 tunc
474 571 566 632 debes
591 591 627 631 ex
652 572 751 651 aliqua
768 571 874 633 tabula
897 589 1057 650 excerpere
1080 569 1201 631 horaria
1214 576 1352 650 tempora
1365 569 1519 649 significa·

161 659 253 732 toris;
285 677 341 739 per
364 678 402 719 ea
430 659 546 720 divides
571 661 771 722 differentiam
804 679 867 720 nsc.
892 667 994 720 rectae
1022 658 1112 721 medii
1136 658 1211 720 coeli
1236 666 1268 718 et
1296 658 1519 738 significatoria,

158 747 262 827 prodit
285 766 428 809 numems
452 748 593 811 horarum
617 749 827 825 temporalium
851 748 1072 826 significatoria.
1119 747 1255 808 Habebis
1275 747 1331 807 hoc
1345 755 1436 826 pacto
1461 748 1520 809 duo

159 845 310 916 exparte
335 836 568 915 significatoris:
600 859 662 899 asc.
688 847 801 898 rectam
825 836 1017 898 culminantis
1041 835 1144 916 puncti
1169 844 1200 897 et
1224 835 1400 896 distantiam
1425 836 1521 916 signi-

158 925 293 986 ilcatoris
318 944 337 985 a
360 925 525 987 meridiano
550 926 578 987 in
603 927 685 988 horis
709 926 921 1006 significatoria
944 926 1084 1006 propriis.
1132 923 1262 1003 Oportet
1278 943 1354 985 nunc
1369 924 1445 986 talia
1460 924 1520 987 duo

159 1012 252 1076 etiam
277 1030 422 1093 quaerere
446 1034 484 1075 ex
508 1025 594 1093 parte
617 1013 824 1096 promissoris,
857 1014 888 1089 id
912 1022 973 1087 est,
1003 1022 1123 1093 oportet
1146 1013 1229 1074 illum
1252 1013 1358 1074 eodem
1381 1013 1521 1075 horarum

157 1101 347 1181 propriarum
380 1121 502 1164 numero
537 1104 671 1165 adbiberi
705 1103 782 1164 coeli
813 1103 929 1176 medio,
969 1110 1001 1164 et
1037 1112 1108 1164 tunc
1142 1121 1284 1182 quaerere
1322 1102 1399 1163 coeli
1431 1101 1520 1163 medii

158 1209 223 1253 asc.
255 1199 387 1252 rectam.
439 1190 491 1253 Sic
520 1191 612 1272 igitur
641 1212 729 1271 ages:
766 1210 894 1271 excerpe
926 1192 1047 1253 horaria
1078 1200 1215 1270 tempora
1246 1190 1453 1269 promissoris;
1485 1209 1522 1251 ea

157 1277 329 1358 multiplica
357 1278 387 1340 in
422 1298 573 1341 numerum
606 1282 760 1342 inventum
787 1279 927 1341 horarum
951 1280 1160 1360 temporalium
1189 1279 1414 1358 significatoria,
1447 1297 1520 1359 pro-

157 1367 280 1428 ductum
312 1369 397 1430 aufer
426 1369 465 1429 ab
499 1387 562 1431 asc.
593 1379 679 1432 recta
700 1363 911 1449 promissoris,
947 1370 1048 1448 prodit
1081 1388 1142 1429 asc.
1176 1378 1261 1429 reeta
1290 1367 1333 1427 M.
1368 1365 1420 1437 0..
1454 1385 1520 1428 curn

159 1456 330 1534 promissor
361 1464 409 1517 tot
444 1457 504 1517 tuis
540 1459 757 1538 temporalibus
789 1457 871 1520 boris
899 1457 988 1519 abest
1021 1478 1039 1518 a
1069 1458 1111 1520 M.
1143 1455 1194 1531 0.,
1230 1463 1303 1536 quot
1337 1455 1521 1536 significator

159 1543 264 1605 itidem
288 1545 352 1606 suis
377 1544 493 1607 aberat.
541 1546 707 1609 Subtraeta
731 1547 823 1625 igitur
837 1566 900 1608 asc.
928 1555 1010 1607 recta
1029 1547 1072 1608 M.
1094 1544 1130 1609 C.
1150 1564 1204 1626 pro
1229 1543 1432 1625 significatore
1447 1544 1521 1605 data

156 1633 193 1694 ab
217 1651 283 1694 asc.
299 1641 385 1696 recta
398 1635 442 1696 Μ.
459 1631 497 1696 C.
523 1635 570 1697 hic
588 1637 712 1698 iuventa
727 1655 782 1717 pro
801 1637 992 1715 promissore,
1018 1635 1200 1715 relinquetur
1214 1652 1351 1696 numerus
1366 1632 1521 1713 quaesitus

157 1723 305 1803 graduum
330 1723 512 1785 directionis.
1588 1798 1593 1804 .

245 1808 332 1873 Haec
363 1812 457 1891 igitur
484 1819 533 1873 est
555 1812 745 1875 Ptolemaica
768 1814 846 1875 ratio
871 1811 1033 1891 dirigendi,
1069 1811 1106 1872 de
1130 1829 1189 1890 qua
1217 1817 1327 1896 tamen
1343 1808 1517 1882 notandum,

156 1899 235 1979 quod
258 1899 455 1962 Ptolemaeus
480 1921 546 1963 enm
571 1920 629 1963 uon
652 1904 788 1982 proferat
811 1903 899 1964 modo
915 1899 1166 1981 Regiomontani;
1191 1918 1260 1960 nam
1286 1897 1380 1976 primo
1404 1897 1519 1957 latetur

156 1996 272 2068 aperte,
298 2008 368 2050 earu
384 2010 411 2050 a
434 2009 525 2069 scopo
550 1988 682 2052 nonnihil
707 1992 879 2052 deflectere.
927 1988 1003 2051 Cum
1028 1988 1106 2050 euim
1129 1986 1304 2068 principalis
1328 1992 1412 2046 esset
1439 1985 1514 2046 Pto-

155 2078 273 2139 lemaeo
300 2096 410 2157 scopus
433 2079 512 2140 idem
536 2079 585 2159 qui
609 2085 642 2139 et
664 2079 916 2158 Regiomontano,
942 2088 974 2139 ut
989 2096 1031 2140 sc.
1056 2076 1222 2158 promissor
1236 2075 1353 2137 veniret
1376 2073 1405 2134 in
1421 2072 1517 2153 signi-

155 2165 451 2246 ficatoria-circulum
474 2166 651 2247 positionis,
676 2167 871 2229 Ptolemaeus
896 2186 953 2228 non
970 2166 1057 2236 dicit,
1081 2166 1138 2227 hoc
1159 2163 1287 2227 obtineri
1301 2161 1441 2244 praecise
1463 2179 1518 2242 per

156 2255 246 2316 boras
273 2256 469 2333 temporales,
504 2256 558 2317 sed
581 2257 676 2318 utitur
698 2275 772 2317 voce
798 2257 1066 2335 „propemodum,“
1100 2265 1131 2315 et
1153 2254 1183 2316 in
1208 2252 1356 2332 exemplis
1380 2249 1529 2311 ostendit'

154 2343 400 2422 discrepantiam.
446 2343 563 2405 Deinde
587 2345 776 2406 certitudinis
802 2354 833 2405 et
854 2345 1021 2423 compendii
1041 2363 1132 2406 causa
1158 2343 1282 2422 ablegat
1295 2359 1350 2402 uos
1366 2338 1404 2400 ad
1419 2337 1518 2418 ipsum

154 2432 276 2494 mudum
300 2432 550 2510 Regiomontani,
572 2433 699 2512 jubens,
725 2434 754 2494 in
779 2434 962 2494 ascendente
987 2434 1116 2512 dirigere
1140 2450 1195 2512 per
1218 2449 1281 2491 asc.
1306 2428 1461 2509 obliquas,
1485 2424 1515 2486 in

153 2520 197 2583 dl.
224 2519 261 2583 Ο.
285 2540 339 2601 per
362 2530 473 2582 rectas.
521 2520 583 2583 Sed
615 2523 685 2601 quia
714 2541 768 2602 pro
796 2521 872 2584 locis
904 2522 1091 2584 intermediis
1120 2539 1177 2581 non
1206 2518 1370 2580 exstabant
1394 2514 1515 2577 tabulae

154 2609 370 2683 directionum,
405 2609 472 2670 ideo
503 2610 696 2672 commendat
724 2610 810 2672 uobis
834 2611 891 2672 hoc
915 2608 1137 2691 compendium,
1173 2615 1206 2669 ut
1236 2607 1400 2687 dirigamus
1424 2603 1516 2666 talem

153 2698 403 2778 significatorem,
438 2699 488 2777 qui
515 2699 695 2761 intermedio
720 2699 786 2761 loco
820 2699 924 2774 luerit,
960 2709 993 2761 et
1019 2718 1072 2778 per
1101 2705 1200 2759 rectas
1234 2703 1266 2758 et
1294 2715 1349 2774 per
1377 2692 1515 2772 obliquas

153 2805 233 2860 asc,
259 2795 291 2847 et
314 2786 515 2848 differentiam
540 2788 694 2868 utriusque
719 2788 894 2849 directionis
917 2787 1184 2868 proportionaliter
1208 2784 1393 2866 applicemus
1421 2782 1514 2843 horn·

152 2874 216 2937 riae
246 2875 411 2936 distantiae
440 2876 653 2954 significatoris
687 2877 903 2938 nmeridiano.
950 2876 1045 2956 Atqui
1076 2876 1114 2936 ad
1144 2875 1203 2934 ista
1235 2872 1347 2944 omnia,
1382 2878 1414 2931 et
1438 2886 1514 2950 quae

151 2964 310 3044 praecepit
332 2964 527 3025 Ptolemaeus
565 2973 597 3026 et
631 2985 770 3045 quorsum
799 2965 910 3038 tendit,
944 2966 1055 3025 rectius
1085 2961 1276 3042 pervenimus
1303 2978 1358 3039 per
1392 2956 1514 3020 tabulas

152 3052 353 3114 directionum
373 3052 618 3129 Regiomontani,
644 3055 691 3115 vei
716 3054 782 3132 ipso
802 3053 976 3114 Ptolemaeo
1001 3059 1092 3113 teste.
1139 3050 1224 3111 Haec
1248 3047 1341 3127 igitur
1365 3048 1402 3108 de
1424 3044 1513 3107 modo

153 3140 306 3221 dirigendi
320 3136 554 3214 Ptolemaico.')

244 3228 315 3291 Jam
348 3228 426 3308 quod
459 3230 610 3309 negotium
645 3231 755 3292 attinet
791 3228 958 3307 erigendi
996 3228 1119 3289 domos
1156 3224 1367 3295 coelestes,
1407 3220 1515 3282 Ptole-

155 3335 259 3380 maeus
289 3317 370 3378 nullo
398 3318 488 3396 plane
517 3338 554 3378 ne
583 3319 704 3381 minimo
734 3319 854 3398 quidem
877 3316 1000 3379 verbulo
1032 3315 1114 3377 illam
1145 3313 1194 3375 bic
1223 3312 1302 3374 inter
1335 3309 1515 3372 directiones

156 3406 292 3487 attingit.
341 3404 474 3484 Cumque
508 3425 573 3467 eam
599 3427 635 3467 ne
664 3408 783 3487 quidem
811 3406 882 3468 alibi
906 3404 1057 3479 docuerit,
1093 3404 1148 3465 hoc
1173 3400 1369 3464 fortissimum
1392 3405 1441 3459 est
1464 3416 1516 3459 ar·

155 3502 344 3574 gementum,
379 3495 445 3572 ejus
477 3516 589 3563 rorone
621 3496 703 3557 nulla
730 3496 864 3572 indigere
897 3493 1103 3573 inquisitione,
1137 3511 1172 3553 ac
1199 3489 1324 3572 proinde
1343 3487 1417 3549 nibil
1447 3501 1516 3547 essa

155 3583 253 3659 aliud,
283 3582 341 3644 nisi
367 3583 612 3644 dodecatemoria
627 3584 748 3663 integra
771 3583 895 3644 zodiaci.
943 3581 995 3644 Sic
1022 3582 1120 3643 sensit
1142 3577 1339 3641 Reiuboldus.
1378 3572 1516 3647 Quodsi

155 3673 305 3734 rationem
338 3671 472 3749 erigendi
505 3672 609 3733 domos
639 3672 757 3734 omnino
787 3672 876 3733 aliam
901 3671 984 3750 sequi
1014 3670 1155 3744 velimus,
1189 3666 1355 3744 derivatam
1376 3682 1416 3724 ex
1440 3662 1516 3725 doo-

155 3760 238 3825 trina
260 3760 447 3823 Ptolemaica
470 3760 683 3834 directionum,
724 3761 842 3822 ridiculi
867 3779 987 3833 sumus,
1021 3760 1129 3820 sinon
1157 3756 1259 3836 potius
1282 3749 1516 3831 Regiomontani

155 3850 324 3931 perlectam
355 3849 504 3909 rationem
533 3849 698 3930 sequimur,
734 3868 822 3929 quam
846 3848 1040 3909 Ptolemaeus
1068 3846 1134 3925 ipse
1157 3841 1393 3910 commendavit,
1428 3856 1517 3919 quam

155 3936 324 4002 Ptolemaei
349 3936 492 3998 vicariam
518 3938 734 4017 imperfectam,
760 3957 819 4017 qua
841 3936 1015 3998 necessario
1039 3941 1198 3996 contentus
1220 3931 1276 3992 fuit
1298 3937 1421 4009 propter
1434 3926 1516 3989 indi-

156 4028 291 4106 gentiam
325 4026 477 4098 melioris,
511 4036 543 4087 et
571 4045 658 4106 quam
689 4028 751 4105 ipse
783 4027 976 4087 Ptolemaeus
1010 4025 1124 4084 fatetur
1153 4020 1370 4099 imperfectam.
1424 4015 1516 4078 Adde

158 4117 235 4198 quod
260 4115 395 4179 Cardani
419 4114 508 4190 ratio,
533 4134 622 4195 quam
647 4115 834 4176 Reinholdus
857 4112 986 4176 ascribit
1008 4109 1183 4175 Alcbabitio
1207 4118 1238 4170 et
1261 4104 1372 4169 Joanni
1396 4105 1434 4166 ds
1454 4102 1517 4167 Sa-

156 4206 260 4279 xooia,
296 4222 355 4264 non
382 4211 431 4265 est
454 4212 662 4265 consentanea
685 4203 890 4265 Ptolemaicae
914 4201 1090 4275 directioni,
1124 4197 1194 4279 quia
1218 4195 1376 4260 Cardanns
1409 4193 1518 4256 iisdem

159 4293 377 4375 temporalibus
401 4291 482 4353 horis
511 4291 591 4353 binis
616 4292 775 4370 distinguit
802 4292 963 4353 domicilia.
1010 4290 1055 4351 At
1076 4285 1245 4349 Ptolemaei
1269 4283 1394 4347 directio
1423 4288 1516 4342 natu·

156 4400 218 4445 ram
243 4390 376 4461 spectat,
401 4379 472 4441 aliis
496 4381 570 4443 locis
594 4381 710 4442 zodiaci
735 4381 811 4441 alias
826 4379 1017 4458 ,temporales
1041 4377 1143 4449 boras,
1168 4375 1274 4455 cuique
1289 4393 1370 4444 snas,
1395 4387 1516 4431 accom-
1633 4425 1640 4438 ,

157 4472 298 4544 undans;
324 4471 403 4550 qnod
418 4468 554 4530 imitatur
568 4469 686 4548 quidem
702 4469 807 4530 tabula
821 4468 947 4548 Magini,
965 4467 1018 4528 sed
1034 4467 1172 4544 ingressu
1187 4461 1368 4553 inartificiali
1383 4467 1414 4523 et
1428 4459 1517 4520 iden-

158 4559 248 4622 tidem
269 4558 457 4637 corrigendo,
483 4558 541 4618 etsi
556 4557 648 4619 horae
663 4557 734 4619 illae
749 4577 807 4618 non
823 4565 893 4618 suot
907 4558 996 4637 plane
1013 4554 1117 4634 cuique
1136 4571 1210 4614 suae
1233 4551 1263 4612 in
1287 4566 1341 4611 sno
1355 4543 1516 4628 positionis

159 4646 281 4724 circulo,
295 4648 350 4709 scd
365 4655 481 4709 tanturn
505 4646 534 4706 in
554 4646 703 4707 communi
717 4646 881 4707 horizonte.
919 4644 996 4705 Hinc
1012 4643 1054 4717 lit,
1080 4649 1113 4703 nt
1128 4639 1268 4703 Cardano
1282 4637 1354 4699 ΧΗ.
1372 4641 1404 4697 et
1417 4636 1441 4698 1.
1460 4629 1517 4696 do-

161 4754 224 4800 mus
256 4737 375 4799 oriente
410 4735 511 4797 cancri
545 4735 692 4817 principio
716 4735 792 4796 fiant
813 4730 1092 4813 inaequalissimae,
1126 4728 1196 4810 qnia
1219 4744 1311 4806 snpra
1332 4723 1517 4787 horizontem
