3366 5482
670 234 827 300 analogica
845 236 996 286 certIorlbm.
1442 234 1507 302 425

148 390 320 461 nriatione
342 392 420 455 varii
443 393 524 455 modi
546 394 730 469 reflexionis,
755 414 832 476 quae
856 402 905 457 est
928 415 947 457 a
970 395 1062 458 variis
1086 395 1309 476 superficiebus.
1356 396 1425 460 Non
1450 417 1507 478 ago

145 481 211 561 jam
235 482 273 543 de
298 482 351 544 illa
374 483 547 558 reflexione,
573 502 650 563 quae
675 492 724 546 est
747 505 765 545 a
788 485 944 564 superficie
968 486 1117 565 speculari
1153 492 1184 547 et
1202 487 1367 548 reflectitur
1391 508 1409 547 a
1431 507 1506 567 quo-

149 570 223 632 libet
247 571 312 650 ejus
335 579 446 650 puncto
469 572 498 632 in
523 572 641 634 unicum
665 574 774 634 saltem
797 581 955 653 punctum:
991 575 1045 635 sed
1070 575 1105 636 de
1131 574 1184 636 illa
1207 576 1385 649 reflexione,
1418 595 1506 656 quam

149 656 298 721 cernimus
327 659 356 720 iu
385 661 521 739 quolibet
548 663 681 739 pariete,
714 663 881 740 inaequalis
910 662 1000 724 etiam
1030 671 1061 725 et
1089 682 1215 742 asperae
1245 664 1424 743 superficiei,
1458 664 1508 744 qui

148 749 258 823 lucem,
284 767 344 829 qua
365 750 516 829 pingitur,
540 750 684 812 imbutam
708 770 744 811 eo
769 751 868 812 colore
895 772 982 832 quem
1006 752 1112 826 habet,
1138 752 1308 832 aquolibet
1330 760 1440 832 puncto
1463 753 1508 813 sui

147 837 178 898 in
206 844 306 899 totum
334 838 586 917 hemisphaerium
616 840 755 901 reflectit.
802 840 881 901 Nam
915 842 965 901 lux
994 841 1121 902 aLuna
1150 841 1188 902 ad
1213 860 1266 901 nos
1296 843 1410 902 reflexa
1437 859 1508 920 per-

148 926 233 987 venit
257 927 323 1002 hoc,
349 945 409 987 non
433 928 485 989 illo
510 928 613 1001 modo;
639 928 715 989 alias
739 946 797 988 non
822 947 933 989 cornua
957 930 985 990 in
1006 930 1102 998 Luna,
1128 930 1181 991 sed
1205 930 1427 1009 imagunculam
1447 929 1507 992 So-

149 1014 187 1077 lis
216 1034 338 1095 semper
361 1016 521 1077 rotundam
552 1035 751 1077 cerneremus.
799 1019 905 1097 ltaque
939 1018 1125 1097 geometrica
1149 1018 1309 1096 dispositio
1342 1018 1507 1100 superficiei

149 1103 223 1166 nihil
248 1104 297 1166 hic
321 1103 379 1166 nisi
404 1106 482 1166 forte
506 1106 651 1180 maculas,
677 1107 781 1185 quales
805 1107 835 1167 in
860 1108 946 1167 Luna
969 1107 1127 1181 cernimus,
1153 1107 1256 1168 efficit.

684 1195 815 1256 Thesis
838 1195 973 1259 XXVII.

237 1280 358 1345 Causae
381 1298 453 1341 vero
477 1281 555 1342 alius
579 1289 670 1362 atque
695 1284 771 1344 alius
795 1284 966 1345 reflexionis
991 1288 1099 1357 (causa
1114 1283 1271 1363 qualitatis
1295 1283 1324 1343 in
1345 1283 1431 1344 radio
1456 1302 1507 1343 re-

148 1371 242 1444 flexo)
276 1379 349 1432 sunt
382 1370 567 1432 reflectentis
601 1373 768 1448 superficiei
801 1374 928 1452 colo-res.
981 1374 1083 1434 Velim
1122 1372 1169 1432 hic
1201 1372 1305 1433 audire
1345 1372 1508 1451 chymicos,

147 1459 291 1540 quidnam
315 1460 431 1521 colores
456 1458 484 1518 ln
509 1461 704 1522 terrestribus
729 1462 903 1540 corporibus
927 1462 1035 1523 variet.
1084 1459 1210 1523 Colores
1226 1461 1345 1539 quidem
1368 1460 1457 1522 iridis
1477 1461 1506 1521 in

148 1550 226 1610 duas
251 1548 473 1609 distribuuntur
497 1549 613 1610 classes
621 1568 630 1622 ;
665 1550 764 1612 altera
788 1559 886 1611 ortum
909 1551 1003 1611 habet
1027 1550 1065 1611 ab
1089 1550 1338 1611 obtenebratione
1367 1568 1420 1610 seu
1444 1549 1508 1627 pri-

149 1637 274 1699 vatione
298 1638 390 1707 lucis,
423 1636 521 1698 altera
554 1658 573 1697 a
597 1638 777 1699 refractione
811 1659 865 1700 seu
894 1640 1047 1701 tinctione.
1096 1639 1259 1718 Utriusque
1284 1637 1393 1699 classis
1423 1638 1508 1716 priu-

148 1725 260 1806 cipium
284 1734 333 1787 est
356 1725 394 1786 ab
419 1724 571 1802 ipsissima
596 1728 674 1801 luce,
708 1728 761 1788 seh
785 1729 854 1789 albo
879 1728 978 1789 calore
1003 1727 1077 1788 lucis
1109 1727 1255 1805 ἀναλογῳ,
1288 1745 1364 1806 quae
1390 1727 1507 1805 quidem

147 1816 200 1877 lux
223 1815 356 1876 medium
380 1813 464 1875 iridis
489 1815 632 1876 circulum
656 1816 811 1891 obtinens,
841 1836 909 1877 eum
938 1817 1049 1877 induo
1081 1816 1167 1894 quasi
1196 1823 1292 1877 secat.
1338 1814 1388 1875 Ex
1411 1815 1510 1894 altera

150 1922 281 1984 namque
304 1911 393 1982 parte
417 1902 599 1978 diminuitur,
626 1924 663 1965 ex
687 1906 786 1966 altera
809 1906 999 1984 refringitur:
1031 1904 1168 1984 utrinque
1194 1905 1315 1965 tandem
1339 1904 1367 1964 in
1392 1906 1509 1983 nIgrum

149 2012 204 2055 sen
232 1993 375 2054 tenebras
405 1992 525 2052 desinit.
574 1994 608 2053 In
640 1994 845 2056 diminutionis
875 1995 969 2073 primo
1001 1993 1095 2072 gradu
1127 1995 1160 2054 fit
1193 1994 1287 2066 flava,
1323 1994 1352 2054 in
1378 1993 1508 2054 secundo

149 2082 259 2156 rubea,
290 2090 352 2142 tum
377 2082 477 2141 fusca:
513 2089 544 2141 et
573 2083 700 2162 denique
731 2083 825 2162 nigra
877 2083 959 2144 idem
990 2089 1119 2161 apparet
1146 2083 1175 2143 in
1204 2082 1331 2143 nubibus
1360 2080 1432 2143 Sole
1460 2082 1509 2141 vel
1574 2110 1576 2115 ·

149 2190 261 2232 occaso
290 2171 339 2231 vel
370 2169 492 2230 orituro.
540 2171 624 2231 Idem
653 2172 688 2232 in
712 2172 812 2234 stellis
841 2172 922 2233 circa
946 2173 1145 2244 horizontem,
1180 2171 1257 2232 idem
1285 2172 1314 2231 in
1345 2171 1509 2249 eclipsibus

150 2258 327 2332 Solaribus3
357 2277 423 2320 cum
451 2259 529 2319 oculi
552 2260 662 2334 nostri,
694 2261 724 2321 in
749 2262 855 2339 quibus
886 2270 934 2322 est
956 2262 1030 2322 haec
1060 2260 1197 2331 fallacia,
1230 2259 1329 2320 subito
1353 2259 1509 2338 privantur
1596 2256 1599 2266 ⁴

150 2349 217 2410 luce
241 2348 333 2409 Solis.
381 2348 415 2408 In
445 2348 616 2409 reflexionis
640 2367 710 2409 vero
734 2351 830 2428 primo
854 2351 965 2429 gradu,
1000 2349 1122 2423 viridis,
1156 2357 1227 2427 post
1255 2350 1407 2421 caerulea,
1440 2348 1506 2408 dein

148 2456 314 2517 purpurea,
349 2443 380 2497 et
411 2436 537 2516 denique
567 2438 685 2498 omnino
715 2439 802 2518 nigra
831 2458 884 2499 seu
913 2439 1113 2500 obtenebrata
1136 2438 1276 2498 cernitur.
1326 2435 1402 2500 Cum
1435 2456 1507 2516 ergo

147 2525 196 2588 hic
226 2525 269 2586 sit
298 2526 371 2586 ordo
395 2524 472 2586 inter
502 2526 616 2587 colores
648 2527 676 2586 in
707 2528 797 2589 iride:
830 2536 1065 2589 consentaneum
1095 2534 1142 2588 est
1171 2527 1296 2588 eundem
1325 2545 1393 2588 esse
1423 2526 1507 2587 etin

148 2615 330 2688 reflexione;
360 2620 394 2674 nt
425 2614 588 2675 fortissime
616 2616 732 2678 radium
762 2618 901 2678 reflectat
928 2616 1100 2695 superficies
1129 2616 1217 2690 alba;
1250 2623 1321 2695 post
1343 2615 1447 2677 viridis
1478 2622 1509 2675 et

149 2705 246 2777 flava;
272 2711 336 2764 tum
351 2704 492 2764 caerulea
514 2710 546 2763 et
560 2704 670 2778 rubea;
696 2706 764 2766 dein
779 2724 929 2785 purpurea
948 2714 979 2766 et
999 2706 1098 2779 fusca3
1123 2705 1307 2767 debilissima
1327 2723 1398 2765 vero
1414 2703 1508 2783 nigra.

675 2794 807 2857 Thesis
831 2794 981 2856 XXVIII.

240 2879 338 2959 Niger
367 2887 468 2940 autem
499 2880 617 2941 fortiter
646 2882 816 2945 illustratus
846 2884 968 2944 rubeum
997 2881 1114 2961 spargit
1146 2882 1272 2944 radium.
1320 2881 1354 2943 ld
1384 2889 1510 2959 apparet

150 2987 191 3031 ex
213 2968 369 3050 chalybeia
393 2969 541 3047 speculis,
571 2969 620 3031 ubi
645 2972 733 3033 faciei
758 2973 840 3033 color
864 2971 949 3032 albus
984 2979 1015 3031 et
1039 2970 1151 3049 speculi
1176 2971 1260 3049 niger
1284 2970 1400 3030 confusi
1424 2970 1508 3030 rubi-

149 3058 333 3140 cundiorem
348 3066 579 3135 repraesentant
603 3060 719 3120 faciem.
767 3060 868 3131 Quare
893 3060 1059 3121 rectissime
1089 3059 1155 3138 quis
1178 3059 1289 3119 Martis
1314 3058 1435 3118 stellam
1459 3058 1508 3117 di-

147 3147 228 3208 xerit
251 3146 408 3224 superficie
432 3146 520 3225 nigra
551 3149 721 3226 praeditam
746 3169 825 3223 esse,
851 3168 917 3210 cum
940 3149 1042 3210 radius
1066 3148 1131 3225 ejus
1156 3147 1196 3207 sit
1209 3148 1299 3207 valde
1317 3147 1507 3208 rubicundus.

148 3234 336 3297 Debilitatur
359 3235 451 3312 igitur
474 3236 539 3315 ejus
563 3238 676 3299 reflexa
700 3239 766 3313 lux,
797 3258 854 3299 non
879 3237 970 3315 igitur
993 3237 1118 3297 multum
1142 3236 1312 3309 humectat,
1338 3244 1370 3296 et
1393 3236 1422 3295 in
1447 3236 1504 3296 hu·
1608 3257 1612 3267 ·

149 3325 241 3386 moris
267 3325 387 3385 defectu
411 3333 467 3384 est.
514 3324 631 3386 Eodem
655 3327 763 3389 coloris
787 3335 818 3387 et
842 3325 1074 3387 humectationis
1100 3333 1276 3405 argumento
1296 3324 1427 3386 Saturno
1452 3324 1509 3384 tri·

149 3413 277 3474 buemus
302 3413 402 3473 albam
427 3420 457 3474 et
481 3433 621 3493 asperam
645 3416 841 3494 superficiem,
868 3417 937 3495 quia
952 3416 1051 3476 colore
1068 3424 1116 3475 est
1129 3414 1278 3494 plumbeo,
1302 3414 1372 3475 Jovi
1387 3413 1509 3474 mbeam

149 3503 197 3566 vel
223 3520 421 3582 purpuream,
456 3504 526 3582 quia
550 3505 645 3565 flavus
671 3504 812 3567 subrufus
837 3512 979 3583 apparet,
1010 3504 1123 3565 Veneri
1147 3506 1257 3565 flavam
1281 3504 1330 3564 vel
1354 3500 1454 3563 albam
1479 3509 1509 3562 et

150 3590 438 3672 aequabilissimam,
463 3611 531 3654 cum
554 3593 684 3654 omnium
709 3594 751 3655 sit
773 3594 988 3673 pulcherrima:
1014 3593 1162 3655 Mercurio
1180 3594 1348 3654 caeruleum
1372 3591 1420 3651 vel
1434 3589 1509 3650 viri-

150 3680 227 3751 dem,
252 3699 320 3741 cum
345 3689 507 3759 argenteus
531 3690 697 3761 appareat,
721 3684 818 3762 magis
843 3681 1058 3744 scintillatione
1083 3702 1135 3744 seu
1159 3682 1253 3743 diluto
1279 3682 1394 3760 fulgore
1419 3697 1507 3759 quam
1624 3735 1626 3741 .

150 3770 250 3832 colore
275 3769 385 3830 clarus.
1353 3798 1355 3804 ι

695 3858 828 3920 Thesis
852 3859 970 3921 XXIX.

238 3945 308 4007 Lux
330 3945 453 4027 propria
471 3946 592 4026 quidem
617 3946 684 4026 ipsa
708 3947 799 4008 etiam
822 3948 958 4008 variatur
980 3964 1035 4026 per
1058 3942 1243 4028 superficiem
1265 3944 1409 4024 corporis,
1434 3946 1512 4007 unde

151 4036 243 4111 uenit,
270 4041 303 4095 ut
326 4035 418 4096 alium
442 4044 478 4096 et
497 4036 586 4096 alium
611 4037 741 4097 colorem
766 4045 990 4117 repraesentet:
1016 4036 1069 4096 sed
1094 4034 1205 4113 gradus
1230 4034 1424 4095 calfactoriae
1448 4034 1511 4094 vir-

151 4126 225 4187 tutis
251 4123 429 4203 adeiscitur
453 4125 491 4186 ab
515 4125 621 4185 intima
645 4126 777 4215 corporis
803 4128 848 4188 sui
872 4125 1079 4204 dispositione.
1127 4122 1190 4184 Sed
1204 4131 1304 4183 tamen
1330 4123 1397 4201 ipsa
1416 4124 1509 4185 etiam

151 4212 326 4293 superficies
360 4213 397 4273 de
426 4212 559 4292 corporis
594 4213 790 4293 dispositione
821 4222 970 4276 testatur:
1005 4221 1038 4275 ut
1071 4212 1115 4272 ita
1143 4212 1335 4273 humectandi
1365 4212 1461 4273 virtus
1492 4232 1511 4272 a

151 4302 331 4365 calfactoria
358 4303 576 4381 quodammodo
608 4303 785 4382 dependeat.
832 4304 879 4365 Ac
908 4323 981 4364 sane
1012 4302 1038 4362 si
1061 4301 1143 4362 color
1172 4301 1341 4361 interventu
1372 4301 1447 4362 lucis
1473 4300 1511 4359 ab
1592 4365 1593 4370 .

153 4410 212 4453 uno
238 4409 365 4471 corpore
388 4391 418 4451 in
444 4393 573 4454 alienum
597 4393 754 4453 transferri
778 4400 810 4452 et
833 4392 994 4472 propagari
1018 4396 1130 4470 potest,
1155 4389 1297 4450 credibile
1313 4397 1362 4450 est
1385 4397 1417 4449 et
1435 4389 1511 4448 alias

151 4481 316 4562 qualitates
339 4499 446 4559 posse;
471 4482 507 4541 de
532 4480 632 4541 calore
657 4481 735 4542 enim
760 4483 960 4544 certissimum
984 4490 1041 4541 est.
1088 4478 1175 4541 Unde
1196 4497 1284 4557 qnam
1300 4477 1423 4557 quisque
1439 4477 1509 4555 pla-

150 4577 224 4630 neta
251 4569 394 4631 virtutem
422 4569 451 4631 in
483 4569 591 4630 effectu
622 4577 771 4645 ostentat,
806 4571 871 4649 ejus
896 4570 1045 4648 analogon
1075 4565 1206 4646 aliquam
1227 4565 1457 4644 dispositionem
1481 4564 1509 4625 in

151 4656 218 4738 ipso
240 4658 383 4736 planetae
408 4676 533 4738 corpore
562 4677 630 4720 esse
655 4666 890 4720 consentaneum
915 4659 1042 4719 videtur.
1090 4653 1178 4725 Quod
1207 4654 1232 4715 si
1258 4655 1354 4715 locum
1379 4653 1507 4726 obtinet,

152 4747 190 4810 ad
213 4746 366 4810 mirabilia
388 4748 518 4811 artificia
540 4766 629 4809 mauu
653 4748 760 4811 ducere
791 4767 847 4810 nos
875 4756 989 4828 potest.
1036 4745 1133 4810 Verbi
1155 4743 1257 4824 gratia
1283 4761 1337 4822 per
1361 4749 1512 4805 aestatem
