3366 5482
685 269 989 339 mummolam.
1069 278 1073 309 2
1454 268 1519 339 363

158 447 214 509 per
234 428 338 509 polum
361 428 475 491 zodiaci
500 427 585 490 ducti
608 428 782 492 describere
806 429 934 492 circulos
958 431 1128 506 domomrn,
1153 428 1382 513 intercipientes
1404 431 1521 496 zodiaci

160 517 302 597 aequalia
325 517 577 581 dodecatemcria.

248 605 394 686 Sequitur
417 606 523 668 medus
547 607 742 668 construendi
767 606 902 668 tabulam
926 608 1079 669 domorum
1103 606 1142 668 ad
1166 614 1295 669 mentem
1312 605 1421 682 Stadii,
1447 608 1518 671 hia·

161 694 239 775 gini,
263 694 423 762 Everardi
448 694 555 769 Marii,
581 695 611 756 in
636 715 693 775 qno
717 696 874 774 contingit,
899 704 932 756 nt
954 715 1041 757 omne
1059 695 1177 757 initium
1202 696 1306 758 domus
1324 697 1380 758 XI.
1404 697 1519 760 duabus

159 783 242 845 heris
265 782 482 863 temporalibus
508 784 620 861 elapsis
644 784 748 846 veniat
770 784 809 845 ad
833 784 1042 859 meridianum,
1069 804 1155 846 omne
1178 784 1295 846 initium
1319 786 1424 847 domus
1446 785 1518 848 XII.

160 880 287 952 quatuor
310 872 392 933 horis
416 872 633 951 temporalibus
653 873 774 946 eodem;
799 874 960 934 secuudum
976 873 1094 934 modum
1118 873 1291 934 directionis
1311 874 1520 936 aPtolemaeo

160 961 325 1022 traditum:
351 961 389 1021 ad
413 961 600 1041 propositam
626 962 813 1022 altitudinem
837 962 898 1040 poli
923 981 1032 1040 quaere
1057 963 1186 1024 omniurn
1201 965 1347 1042 graduum
1362 962 1520 1042 eclipticas

160 1049 344 1130 iutegrorum
370 1049 595 1111 ascensionales
620 1050 815 1123 differentias,
841 1071 915 1130 quas
939 1050 1052 1112 habent
1075 1050 1104 1112 in
1119 1051 1290 1125 horizonte;
1314 1053 1351 1112 de
1376 1051 1412 1113 iis
1435 1071 1519 1113 sume

157 1148 277 1220 partem
300 1138 436 1206 tertiam,
466 1145 498 1199 et
520 1139 612 1211 adde,
644 1139 669 1199 si
694 1139 945 1217 septentrionalia
969 1140 1056 1219 signa
1080 1139 1204 1212 inerint,
1236 1140 1275 1200 ad
1300 1135 1369 1213 30⁰,
1397 1149 1463 1215 ant,
1493 1139 1520 1200 si

160 1226 378 1302 meridionalia,
404 1227 500 1289 auser.
547 1225 701 1288 Summam
726 1229 775 1290 vel
798 1228 948 1289 residuum
973 1229 1058 1289 anter
1081 1229 1174 1289 semel
1200 1229 1238 1289 ab
1258 1227 1296 1290 A.
1313 1227 1351 1291 R.
1372 1227 1519 1308 prepositi

163 1307 294 1396 gradus,
330 1324 362 1376 et
384 1315 563 1395 relinquitur
589 1315 643 1376 tibi
668 1317 707 1378 A.
732 1317 770 1377 R.
794 1317 883 1377 medii
908 1317 998 1388 coeli,
1023 1317 1100 1397 quod
1126 1317 1230 1390 luerit,
1265 1316 1289 1377 si
1313 1317 1425 1398 gradus
1449 1325 1520 1378 tuus

162 1405 286 1466 steterit
308 1404 338 1464 in
363 1403 485 1482 cuspide
508 1403 565 1464 XI.
613 1403 648 1465 Si
672 1424 816 1466 summam
844 1406 893 1465 vel
917 1405 1068 1466 residuum
1087 1405 1133 1465 bis
1149 1404 1319 1480 abstuleris,
1345 1405 1521 1487 relinquitur

160 1494 202 1556 A.
227 1492 267 1554 R.
293 1492 383 1553 medii
406 1491 500 1567 coeli,
529 1493 741 1572 respondentis
765 1502 816 1556 tuo
840 1494 947 1573 gradui
979 1495 1007 1555 in
1031 1493 1103 1555 XII.
1129 1493 1288 1556 collocato.
1334 1494 1393 1556 Pro
1417 1492 1520 1555 inferis

161 1581 300 1643 domibus
322 1600 395 1662 pars
418 1581 511 1643 tertia
534 1582 722 1654 differentiae
747 1583 964 1644 ascensionalis
989 1592 1037 1645 est
1061 1584 1225 1644 auferenda
1248 1603 1266 1643 a
1291 1578 1359 1658 30⁰,
1385 1581 1523 1644 siluerit

162 1670 411 1753 septentrionalis
427 1678 495 1731 tuns
510 1672 633 1750 gradus,
650 1672 797 1744 addenda,
823 1672 848 1734 si
864 1672 1084 1744 meridionalis;
1109 1681 1140 1734 et
1163 1672 1313 1734 residuum
1328 1672 1376 1733 vel
1396 1690 1520 1746 summa,

163 1760 258 1822 semel
284 1759 391 1821 addita
415 1759 454 1819 ad
477 1757 516 1820 Α.
538 1759 577 1821 R.
607 1760 650 1821 tui
680 1761 807 1838 gradus,
838 1760 913 1822 facit
935 1761 979 1822 A:
998 1760 1037 1821 R.
1067 1760 1118 1821 imi
1142 1761 1232 1827 coeli,
1267 1760 1291 1822 si
1316 1762 1429 1840 gradus
1452 1769 1522 1823 tuus

162 1848 306 1911 fueritin
332 1848 438 1923 tertia3
463 1847 509 1910 bis
534 1848 647 1922 addita,
674 1850 749 1910 lacit
771 1851 810 1911 A.
827 1849 865 1910 R.
890 1850 940 1911 imi
965 1849 1051 1922 coeli,
1076 1848 1228 1929 sigradus
1253 1856 1322 1910 tuus
1345 1850 1375 1911 iu
1390 1850 1522 1911 secunda

161 1936 286 2017 cuspide
310 1938 441 1999 steterit.
488 1938 554 2000 Hoc
577 1947 667 2016 pacto
692 1957 745 2017 pro
769 1935 941 2001 ddnmibus
966 1937 1305 2012 (xl.,x11.,11.‚111.)
1329 1939 1521 2000 constituun-

160 2036 210 2088 tur
234 2022 255 2088 l
280 2026 428 2100 tabellae,
464 2046 540 2106 quae
564 2026 677 2087 habent
701 2027 730 2087 in
754 2027 796 2089 M.
823 2026 858 2089 C.
885 2027 1000 2088 miuuta
1023 2026 1221 2088 adhaerentia
1244 2028 1382 2107 partibus
1406 2026 1521 2089 zodiaci

151 2135 214 2176 sen
238 2113 383 2193 gradibus
408 2114 544 2195 integris,
569 2115 598 2176 iu
624 2115 759 2177 domibus
783 2116 917 2196 integros
941 2116 1065 2195 gradus.
1112 2115 1215 2177 Facile
1239 2124 1289 2177 est
1312 2115 1414 2194 igitur,
1439 2111 1521 2179 exd

160 2203 274 2265 tabulis
299 2223 388 2263 unam
412 2204 530 2278 facere,
564 2203 723 2266 collocatis
754 2205 880 2284 integris
910 2204 1054 2283 gradihus
1078 2202 1106 2264 In
1130 2205 1174 2266 M.
1200 2202 1254 2279 0.,
1294 2213 1325 2265 et
1348 2204 1522 2284 cuspidibus

161 2292 316 2354 domorum
341 2289 407 2353 cum
432 2300 518 2372 parte
542 2293 771 2373 proportionali,
796 2293 826 2354 h.
852 2313 878 2353 e.
904 2312 972 2355 cnm
996 2292 1231 2354 adhaerentibus
1256 2291 1379 2354 minutis
1403 2293 1433 2354 in
1450 2311 1522 2354 suos

160 2381 277 2442 loculos
302 2381 472 2443 collocatis.
518 2383 836 2457 Notandum-tamen,
866 2401 921 2442 nos
944 2382 1039 2443 multo
1062 2381 1173 2444 rectius
1197 2381 1236 2442 ad
1260 2390 1391 2443 mentem
1413 2381 1520 2443 Ptole-

160 2469 238 2531 maei
263 2476 456 2548 operaturos,
487 2479 519 2532 et
542 2490 631 2552 quam
655 2471 788 2550 proxIme
814 2471 858 2531 ad‘
876 2470 1057 2533 disertiores
1081 2469 1332 2550 Regiomontani,
1357 2470 1441 2531 etin
1465 2469 1522 2531 hcc

159 2557 281 2634 negotio
306 2558 344 2618 ad
368 2558 509 2640 cuspides
533 2561 688 2621 domorum
712 2560 877 2621 rationales
901 2567 1063 2633 venturos,
1095 2559 1121 2620 si
1154 2559 1340 2621 differentias
1365 2559 1521 2621 ascensio-

160 2647 247 2708 nales
271 2665 328 2707 non
352 2647 383 2708 in
407 2648 561 2709 horizonte
587 2648 658 2716 loci,
694 2649 748 2709 sed
772 2668 826 2728 pro
850 2648 906 2711 XI.
933 2656 964 2709 ct
987 2649 1042 2710 ΠΙ.
1073 2648 1103 2710 in
1128 2649 1239 2710 circulo
1263 2646 1439 2728 positionis,
1472 2646 1522 2728 qni

161 2736 278 2797 vicinus
302 2742 351 2795 est
374 2736 548 2810 meridiano,
575 2744 606 2798 et
628 2756 682 2816 pro
697 2737 770 2799 XII.
796 2745 828 2799 et
852 2737 890 2799 II.
916 2737 944 2798 in
970 2737 1080 2798 circulo
1105 2737 1274 2816 positionis,
1300 2737 1349 2817 qui
1373 2734 1521 2798 horisonti

161 2824 277 2885 vicinus
302 2831 359 2899 est,
384 2825 413 2885 id
439 2826 540 2886 estin
565 2826 683 2888 illorum
707 2827 885 2889 circulorum
909 2825 1127 2887 elevatIonibus
1158 2825 1219 2905 poli
1242 2826 1325 2905 prius
1348 2824 1523 2887 constitutIs

161 2930 392 2993 inquireremus.

253 3000 368 3062 Datum
392 3002 480 3063 VIII.
505 3000 594 3062 Febr.
622 2996 717 3064 1611.

231 3087 290 3138 Vol.
310 3087 343 3137 II.
374 3087 435 3138 Mas.
455 3090 644 3146 Viennensium,
665 3106 678 3141 e
697 3106 744 3155 quo
763 3090 900 3155 praemissa
919 3089 1034 3138 desumta
1051 3095 1117 3145 sunt,
1136 3088 1200 3137 haee
1218 3093 1315 3136 tautum
1335 3085 1435 3137 exhibet
1452 3086 1521 3149 Kep-

165 3160 210 3210 Ieri
230 3159 321 3214 rerba,
350 3162 439 3209 omisso
464 3160 562 3210 exordio
586 3167 612 3209 et
636 3162 800 3211 conclusione.
836 3162 857 3210 E
876 3160 991 3211 Vicheuii
1009 3159 1086 3208 literis
1106 3164 1225 3223 apparet,
1255 3158 1306 3207 alia
1325 3173 1381 3207 cunr
1399 3158 1522 3221 quaedam

161 3230 287 3281 addidisse
313 3230 414 3289 leviora,
433 3233 498 3280 Inter
515 3231 567 3280 alia
578 3234 673 3296 gratias
686 3235 767 3298 egisse
784 3245 828 3296 pro
842 3231 905 3281 douo
924 3232 970 3294 ipsi
982 3231 1049 3279 datis
1068 3244 1085 3279 a
1097 3230 1218 3280 Vichenlo
1239 3228 1364 3288 ,linteis“,
1383 3230 1424 3293 qui
1435 3228 1523 3280 literas

162 3317 221 3351 suas
241 3302 287 3350 has
306 3304 415 3365 proxIme
434 3303 611 3366 praecedentes
632 3300 667 3361 (d.
689 3302 730 3350 11.
749 3298 821 3362 Jan.)
841 3304 876 3352 sic
896 3302 1034 3353 concludit:
1055 3301 1193 3359 ,Tandem
1211 3308 1241 3350 ut
1252 3302 1361 3351 animum
1378 3314 1461 3350 meum
1478 3300 1523 3349 tibi

160 3372 308 3422 benevolum
329 3387 359 3421 ex
377 3380 448 3436 parte
467 3379 566 3421 tantum
579 3373 712 3426 declarem.
731 3377 803 3423 mitto
816 3374 861 3423 tibi
880 3375 940 3422 duos
953 3374 1084 3423 liuteornm
1098 3372 1271 3423 Silesiscorum
1283 3371 1422 3428 fasciculos,
1442 3371 1522 3420 amice

160 3444 607 3576 mittitilffliitnt
624 3447 759 3565 aaliz
778 3445 998 3565 tinniit:
1018 3445 1127 3564 biti
1150 3443 1523 3579 rirnimstiirrh·

162 3585 290 3640 Evssardi,
311 3584 422 3644 Crabbii)
438 3586 534 3648 judicia
553 3584 584 3635 de
604 3587 692 3645 ,modo
711 3587 860 3652 dirigendi“,
879 3601 925 3636 uer
944 3601 994 3635 uon
1012 3585 1114 3635 tabulae
1133 3586 1240 3650 aliaque,
1259 3584 1290 3634 da
1308 3585 1396 3648 quibus
1414 3584 1460 3633 sibi
1479 3596 1522 3632 ex·

162 3657 227 3721 petit
242 3656 364 3718 judicium
383 3656 493 3721 Kepleri·
531 3655 579 3717 Qui
598 3673 672 3721 quum
691 3661 800 3708 maxime
819 3672 849 3706 ex
867 3663 937 3720 parte
958 3657 1067 3708 Stadii
1086 3657 1161 3705 verba
1172 3655 1324 3713 refutaverit,
1344 3655 1374 3705 de
1386 3654 1434 3704 hoo
1445 3667 1521 3718 quae·

162 3727 221 3776 dam
241 3727 358 3777 addenda
376 3742 515 3778 censemus.
553 3726 593 3777 De
611 3730 663 3778 rita
682 3727 763 3778 Stadii
781 3731 876 3794 pagina
893 3742 982 3778 aversa
999 3728 1064 3778 tituli
1085 3727 1305 3790 ,premeridnm“
1327 3724 1425 3786 (Gelon.
1440 3720 1521 3784 1581)

160 3798 224 3848 baec
244 3797 332 3847 aren:
350 3797 486 3848 Ioannis
505 3796 625 3856 Stadii,
644 3799 819 3850 Mathematici
836 3799 941 3864 Belgae,
962 3797 1176 3862 Epitaphium,
1195 3796 1307 3847 Jehorae
1325 3807 1405 3846 saca:
1423 3795 1448 3845 J.
1463 3794 1521 3845 Sta·

162 3870 211 3925 dio,
231 3867 428 3925 Mathematico,
457 3870 488 3919 ab
508 3868 579 3918 editis
598 3871 688 3920 tabulis
707 3878 733 3920 et
752 3870 947 3935 ephemeridibus
966 3869 1136 3934 astrologicis,
1160 3869 1390 3932 commentariisqus
1407 3865 1522 3917 hletorls·

161 3955 224 3996 rum,
244 3947 343 4004 propter
362 3955 468 3991 acumen
486 3942 580 4004 Ingenii
600 3941 681 3997 claro,
706 3942 813 4005 Philippi
831 3941 901 4005 Biep.
922 3942 986 4004 regis
1004 3940 1141 3989 honorariis
1158 3939 1311 3993 Levanium,
1338 3938 1427 3989 deinde
1446 3937 1522 3987 Iints·

163 4013 225 4060 dans
238 4009 386 4061 Parisiorum
407 4012 439 4061 ab
452 4012 561 4061 Henrico
580 4011 626 4061 III.
647 4013 745 4062 Galbae
764 4028 833 4077 rege,
853 4013 886 4063 ad
903 4012 1027 4075 publicam
1047 4024 1133 4060 earum
1146 4009 1338 4073 disprIinarurrr,
1358 4022 1420 4074 quas
1432 4008 1524 4067 eelebm
1555 4006 1557 4008 ’

162 4081 327 4132 studiosorum
344 4082 471 4132 hominum
490 4083 516 4131 in
534 4083 632 4132 illamm
651 4085 747 4133 urbium
765 4084 901 4134 academiis
920 4097 1041 4132 concursu
1060 4081 1154 4142 docuit,
1172 4081 1348 4144 professionem
1367 4080 1464 4139 adscito
1474 4077 1522 4130 le.

161 4174 196 4186 ·-
215 4153 287 4203 Vixit
305 4155 377 4203 annis
397 4150 440 4210 bd,
460 4155 521 4203 obiit
539 4154 618 4217 pridie
637 4153 690 4204 Cal.
704 4155 836 4205 Novembr.
853 4152 946 4204 1570ss
966 4177 1001 4187 -
1020 4151 1195 4216 Ephemsu'des
1212 4151 1260 4202 has
1278 4149 1324 4212 (ab
1337 4167 1404 4202 anne
1419 4148 1523 4200 tabe·-

162 4220 245 4284 leod)
265 4224 345 4274 edidit
362 4223 426 4273 fliius
446 4224 526 4276 Stadii
545 4224 711 4287 Hieronymus
729 4240 795 4275 anno
813 4233 869 4289 post
886 4232 983 4290 patrem
1001 4230 1124 4273 mortuum
1142 4223 1267 4282 secundo,
1285 4225 1430 4272 immutatas
1448 4221 1520 4271 reliu-

162 4310 240 4358 qnens
259 4295 315 4345 illas
334 4310 455 4345 annorum
475 4293 662 4353 1554-1570,
681 4311 743 4361 quas
762 4297 814 4360 ipse
826 4296 937 4348 Ioannes
957 4309 1022 4345 anno
1040 4291 1105 4343 1556
1121 4293 1239 4344 Coloniae
1260 4292 1435 4357 imprimendas
1449 4305 1521 4342 cura-

160 4373 245 4422 verat,
272 4365 452 4430 praeiationem
471 4381 567 4431 quoqne
584 4368 663 4430 patris
682 4367 858 4432 astrologicam
883 4368 970 4417 iisdem
996 4366 1046 4415 iere
1070 4365 1149 4413 serbis
1177 4362 1286 4430 (reliquls
1306 4364 1414 4427 epatris
1431 4374 1523 4412 mann-

160 4438 258 4500 seriptis
277 4434 379 4498 sdditIs)
404 4439 575 4500 praemittens.
612 4439 642 4487 Iu
661 4438 710 4487 hac
728 4439 883 4501 praelatione
909 4437 1023 4487 editionls
1046 4436 1191 4499 posthume
1218 4435 1424 4500 deprehendimus
1446 4432 1522 4482 verba

161 4506 251 4565 StadiI,
270 4522 336 4573 quae
354 4514 427 4557 taxat
445 4508 577 4572 Xeplerus,
596 4510 622 4557 iu
641 4511 722 4572 capite
742 4510 872 4573 inscripto:
895 4509 951 4568 ,De
970 4508 1081 4558 domibus
1099 4507 1151 4556 sive
1169 4507 1232 4557 coeii
1249 4507 1343 4571 figuris,
1362 4505 1430 4555 sario
1448 4502 1522 4553 mode

162 4577 300 4642 duoriptis,
319 4578 460 4643 ibidemque
477 4579 615 4630 Ptolemaei
627 4576 719 4630 ’modus
738 4579 889 4644 expositus.“

229 4649 370 4702 Ptolemaei
389 4650 472 4707 verba,
492 4664 556 4715 qnae
576 4666 632 4700 cum
653 4649 778 4709 aStadio,
798 4656 850 4699 turn
869 4649 1008 4714 aKeplero
1026 4653 1195 4707 recensentur,
1213 4646 1330 4712 leguntur
1348 4645 1374 4695 in
1392 4657 1465 4708 opera
1482 4643 1520 4697 In·

161 4721 263 4787 scripto:
284 4720 341 4780 ,De
359 4718 463 4773 Iudiciis
481 4722 620 4772 ssuornur“
640 4719 875 4785 (Quadripertitum)
894 4721 994 4786 passim,
1013 4719 1119 4768 maxime
1137 4717 1179 4768 lib.
1199 4716 1244 4768 III.
1264 4729 1320 4779 cap.
1343 4712 1384 4765 10.

231 4789 434 4852 Victorius,
466 4805 523 4842 cum
545 4790 644 4844 lactem
666 4807 698 4845 ss
720 4791 759 4842 his
781 4792 858 4848 buris
882 4791 1019 4859 Ksplsrsm
1043 4794 1208 4861 eogmsesrei
1230 4787 1264 4841 sd
1280 4784 1480 4855 marmana
1496 4790 1524 4838 sa
