3366 5482
185 279 248 346 180
692 268 805 333 ΠΜ
824 265 1023 340 meginun

181 457 301 502 sensum
314 443 433 498 neutra
456 431 593 513 operatio
616 436 760 492 assecuta
782 435 842 490 est.
857 425 882 500 ¹)
928 423 1017 496 Quod
1041 424 1178 504 quamvis
1201 423 1288 485 initio
1311 421 1420 485 statim
1443 421 1544 502 suspi-

181 528 245 592 cari
267 525 361 607 potui,
385 522 467 585 nolui
490 529 593 582 tarneu
617 519 762 580 lectorem
785 517 842 577 hac
866 514 1024 576 occasione
1047 521 1079 574 et
1102 511 1195 572 veluti
1220 511 1343 574 stimulo
1365 511 1453 591 plura
1474 518 1545 572 ten·

182 617 267 681 tandi
294 631 407 676 carere.
451 601 535 680 'Quid
564 608 590 670 si
618 625 746 684 namque
771 604 932 683 aliquando
957 602 1035 663 diem
1060 601 1144 662 illum
1167 599 1343 674 videamus,
1372 617 1432 680 qno
1456 598 1545 660 ambo

182 707 258 768 haec
279 703 404 765 inventa
427 696 589 760 conciliata
615 693 769 767 emnt¹)?
795 690 895 762 ,Quid
925 693 951 752 si
979 691 1048 751 hinc
1076 689 1156 752 ratio
1186 688 1451 751 eccentricitatnm
1479 686 1545 748 elici

164 789 347 876 possim?
392 788 473 852 Nam
497 804 554 866 quo
576 782 760 863 pertinacius
789 781 934 844 retineam
965 781 1058 841 etiam
1081 778 1137 839 hoc
1162 778 1199 838 de
1221 777 1354 839 motibus
1378 777 1545 849 theorema,

180 882 257 945 illud
279 880 358 942 iuter
381 884 483 938 cetera
505 874 533 936 iu
558 879 739 945 causaest,
770 870 847 950 quod
876 869 963 931 unins
992 866 1138 929 runtoriae
1162 865 1328 927 distantiae
1353 864 1392 926 ad
1416 865 1546 928 alteram

182 966 336 1052 proportio
359 981 509 1045 nunqnam
532 982 551 1022 a
575 969 640 1022 toto
665 959 735 1021 orbe
756 956 963 1039 Copemicano
986 957 1118 1030 aberret,
1145 954 1199 1015 sed
1222 973 1343 1034 semper
1366 954 1406 1016 ad
1430 951 1546 1034 aliquid

184 1058 310 1138 digitum
338 1052 487 1126 intendit,
521 1049 599 1130 quod
626 1048 759 1128 pertinet
787 1047 825 1108 ad
854 1046 969 1108 orbium
997 1042 1235 1123 spissitudinem.
1281 1040 1399 1122 Estque
1423 1041 1455 1104 in
1477 1040 1543 1114 hoc,

185 1146 263 1230 quod
286 1140 389 1206 mirari
411 1141 528 1220 possis,
553 1138 656 1219 aliqua
678 1135 769 1198 etiam
794 1136 974 1214 aequalitas.
1022 1132 1122 1203 Quam
1145 1140 1179 1193 ut
1201 1130 1322 1200 videas,
1347 1131 1467 1210 explico
1491 1127 1546 1192 tibi

183 1233 318 1297 ordinem
342 1227 554 1292 distantiarum
577 1226 770 1288 motoriarum
793 1224 822 1285 in
846 1223 993 1302 partibus,
1018 1239 1143 1303 quarum
1157 1219 1257 1282 media
1270 1218 1401 1281 Telluris
1420 1216 1546 1281 remotio

184 1330 233 1386 est
258 1317 358 1393 1000,
382 1324 414 1380 et
436 1333 553 1396 appono
577 1313 742 1376 distantias
766 1310 1010 1391 Copemicauas:
1364 1329 1367 1334 ·

504 1454 663 1535 Copernici
677 1454 699 1530 ¹)
723 1453 873 1516 Motoriae
999 1500 1001 1505 ⁴

395 1553 520 1617 Summa
587 1548 672 1617 9987

394 1643 498 1796 119ἒί8
540 1637 673 1792 Diffi
731 1633 817 1704 ⁹¹⁶³
958 1704 992 1757 ur
1063 1691 1145 1757 0000
1235 1692 1274 1754 au
1320 1689 1384 1755 err

958 1785 1002 1845 sic
1056 1777 1143 1847 9103
1233 1781 1274 1842 ad
1296 1776 1386 1844 5200

393 1845 518 1908 Summa
584 1841 672 1908 51192
1099 1869 1252 1952 proximus
1297 1863 1381 1933 5261

393 1934 497 2084 fflh
532 1930 705 2083 Ἃὲἓῧὲα
730 1925 812 1993 5261
958 1996 991 2048 nt
1059 1981 1144 2049 1000
1234 1983 1273 2045 10
1319 1977 1385 2047 333

957 2075 1001 2136 sic
1021 2071 1143 2137 15000
1233 2073 1272 2134 ad
1302 2066 1391 2134 1060

394 2135 520 2199 Summa
587 2130 701 2198 16481)
1100 2161 1253 2241 proximus
1303 2155 1387 2223 1048
1410 2158 1430 2222 b

393 2224 498 2375 leffium
534 2216 817 2373 6233301440
955 2286 988 2340 ur
1059 2273 1144 2340 1000
1233 2275 1272 2337 au
1318 2270 1384 2339 195

179 2428 303 2492 samma
340 2423 477 2504 erote
531 2423 698 2502 111111
956 2367 999 2429 ⁸³⁰
1020 2387 1036 2428 ⁰
1059 2361 1275 2534 ¹³ssr³0ximussd
1300 2359 1430 2514 ξξῧζᾱ

178 2516 222 2580 Μ.
234 2515 379 2599 simplicit
393 2512 478 2579 0000
498 2533 564 2578 cnm
585 2511 669 2578 1000
734 2510 816 2577 1000

176 2604 245 2669 m
782 2608 783 2611 Ν
955 2560 1384 2721 1111111

391 2717 517 2781 81111111111
606 2715 701 2782 leh
1094 2746 1248 2827 proximus
1317 2738 1382 2806 702
1406 2740 1422 2803 1

390 2803 669 2959 11111ὄέ11
750 2801 842 2868 ⁷⁶²f
954 2869 988 2922 n
1060 2857 1143 2926 1000
1233 2859 1273 2922 0
1318 2854 1383 2921 er

955 2949 999 3012 sic
1077 2947 1137 3014 7111
1232 2949 1272 3011 10
1316 2941 1427 3026 0293

391 3188 457 3249 lma
606 3184 666 3250 231

265 3344 447 3424 Aequalitas
481 3345 555 3407 haec
588 3354 654 3418 est,
688 3347 767 3427 quod
799 3346 828 3407 in
859 3349 983 3410 remotis
1014 3349 1152 3412 aTerra
1174 3349 1213 3411 ad
1237 3347 1353 3410 medias
1377 3342 1531 3408 distantias

103 3441 105 3445 ‘
176 3432 312 3512 proxime
336 3435 509 3496 acceditur:
541 3434 571 3496 in
602 3434 709 3499 vicinis
733 3435 834 3497 Marte
859 3445 890 3496 et
913 3436 1033 3500 Venere
1063 3438 1193 3501 motoria
1220 3436 1370 3500 distantia
1402 3434 1531 3512 utrmque

176 3521 303 3583 vicinior
326 3531 375 3584 eat
398 3523 527 3597 Terrae,
551 3542 640 3604 qnam
665 3521 874 3603 Copernicana
895 3527 1003 3590 media.

265 3610 363 3672 Vides
388 3612 480 3673 etiam
504 3631 662 3693 nusquam,
687 3631 742 3674 nec
765 3613 885 3675 excludi
904 3614 969 3676 loco
984 3634 1038 3677 suo
1053 3634 1170 3696 corpus,
1194 3632 1290 3694 neque
1315 3611 1451 3677 ordinem
1474 3619 1532 3674 tur·

176 3697 255 3771 bari,
285 3700 339 3760 aed
368 3702 407 3761 ad
439 3701 593 3762 minimum
621 3702 735 3763 hiatum
765 3709 882 3762 tanturn
906 3702 984 3764 inter
1007 3705 1123 3767 medias
1147 3704 1311 3766 distantias
1334 3710 1462 3782 patere,
1491 3695 1534 3780 qui

175 3804 284 3864 eorpus
308 3789 445 3868 recipiat.
488 3789 530 3851 Ut
544 3789 571 3850 si
591 3790 658 3870 quis
672 3789 801 3852 maxime
825 3792 969 3854 motorias
993 3793 1084 3855 lrasce
1107 3811 1161 3872 pro
1186 3793 1299 3872 optime
1323 3788 1535 3855 demonstratis

175 3885 334 3955 acceptare
359 3879 433 3938 velit
457 3879 530 3956 (quo
555 3879 591 3939 de
616 3878 771 3940 dubitatur
789 3883 916 3954 tamen),
942 3881 968 3941 is
991 3883 1111 3943 modum
1135 3880 1276 3942 fortassis
1300 3875 1536 3960 interpositionis

174 3966 470 4042 corpornmstollat,
504 3966 762 4047 interpositionem
795 3969 892 4046 ips‘am
921 3987 978 4031 non
1009 3970 1108 4033 tollat
1124 3968 1153 4043 ¹¹)
1199 3970 1276 4031 Fere
1300 3969 1380 4033 enim
1403 3967 1562 4032 indicaut'

172 4053 339 4125 materiae,
367 4054 454 4134 quasi
482 4055 541 4116 duo
565 4055 717 4117 exteriora
740 4055 850 4119 similia
873 4057 1013 4120 similiter
1035 4059 1114 4120 inter
1141 4058 1257 4120 medias
1284 4057 1449 4135 intersint,
1481 4056 1535 4119 dno

159 4139 317 4203 *interiora
339 4140 450 4205 similia
479 4143 559 4206 inter
586 4144 715 4206 mediam
745 4153 776 4206 et
808 4153 993 4221 extremam,
1027 4166 1133 4227 nempe
1166 4147 1378 4210 dodecaedron
1407 4146 1449 4207 ab
1479 4146 1538 4208 ima
1574 4143 1577 4146 ’

172 4228 283 4290 Martis
308 4230 348 4292 ad
371 4232 501 4294 mediam
520 4233 641 4308 Terrae,
666 4232 843 4296 ieosaddron
868 4255 887 4296 a
909 4236 1009 4297 media
1031 4237 1143 4299 Terrae
1167 4236 1206 4297 ad
1230 4254 1380 4298 summam
1393 4234 1535 4298 Veneris.

173 4316 360 4381 Terraedron
384 4338 455 4384 vero
479 4321 570 4383 etiam
594 4321 657 4384 snis
681 4323 797 4385 fruatur
819 4322 999 4405 privilegiis,
1032 4334 1123 4405 atque
1147 4325 1227 4387 iuter
1250 4334 1409 4406 utrumqne
1433 4333 1538 4389 extre

172 4423 253 4467 mam
276 4406 406 4470 intersit.
422 4407 445 4483 ¹)
486 4411 599 4474 Verum
622 4410 698 4473 haec
722 4412 822 4474 omnia
846 4431 900 4475 sno
920 4414 985 4475 loco
1005 4423 1194 4489 censeantur,
1219 4433 1326 4494 nempe
1349 4432 1390 4477 ex
1412 4414 1538 4477 incertia

170 4502 328 4558 exstructa
351 4499 482 4560 numeris
506 4499 719 4576 motoriamm,
752 4519 808 4562 nee
830 4500 860 4562 in
885 4502 977 4564 alium
1005 4504 1110 4579 finem,
1145 4521 1236 4583 qnam
1263 4512 1298 4566 nt
1320 4503 1540 4567 extimnlentur

169 4583 222 4646 alii
246 4585 284 4647 ad
309 4585 563 4665 conciliationem,
588 4589 626 4651 ad
652 4607 739 4672 qnam
763 4589 843 4652 riam
866 4591 992 4673 praeivi.
