3366 5482
706 250 716 263 *
772 240 856 307 Genu
873 241 906 292 n.
985 238 988 243 ’
1456 239 1522 308 123

158 395 287 458 hnmano
311 416 409 474 more,
434 409 469 461 ut
491 400 626 462 homines
650 402 870 482 intelligamus)
895 411 984 483 atque
1008 403 1077 466 ides
1100 403 1141 465 sit
1164 401 1206 465 rei
1230 402 1353 483 prioris,
1376 404 1417 466 sit
1440 422 1523 476 vero,

158 493 190 548 ut
208 487 300 548 modo
321 488 507 564 dictumest,
532 491 575 552 rei
600 493 741 571 optimae,
768 504 801 554 ut
826 495 921 554 forma
945 494 1035 554 futuri
1060 493 1158 571 operis
1183 501 1214 553 et
1238 494 1305 572 ipsa
1328 494 1381 555 fiat
1399 494 1522 572 optima,

157 583 242 655 patet
267 577 347 656 quod
370 578 418 638 his
441 579 569 658 legibus,
595 598 669 658 quas
684 583 767 643 Deus
791 584 856 662 ipse
880 602 935 644 sua
959 583 1093 644 bonitate
1117 580 1176 642 sibi
1197 582 1387 658 praescribit,
1412 581 1521 643 nullius
1574 587 1578 594 '

158 663 197 725 rei
223 663 324 726 ideam
348 686 401 747 pro
425 669 637 729 constituendo
662 671 770 731 mundo
794 671 946 750 suscipere
970 671 1119 751 potuerit,
1144 689 1232 749 quam
1255 690 1328 731 suae
1352 671 1445 750 ipsius
1470 690 1523 735 es-

157 752 295 815 sentiae:
321 775 398 836 quae
415 756 566 832 bifariam,
591 777 679 837 quam
699 771 861 838 praestans
885 768 975 839 atque
1000 760 1103 820 divina
1127 759 1176 830 sit,
1202 759 1386 820 considerari
1409 765 1522 839 potest,

157 841 251 922 primo
275 843 305 904 in
331 864 378 918 se,
403 854 552 925 quatenns
577 855 625 908 est
648 868 708 910 nna
731 848 759 910 in
784 849 933 921 essentia,
958 849 1037 910 trina
1060 850 1088 910 iu
1114 849 1267 926 personis,
1293 847 1399 909 deinde
1424 847 1522 909 colla-

159 931 238 994 tione
263 933 438 997 saetacum
462 936 619 997 creaturis.
1029 997 1034 1004 ,
1279 960 1283 970 ’

245 1022 335 1085 Hane
349 1024 521 1104 imaginem,
545 1024 624 1087 hanc
647 1025 746 1087 ideam
770 1028 878 1087 mundo
903 1025 1070 1105 imprimere
1096 1024 1198 1097 voluit,
1225 1033 1258 1086 ut
1280 1025 1311 1108 is!
1330 1025 1417 1085 tieret
1440 1023 1523 1103 opti-

160 1128 222 1172 mus
238 1120 331 1192 atque
346 1113 574 1192 pulcherrimus,
598 1122 689 1194 utque
713 1116 739 1174 is
764 1134 829 1176 eam
853 1116 1006 1193 suscipere
1029 1124 1144 1194 posset,
1169 1111 1351 1183 Quantum
1377 1113 1520 1185 condidit,

160 1201 407 1282 quantitatesque
430 1202 671 1282 sapientissimus
695 1205 831 1265 conditor
854 1205 1050 1282 excogitavit,
1075 1223 1197 1283 quarum
1217 1202 1323 1275 omnis,
1348 1210 1382 1263 ut
1405 1202 1450 1262 ita
1474 1201 1521 1262 di-

160 1305 233 1364 cam,
259 1292 396 1353 essentia
419 1291 447 1352 in
473 1292 547 1352 haec
572 1293 629 1354 duo
654 1293 826 1354 discrimina
849 1294 983 1366 caderet,
1008 1300 1121 1354 rectum
1145 1300 1176 1353 et
1199 1310 1330 1364 curvum,
1355 1291 1523 1369 exquibus
1615 1301 1628 1321 ·

162 1397 282 1439 curvum
306 1380 394 1441 nobis
418 1381 533 1442 duobus
564 1381 623 1443 illis
649 1384 737 1443 modo
762 1383 850 1443 dictis
875 1383 971 1442 modis
994 1382 1090 1442 Deuur
1115 1388 1369 1458 repraesentaret.
1417 1379 1522 1458 h'eque

161 1468 235 1528 enim
258 1468 494 1532 existimandum
518 1478 575 1545 est,
599 1479 712 1532 temere
737 1472 875 1532 extitisse
900 1481 963 1532 tam
977 1480 1061 1550 ¹apta
1078 1469 1308 1550 praefigurando
1323 1469 1388 1529 Deo
1413 1467 1521 1529 discri-

161 1557 256 1628 mina,
292 1565 326 1619 ut
347 1558 431 1620 Dens
454 1577 513 1619 uon
537 1559 573 1619 de
597 1561 644 1622 his
668 1561 744 1640 ipsis
773 1560 970 1640 cogitaverit,
1004 1561 1057 1619 sed
1087 1569 1229 1639 quantum
1261 1575 1369 1636 corpus
1397 1565 1522 1636 propter

161 1647 233 1708 alias
257 1666 370 1708 causas
394 1647 512 1728 alioque
536 1649 661 1711 consilio
692 1650 877 1721 condiderit,
911 1659 1001 1729 atque
1032 1657 1140 1727 postea
1170 1647 1245 1708 recti
1275 1656 1306 1722 et
1328 1645 1410 1706 curvi
1434 1663 1520 1706 com-

161 1735 277 1816 paratio
302 1736 432 1797 ethaeo
456 1738 612 1800 caneo
640 1739 803 1800 similitudo
832 1746 939 1817 suapte
967 1747 1074 1818 sponte
1104 1737 1189 1816 quasi
1219 1734 1341 1796 fortuito
1372 1734 1521 1795 extiterit.

246 1823 328 1894 Quin
351 1825 453 1906 potius
471 1826 631 1890 verisimile
652 1835 709 1895 est,
735 1828 818 1889 initio
843 1828 972 1888 omnium
997 1836 1080 1888 certo
1104 1824 1228 1886 consilio
1253 1842 1374 1884 curvum
1399 1831 1431 1883 et
1455 1841 1523 1884 reo-

160 1921 219 1976 tom
245 1935 264 1975 a
287 1914 355 1975 Deo
378 1914 477 1976 electa
502 1916 541 1976 ad
565 1917 799 1978 adumbrandam
823 1919 853 1978 in
878 1916 987 1977 mundo
1013 1915 1202 1976 divinitatem
1225 1911 1406 1985 Conditoris,
1432 1920 1522 1990 atque

161 2011 188 2064 ut
202 2003 281 2064 haec
297 2003 474 2078 existerent,
500 2006 687 2083 quantitates
704 2007 806 2080 fuisse,
831 2014 922 2086 atque
946 2013 980 2066 ut
1004 2003 1158 2085 quantitas
1174 2000 1345 2074 haberetur,
1370 1999 1522 2061 conditum

161 2110 225 2154 esse
250 2093 348 2172 primo
373 2093 503 2154 omnium
526 2112 645 2172 corpus.

247 2181 415 2243 Videamus
438 2182 536 2254 modo,
562 2182 744 2262 ecquomodo
770 2179 898 2244 Creator
921 2181 1051 2260 optimus
1075 2181 1130 2241 hus
1155 2178 1344 2258 quantitates
1369 2177 1398 2236 in
1423 2176 1523 2237 mrundi

164 2269 275 2331 labrlca
299 2270 479 2342 adbibuerit,
504 2278 536 2331 et
560 2273 629 2352 quid
653 2271 814 2332 verisimile
834 2272 875 2332 sit
894 2271 1005 2331 uostris
1021 2268 1302 2331 ratiocinationibus
1322 2264 1520 2326 aConditore

164 2359 271 2420 factum
296 2379 385 2433 esse,
417 2369 451 2420 ut
483 2360 554 2420 illud
587 2370 697 2440 postea
724 2380 790 2421 cum
825 2361 853 2420 iu
887 2359 1019 2439 antiquis
1050 2368 1112 2420 tum
1141 2357 1168 2417 in
1195 2355 1279 2418 novis
1304 2354 1520 2434 hypothesibus

164 2464 354 2526 quaeramus,
378 2448 465 2528 eique
488 2450 619 2527 palmam
645 2450 823 2515 tribuamus,
848 2468 940 2528 penes
965 2467 1051 2528 quem
1077 2446 1148 2507 illud
1174 2445 1347 2523 reperietur.

246 2537 392 2598 Mundum
416 2538 506 2615 igitur
530 2547 627 2600 toturn
651 2540 745 2617 figura
773 2539 871 2599 claudi
900 2537 1073 2617 sphaerica,
1105 2535 1223 2596 abunde
1254 2533 1331 2593 satis
1355 2529 1522 2609 disputavit

167 2625 344 2688 Aristoteles
369 2627 460 2697 (libro
484 2628 514 2687 ΙΙ
538 2629 574 2688 de
599 2629 717 2698 coelo),
752 2628 850 2688 ductis
876 2628 953 2688 inter·
977 2635 1078 2687 cetera
1102 2643 1139 2684 ex
1163 2623 1321 2684 nobilitate
1346 2619 1521 2697 sphaericae
1559 2618 1563 2628 “

168 2714 324 2792 superficiei
354 2716 560 2794 argumentis:
595 2718 700 2797 quibus
733 2717 893 2777 etiamnum
924 2716 1030 2776 ultima
1054 2713 1212 2792 Copernici
1242 2713 1366 2772 fixurum
1391 2708 1522 2786 sphaera

170 2804 293 2880 quamvis
314 2812 397 2865 motu
419 2823 525 2866 carens
549 2807 674 2866 eandem
693 2806 818 2885 liguram
843 2813 953 2877 tuetur,
978 2803 1141 2882 recipitque
1157 2800 1258 2862 Solem
1280 2809 1422 2876 tauquam
1446 2816 1520 2858 oen-

172 2897 234 2952 tmm
258 2893 288 2953 in
314 2893 450 2954 intimum
475 2894 580 2955 sinum.
628 2893 726 2956 Orbes
751 2913 821 2954 vero
849 2904 967 2954 ceteros
995 2891 1139 2953 rotundos
1171 2908 1238 2949 esse
1263 2886 1417 2949 circularis
1442 2886 1520 2947 stel-

174 2977 253 3042 larum
285 2990 385 3042 motus
417 2983 526 3062 arguit.
575 2982 705 3046 Corvum
738 2984 830 3062 igitur
863 2984 899 3042 ad
935 2980 1034 3043 mundi
1068 2987 1205 3039 ornatum
1240 2975 1408 3037 adhibitum
1441 2993 1520 3046 esse,

177 3067 301 3131 ulteriore
326 3071 503 3150 probatione
528 3091 585 3132 uon
611 3082 691 3150 eget.
740 3071 815 3135 Cum
840 3081 941 3133 autem
972 3071 1031 3130 tria
1056 3067 1258 3148 quantitatum
1282 3083 1394 3144 genera
1416 3063 1522 3123 videa-

178 3173 226 3217 mus
248 3159 277 3220 in
302 3160 423 3232 mundo,
447 3162 580 3237 liguram,
607 3181 759 3222 numerum
776 3170 806 3223 et
820 3160 1046 3240 amplitudinem
1062 3162 1232 3236 corporum:
1258 3172 1379 3215 curvum
1405 3151 1523 3231 quidem

180 3245 255 3308 adbuc
277 3249 308 3310 in
333 3249 400 3309 sola
423 3249 518 3327 ligura
542 3251 715 3330 reperimus.
763 3251 867 3329 Neque
892 3250 969 3310 enirn
1001 3244 1205 3325 amplitudinis
1234 3245 1296 3306 ulla
1325 3241 1403 3303 ratio
1428 3260 1465 3301 ex
1489 3258 1524 3299 eo

182 3341 229 3408 est,
259 3337 338 3417 quod
363 3337 540 3418 inscriptum
564 3339 652 3401 simili
677 3340 823 3418 (sphaera
847 3340 1014 3418 sphaerae,
1047 3335 1176 3396 circulus
1200 3332 1326 3404 circulo)
1358 3349 1395 3390 ex
1420 3330 1524 3390 eoderu

182 3431 262 3486 estro
285 3434 339 3487 aut
362 3426 551 3507 undiquaque
575 3429 674 3507 tangit
698 3437 750 3489 aaut
774 3428 898 3488 nullibi:
931 3436 963 3487 et
986 3424 1175 3504 sphaericum
1197 3423 1313 3501 ipsum,
1340 3438 1404 3479 curm
1429 3417 1523 3479 solnm

184 3515 206 3567 tl
221 3514 333 3576 unicum
356 3515 398 3576 sit
420 3515 449 3576 in
471 3536 524 3577 suo
546 3518 725 3598 quantitatis
747 3535 873 3595 genere,
899 3536 956 3576 non
981 3521 1084 3594 potest
1108 3513 1186 3574 alius
1209 3511 1320 3572 numeri
1346 3526 1435 3588 quam
1458 3515 1522 3567 ter-

185 3600 239 3660 narii
259 3605 426 3682 subjectum
451 3624 528 3666 esse.
568 3605 656 3677 Quod
681 3607 706 3667 si
731 3606 821 3685 igitur
845 3604 941 3666 solum
967 3622 1087 3665 curvum
1111 3602 1195 3662 Deus
1219 3602 1246 3661 in
1272 3598 1393 3660 conditu
1417 3614 1523 3674 respe-

185 3684 273 3766 xisset,
304 3702 428 3772 praeter
452 3692 552 3756 Solem
577 3695 606 3755 in
638 3705 759 3768 centro,
792 3695 840 3774 qui
870 3695 983 3773 patris,
1019 3693 1178 3770 sphaeram
1207 3691 1332 3750 fixarum
1357 3687 1405 3746 rel
1429 3703 1523 3763 aquas

159 3770 313 3843 “llosaicas
337 3783 367 3843 in
393 3783 518 3858 ambitu,
545 3803 619 3863 quae
644 3784 711 3858 filii,
738 3803 841 3843 auram
865 3784 1028 3844 coelestem
1053 3780 1152 3840 omnia
1176 3779 1356 3859 replentem,
1381 3774 1444 3835 sive
1467 3791 1523 3832 ex-

184 3866 326 3960 tensionem
349 3879 381 3932 et
405 3872 622 3935 firmamentum
647 3873 733 3946 illud,
764 3873 841 3952 quod
866 3871 998 3950 Spiritus
1027 3871 1126 3946 imago
1155 3875 1258 3928 esset:
1290 3871 1411 3944 praeter
1435 3862 1520 3933 haec,

184 3966 291 4032 lunam,
321 3959 396 4023 nihil
425 3961 572 4024 existeret
595 3963 624 4022 iu
648 3963 704 4023 hoo
729 3962 863 4022 aedificio
888 3962 1046 4021 mundano.
1094 3959 1180 4018 h'uno
1204 3974 1274 4015 vero
1299 3971 1367 4014 oum
1392 3951 1523 4012 ethnae

184 4037 227 4104 tint
253 4047 502 4123 innumerabiles,
532 4060 563 4111 et
595 4050 746 4112 mobilium
776 4069 833 4110 non
857 4050 1076 4110 incertissimus
1100 4047 1279 4122 catalogus,
1312 4052 1343 4102 et
1372 4042 1522 4101 coelomm

184 4137 380 4210 hugnitndines
406 4139 579 4219 inaequales
603 4141 739 4211 invicem,
765 4157 890 4199 necesse
911 4147 961 4198 est
980 4156 1088 4198 causas
1113 4153 1214 4195 eorum
1239 4132 1368 4194 omnium
1393 4150 1432 4192 ex
1455 4148 1524 4190 rec-

122 4280 130 4301 ,
185 4216 285 4286 titudine
308 4236 458 4306 petamus.
506 4228 573 4290 Nisi
599 4230 674 4290 forte
698 4229 796 4289 Deum
824 4227 995 4306 putabimus
1026 4225 1183 4305 quicquam
1213 4223 1241 4283 iu
1271 4221 1380 4281 mundo
1409 4228 1521 4281 temere

122 4322 124 4369 l
179 4303 281 4390 husae,
306 4316 376 4377 dum
400 4316 533 4376 rationes
558 4318 689 4397 optimae
714 4325 925 4395 suppeterent,
952 4317 980 4375 id
1006 4314 1083 4393 quod
1109 4331 1194 4373 uerno
1219 4311 1291 4372 mihi
1314 4307 1519 4387 persuadebit,

122 4412 124 4419 '
186 4402 263 4464 lltel
286 4406 323 4464 de
347 4405 415 4465 fixis
440 4406 580 4481 sentiam,
606 4426 729 4486 quarum
756 4414 856 4465 tamen
873 4405 949 4464 situs
966 4403 1095 4464 maxime
1111 4400 1241 4462 omnium
1258 4399 1411 4472 confusus,
1437 4395 1522 4476 quasi

185 4480 298 4553 fortuitus
323 4494 469 4555 sementis
488 4496 591 4573 jactus
616 4495 702 4556 nobis
728 4493 855 4555 videtur.
1251 4504 1258 4511 ·

147 4626 152 4639 ,
249 4579 413 4643 Veniamus
436 4582 528 4661 igitur
551 4584 588 4644 ad
614 4592 739 4644 rectas
764 4581 1008 4661 quantitates.
1056 4578 1144 4640 Sicut
1167 4583 1269 4636 autem
1294 4582 1385 4634 antea
1409 4571 1522 4649 sphae-

185 4656 228 4723 Μ
247 4672 414 4750 superficies
438 4671 506 4731 ideo
530 4682 666 4734 assumta
691 4680 755 4742 est,
782 4671 851 4746 quia
873 4666 1094 4738 perfectissima
1120 4664 1174 4726 fuit
1197 4663 1369 4743 quantitas,
1395 4658 1439 4718 ita
1457 4658 1522 4737 jam

186 4761 227 4812 too
244 4759 318 4824 saltu
343 4762 383 4822 ad
406 4778 534 4847 corpora
558 4772 764 4834 transeamus,
794 4768 828 4820 ut
850 4776 927 4845 quae
950 4776 987 4816 ex
1012 4756 1104 4821 rectis
1127 4753 1280 4842 perlectae
1304 4756 1375 4811 sunt
1399 4748 1522 4834 quanti-
