3366 5482
165 273 209 345 ao
756 261 919 327 uem

163 446 197 501 nt
220 452 321 518 supra.
362 436 445 516 Ergo
468 443 500 497 et
522 435 614 497 totius
632 433 720 496 EDA
741 425 1005 514 trianguli'latera
1027 442 1099 495 sunt
1119 433 1247 499 invicem
1268 436 1514 518 proportionalia

165 526 363 590 corollarium
387 525 429 587 ll.
475 524 597 586 Datur
627 524 818 604 proportio
852 523 1016 601 laterum
1063 522 1138 584 Dari
1170 531 1270 585 autem
1292 527 1515 605 proportionem

163 615 317 686 existimo,
342 613 369 700 si
391 613 592 694 exprimatur,
611 612 764 693 quomodo
788 631 821 673 se
844 594 960 672 lrabeat
981 611 1018 672 ad
1042 611 1133 672 aliam
1155 615 1379 692 proportionem
1401 623 1515 692 notam,

162 712 267 785 utpote
290 689 442 766 sectionis
455 701 616 765 secundum
640 711 803 762 extremam
826 709 857 761 et
879 699 1007 761 mediam
1031 702 1187 762 rationem.
1234 702 1325 765 Fiant
1347 704 1440 784 igitur
1461 724 1517 787 per

162 791 223 869 tt,
251 792 275 856 1.
309 810 398 884 super
435 787 455 853 3
489 787 633 852 lateribus
667 788 686 852 3
720 790 868 870 quadrata
904 798 937 849 et
973 790 1162 851 continuetur
1193 789 1249 852 DF
1280 801 1372 872 usque
1407 793 1446 855 ad
1480 791 1517 866 C,

160 901 239 965 quae
272 869 390 943 secabit
416 881 599 984 quadratum
630 876 869 959 majascum
902 895 973 956 ergo
1002 897 1054 956 per
1076 873 1137 952 45,
1176 878 1199 940 Ι.
1233 882 1517 962 parallelogramma

162 968 233 1041 ΕΟ,
271 968 328 1032 CA
356 977 388 1030 et
413 970 511 1048 ipsum
537 977 633 1030 totum
658 969 835 1062 quadratum
858 967 920 1030 siut
942 967 1120 1047 aequealta,
1150 978 1237 1030 erunt
1260 972 1371 1048 perl,
1397 973 1452 1034 Vl
1478 973 1517 1034 nd

162 1061 287 1123 invicem
310 1065 344 1121 nt
366 1059 475 1134 bases,
507 1058 593 1126 EF
616 1058 690 1131 FA,
719 1051 803 1119 ΑΕ.Ι
832 1054 902 1130 Jam
926 1063 1026 1117 autem
1048 1075 1102 1136 per
1124 1053 1181 1130 47,
1206 1057 1231 1119 Ι.
1255 1060 1434 1137 quadratum
1457 1059 1517 1123 EG

163 1155 309 1231 aequatur
331 1147 611 1228 parallelogrammo
633 1145 703 1220 EC,
732 1156 764 1208 et
786 1144 914 1212 alterurn
937 1145 995 1207 BA
1018 1146 1105 1206 alteri
1129 1144 1196 1207 AC.
1241 1146 1324 1227 Ergo
1346 1148 1420 1220 EG
1446 1151 1513 1225 BA,

162 1239 221 1313 an
247 1245 318 1299 suut
340 1235 529 1298 adinvicem
551 1245 586 1297 ut
607 1234 679 1311 EF,
702 1235 773 1304 FA,
802 1234 869 1297 ΑΕ.
916 1233 978 1297 Sed
1000 1253 1054 1313 per
1076 1231 1133 1307 20,
1164 1235 1219 1297 Vl.
1251 1237 1329 1299 iuter
1352 1237 1420 1312 EG,
1446 1240 1513 1314 BA,

87 1373 89 1376 ψ
118 1319 122 1327 '
164 1327 225 1389 All
246 1314 359 1388 similae
382 1326 493 1404 figuras
517 1333 565 1387 est
586 1324 737 1404 proportio
761 1324 915 1402 duplicata
929 1324 1055 1385 laterum
1075 1322 1140 1392 ΕΙ),
1165 1324 1233 1396 DA,
1257 1326 1325 1388 ΑΕ.
1372 1326 1431 1388 Est
1444 1347 1515 1390 vero

161 1415 332 1499 proportio
348 1414 490 1476 sectionis
523 1414 685 1476 secundum
717 1422 882 1478 extremam
914 1421 945 1474 et
976 1412 1104 1473 mediam
1127 1413 1283 1475 rationem
1331 1415 1412 1494 Ergo
1436 1415 1517 1479 inter

162 1507 260 1567 latera
277 1490 344 1578 ΕΙ),
368 1502 437 1578 DA,
462 1503 519 1567 ΑΕ
543 1511 592 1564 est
615 1502 737 1564 dimidia
758 1502 911 1582 proportio
934 1501 1087 1576 sectionis,
1111 1502 1271 1565 secundum
1295 1515 1462 1568 extremam
1484 1515 1517 1568 et

163 1593 294 1657 mediam
317 1594 475 1655 rationem.
521 1591 707 1672 Exprimitur
728 1592 821 1672 igitur
843 1591 997 1670 proportio
1020 1598 1102 1652 certo
1117 1590 1245 1667 nornine,
1270 1594 1347 1672 quod
1363 1603 1429 1656 erat
1442 1615 1514 1675 pro-

161 1682 517 1762 bandum.Dstque1n
545 1701 662 1744 summa
693 1681 835 1743 continua
864 1679 1017 1774 proportio
1045 1681 1122 1741 inter
1154 1679 1230 1754 ΑΕ,
1253 1683 1340 1757 AD,
1351 1683 1425 1759 Ι)Ε,
1449 1685 1513 1759 DF,

160 1772 223 1835 FE.
261 1771 345 1833 Haec
368 1771 424 1833 tibi
448 1769 496 1834 Ol.
520 1770 559 1833 D.
582 1771 634 1834 Pr.
659 1771 702 1833 slc
725 1787 867 1850 propono,
892 1762 926 1831 ut
947 1768 1061 1844 videas,
1086 1775 1185 1830 utrum
1208 1770 1348 1832 alicubi
1341 1774 1513 1853 impingam,

162 1882 200 1924 an
218 1865 297 1922 nova
320 1860 381 1922 ista
403 1861 482 1936 sint,
507 1879 545 1921 au
569 1859 690 1924 brevius
714 1858 912 1921 demonstrari
935 1859 1062 1938 possint,
1087 1857 1175 1918 simul
1199 1859 1290 1921 etiam
1313 1869 1347 1922 ut
1370 1863 1417 1923 ad·
1433 1864 1514 1924 cele-

155 1947 245 2013 'brem
272 1949 518 2011 mathematicum
549 1968 607 2010 nou
640 1949 698 2011 nisi
726 1947 939 2010 mathematico
968 1955 1037 2009 utar
1059 1947 1190 2010 exordio.
1237 1949 1283 2009 Dc
1307 1951 1382 2013 meis
1405 1952 1515 2013 studiis

162 2039 232 2121 quid
260 2038 409 2112 scribam,
444 2056 502 2099 nou
534 2029 640 2099 habeo.
661 2059 666 2068 ·
686 2038 766 2100 Nam
792 2056 842 2098 res
871 2036 1079 2097 oeconomicae
1112 2055 1160 2097 me
1183 2039 1369 2116 perturbant.
1416 2042 1516 2103 Unum
1545 2066 1551 2079 ·

161 2136 263 2190 tamen
286 2132 348 2201 est,
371 2127 401 2188 in
424 2126 611 2205 quo‘merito
635 2126 675 2186 Η.
695 2127 731 2187 Τ.
756 2125 888 2205 appello,
923 2133 955 2186 ut
973 2124 1045 2186 mihi
1068 2121 1207 2202 opitulari
1232 2127 1373 2207 digneris.
1420 2130 1514 2192 lucidi

161 2218 192 2279 in
216 2215 451 2298 speculationem
474 2215 632 2295 quandam,
658 2233 757 2294 quam,
769 2233 824 2276 nec
848 2213 980 2275 breviter
998 2232 1052 2275 nec
1071 2213 1255 2277 confidenter
1267 2220 1513 2296 pronunciavero,

162 2325 199 2368 ne
223 2323 265 2368 sc.
290 2303 399 2366 ridear.
445 2304 559 2365 Verum
583 2311 618 2365 nt
640 2302 679 2364 ab
703 2321 740 2364 ea
762 2323 809 2364 me
833 2302 1003 2381 expediam,
1029 2321 1103 2386 opus
1122 2304 1194 2365 mihi
1218 2313 1267 2366 est
1289 2307 1348 2375 tuis
1373 2309 1467 2370 oculis
1485 2317 1516 2369 et

163 2412 271 2475 magno
294 2393 347 2455 illo
370 2388 550 2473 quadrante·
592 2392 693 2453 Velim
717 2411 760 2453 sc.
786 2399 820 2453 ut
843 2392 934 2452 stella
956 2391 1069 2470 polaris
1092 2391 1172 2454 circa
1198 2391 1248 2456 18.
1265 2392 1316 2459 28.
1334 2395 1420 2476 Sept.
1445 2398 1515 2472 (sed

161 2485 219 2546 heu
251 2483 325 2558 milri
357 2482 418 2559 iam
445 2483 582 2556 transiit)
615 2481 799 2556 culminans,
834 2480 915 2542 circa
932 2477 998 2546 ,16.
1024 2477 1076 2542 26.
1101 2482 1175 2544 Dec.
1204 2502 1275 2545 vero
1299 2486 1405 2547 eadem
1428 2496 1515 2549 nocte

162 2573 327 2637 culmiuans
347 2579 379 2633 et
397 2571 561 2632 humillima
579 2571 772 2633 observetur:
798 2577 829 2632 et
850 2569 996 2644 videatur,
1022 2570 1120 2631 utrum
1143 2571 1221 2634 inter
1238 2582 1394 2654 utramque
1407 2575 1515 2638 culmi-

162 2662 263 2724 nautis
290 2660 486 2724 ,altitudinem
512 2680 572 2723 uon
602 2660 645 2721 sit
667 2660 835 2721 differentia
858 2659 944 2724 unius
968 2668 1060 2739 atque
1083 2660 1205 2723 alterius
1229 2665 1360 2742 scrupuli
1383 2664 1412 2726 in
1438 2686 1514 2746 qua·

162 2751 279 2814 dranta
326 2751 392 2812 Hoc
425 2749 504 2811 euim
532 2749 661 2829 optarim
692 2749 838 2811 accidere.
884 2748 971 2828 Elegi
1005 2749 1095 2810 aliam
1128 2752 1264 2830 quamvis
1296 2753 1364 2814 huic
1394 2757 1514 2834 negotio

162 2841 259 2903 minus
282 2839 429 2914 idoneam,
455 2838 551 2901 solam
575 2847 674 2904 tamen
698 2846 769 2917 post
790 2838 933 2917 polarem,
959 2856 1034 2917 quae
1057 2837 1129 2900 mihi
1152 2858 1209 2901 nou
1233 2842 1306 2903 nihil
1330 2843 1513 2920 satisfaciat,

162 2924 351 2993 eductionem
379 2927 494 2990 candae
521 2929 551 2990 iu
579 2948 651 2990 ursa
677 2927 799 3008 majore.
846 2927 932 2988 Haec
960 2927 985 2988 si
1013 2927 1095 3012 ,circa
1125 2923 1155 2991 9.
1184 2925 1234 2993 19.
1259 2929 1333 2993 Dec.
1365 2933 1515 2994 altissima

161 3018 249 3082 simul
273 3026 304 3080 et
327 3017 491 3081 humillima
514 3018 741 3090 observaretur,
776 3035 877 3077 meuse
900 3016 1118 3087 vcroMartio,
1142 3017 1211 3080 dum
1234 3017 1287 3081 Sol
1311 3022 1411 3083 estin
1437 3042 1513 3103 qna-

161 3110 248 3171 drato
272 3109 356 3183 loco,
385 3125 501 3169 rursum
525 3115 681 3187 caperetur
705 3106 937 3185 alterutraeJ'us
961 3106 1107 3181 altitudo,
1133 3127 1181 3169 res
1205 3109 1275 3170 mihi
1300 3120 1331 3171 et
1354 3119 1388 3172 ut
1410 3113 1515 3192 opinor

161 3197 362 3260 astronomiae
378 3196 538 3258 utilissima
553 3205 654 3258 esset:
678 3195 856 3274 praesertim
875 3195 901 3255 si
915 3195 994 3256 inter
1008 3195 1094 3256 binas
1109 3196 1292 3272 altitudines,
1309 3218 1383 3279 quas
1399 3220 1514 3281 aequa-

160 3288 206 3350 les
224 3289 287 3349 lore
312 3305 426 3366 speras,
452 3284 552 3366 aliqua
575 3293 736 3365 appareret
759 3283 935 3346 differentia.
978 3284 1066 3346 Nunc
1089 3305 1136 3346 me
1160 3296 1333 3350 convertam
1357 3291 1397 3351 ad
1420 3291 1504 3353 alia..

251 3374 502 3455 Grnppenbachio
536 3393 623 3454 spero
648 3368 713 3454 J'am
744 3373 943 3436 satisfactum.
991 3372 1093 3437 Mater
1123 3394 1190 3437 mea
1222 3396 1305 3456 spem
1338 3379 1409 3440 milri
1443 3381 1516 3442 lecit

161 3464 205 3529 20
227 3468 405 3528 florenorum
428 3465 467 3525 ad
491 3464 546 3525 hoc
570 3463 687 3525 instans
712 3471 847 3542 tempus,
877 3481 950 3543 quos
973 3482 1007 3523 se
1031 3463 1136 3543 ajebat
1156 3474 1225 3528 tuae
1248 3468 1403 3530 custodiae
1427 3487 1513 3532 cum-

160 3556 338 3628 missuram,
376 3562 410 3616 ut
441 3573 514 3628 eos,
552 3553 796 3633 quandocumque
833 3551 956 3613 nuncius
989 3553 1155 3631 Tubingam
1188 3556 1336 3636 appellat,
1376 3568 1514 3642 promtos

161 3644 303 3724 reperiat.
349 3642 419 3704 Etsi
441 3661 512 3705 vero
534 3649 608 3703 nota
631 3641 704 3704 mihi
733 3651 781 3703 est
812 3640 877 3719 ejus
911 3641 940 3703 in
969 3640 1016 3702 his
1044 3643 1133 3704 rebus
1163 3644 1323 3706 difficultas
1356 3657 1387 3708 et
1419 3667 1513 3722 mora,

161 3742 261 3795 tamen
286 3731 470 3794 monereD.
492 3731 722 3833 Praeceptorem
746 3731 836 3806 volui,
860 3730 887 3791 'si
908 3730 964 3792 illa
987 3750 1102 3792 sumrna
1124 3742 1303 3809 numeretur,
1328 3742 1362 3796 ut
1384 3738 1512 3799 eamD.

162 3821 343 3902 Praeceptor
365 3841 467 3882 secum
490 3819 640 3901 tantisper
663 3820 806 3893 retineat,
831 3819 914 3896 dum,
940 3821 1009 3901 quid
1033 3821 1087 3881 illa
1109 3821 1170 3883 fieri
1195 3824 1301 3897 velim,
1330 3843 1384 3903 per
1407 3827 1513 3888 literas

161 3910 333 3991 significem.
376 3911 478 3993 Atque
502 3910 593 3970 etiam
617 3909 722 3971 nuncio
746 3909 777 3970 id
799 3909 950 3987 negotium
974 3909 1052 3984 dedi,
1076 3918 1110 3972 ut
1131 3920 1240 3989 poscat
1263 3911 1345 3974 illam
1369 3925 1512 3992 amatre,

161 4001 186 4062 si
211 3999 264 4061 tibi
290 4000 419 4061 nondum
442 4007 630 4061 numeratam
651 3998 813 4077 intelligat.

187 4165 190 4173 ‚
249 4089 352 4169 Nuper
375 4090 404 4149 in
419 4089 540 4152 ltaliam
565 4088 632 4149 misi
656 4086 675 4150 2
701 4086 884 4166 exemplaria
906 4086 965 4147 mei
988 4087 1121 4167 opusculi
1141 4085 1220 4162 (sive
1235 4090 1279 4152 tui
1292 4091 1419 4170 potius),
1435 4111 1513 4173 quae

116 4184 121 4191 '
161 4178 333 4260 gratissimo
367 4187 399 4239 et
422 4177 634 4240 'lubentissimo
662 4177 760 4238 animo
789 4176 906 4254 accepit
929 4177 1090 4237 Paduanus
1113 4179 1361 4255 mathematicus,
1394 4182 1512 4245 nomine

162 4268 319 4330 Galilaeus
344 4266 521 4339 Galilaens,
556 4268 598 4328 nti
628 4286 660 4328 se
689 4265 878 4346 subscripsit.
924 4266 982 4327 Est
1006 4265 1085 4326 euim
1108 4269 1226 4348 etipse
1250 4270 1279 4330 iu
1304 4267 1513 4349 Cupernicaua

160 4357 278 4420 haeresi
302 4357 370 4418 iude
394 4357 539 4430 amalus
562 4356 660 4417 annis.
704 4356 809 4418 Unum
824 4355 977 4434 exemplar
999 4354 1083 4415 misit
1104 4357 1230 4419 Romam
1254 4367 1286 4421 et
1298 4359 1512 4438 plurasshabere

160 4445 355 4509 desideravit.
406 4445 552 4526 Equidem
585 4445 662 4508 scire
687 4464 775 4517 aveo,
807 4442 1075 4524 Grnppenbachins
1099 4465 1158 4526 qua
1181 4448 1301 4510 fortuna
1322 4447 1364 4509 sit
1386 4469 1464 4515 usus,
1481 4452 1512 4513 in

160 4535 355 4599 distractione
385 4534 617 4614 exemplarium,
642 4542 675 4596 et
705 4534 731 4594 si
755 4534 820 4615 quis
843 4535 960 4596 interea
983 4532 1108 4595 celebris
1133 4537 1177 4598 vir
1201 4537 1231 4599 in
1255 4547 1336 4598 tuam
1358 4539 1512 4602 notionem

159 4625 285 4701 venerit,
310 4622 359 4704 qni
382 4623 505 4685 veritati
519 4624 608 4685 'ierat
627 4621 809 4703 suffragium.
826 4655 867 4666 —
882 4622 978 4685 Ursus
992 4622 1093 4701 Praga
1116 4627 1155 4687 ad
1177 4644 1224 4688 me
1248 4625 1378 4705 scripsit,
1403 4637 1511 4709 petens

160 4713 352 4795 exemplaria,
377 4712 424 4775 cni
446 4712 582 4795 quamvis
606 4712 733 4796 minime
748 4711 833 4799 gravi
853 4711 977 4786 authori,
1002 4711 1112 4774 indulsi
1126 4720 1239 4788 tamen,
1262 4717 1332 4798 quia
1349 4735 1510 4781 caesareus

160 4810 208 4866 est
230 4801 476 4879 mathematicus,
509 4800 652 4883 mihique
669 4799 898 4882 qua-‘prodesse
926 4818 986 4880 qua
1012 4799 1122 4867 obesse
1149 4799 1263 4890 potest.
1308 4805 1401 4871 Patet
1429 4808 1511 4876 enim
