3366 5482
121 227 183 295 120
632 223 744 288 syceos
763 221 966 290 cosmographia

116 392 186 448 tias:
218 391 283 445 item
305 388 425 461 angarios
446 386 737 458 prosthaphacreseon
758 386 907 440 earundem
928 384 955 438 in
982 386 1049 438 orbe
1070 400 1173 456 magno
1193 382 1314 441 Telluris
1334 387 1483 441 emulum

117 470 284 527 sententiam
306 467 501 538 Coperhioi.

196 552 265 605 Tab.
289 551 334 603 11.
357 549 411 602 sio:
443 547 553 601 Tabula
575 546 607 599 ll.
641 546 775 600 exhibens
803 546 924 599 ordinem
960 546 1143 615 sphaerarum
1166 544 1343 609 coelestium,
1374 551 1406 599 ct
1431 553 1483 599 ut-

117 647 255 702 cunque
276 629 481 701 proportionem
496 626 601 680 orbium
622 634 653 681 et
666 627 860 697 epicyclorum,
883 633 967 694 atque
982 626 1102 696 angulos
1116 626 1161 677 vel
1182 640 1263 679 arom
1277 625 1483 696 proathaplrae·

117 730 217 769 rescon
236 711 399 770 eorundem,
418 707 505 776 juxta
525 706 628 760 medias
650 706 806 768 distantias,
829 707 976 760 secundum
997 712 1154 758 veterum
1175 705 1352 759 mutantium.

197 793 240 866 qd
262 791 333 844 tab.
361 790 404 842 lo.
428 790 499 841 haec
521 787 662 857 adscripta
683 793 761 840 sunt:
793 788 823 840 ln
845 794 956 848 centro,
979 787 1023 838 sel
1045 801 1147 855 prope,
1179 791 1225 838 est
1245 785 1304 839 Sol
1326 784 1497 841 immobilis.-

118 873 166 929 ΕΓ
186 871 304 925 circulus
326 862 359 932 ll,
382 869 427 938 qui
449 867 605 921 restituitur
626 867 721 920 diebus
744 866 782 921 88
804 868 872 921 lere.
916 867 963 919 cl)
978 874 1022 918 est
1043 866 1161 918 circulus
1184 861 1222 929 Q,
1245 864 1324 934 cujus
1345 864 1484 920 revolutio

119 953 194 1007 circa
215 946 247 1009 Q
271 957 315 1004 est
336 950 439 1003 dierum
455 949 514 1002 224
535 964 595 1000 cum
608 949 699 1001 besse.
741 947 791 999 AB
806 947 926 1001 circulus
942 946 983 1010 ὦ,
1006 946 1084 1014 cujus
1099 944 1237 998 revolutio
1255 946 1361 1000 diermn
1376 940 1481 1005 scot.

118 1032 228 1088 Dicitur
249 1030 350 1086 Orbis
371 1030 519 1100 Magnus
540 1033 655 1096 propter
675 1044 755 1081 usum
776 1026 963 1097 multiplicem.
1007 1026 1087 1079 Circa
1109 1020 1133 1089 ὃ
1155 1031 1200 1078 est
1221 1026 1376 1090 orbiculus,
1404 1027 1485 1081 velut

121 1112 277 1184 epicyclus,
300 1111 439 1180 sphaerae
460 1107 579 1162 Lunaris
601 1110 636 1160 ad
656 1112 696 1170 A,
720 1110 814 1160 eodem
835 1113 911 1160 motu
932 1106 1069 1176 paranni
1091 1105 1212 1176 spatium
1233 1122 1295 1160 cunr
1316 1098 1341 1170 ὁ
1362 1108 1399 1160 ad
1419 1123 1484 1161 ean·

120 1195 183 1247 dem
213 1191 325 1245 stellam
351 1191 435 1244 ham
462 1188 580 1242 rediens.
622 1188 674 1241 Sed
697 1188 757 1256 ejus
788 1187 902 1258 propria
928 1186 1064 1240 revolutio
1091 1189 1126 1239 ad
1149 1180 1181 1243 Q
1203 1186 1293 1239 hahet
1318 1184 1377 1240 dies
1399 1181 1482 1249 29¹1..

120 1273 175 1328 GH
195 1278 240 1325 est
261 1271 335 1324 orbis
351 1266 390 1333 ὁ,
413 1269 459 1339 qui
480 1285 588 1322 cursum
608 1285 691 1321 unum
713 1268 764 1321 sub
786 1267 875 1321 stellis
896 1267 959 1320 fixis
981 1266 1039 1319 sive
1061 1267 1097 1320 ad
1112 1261 1145 1324 Q
1167 1264 1290 1320 absolvit
1302 1265 1400 1321 diebus
1416 1266 1483 1323 687.

34 1376 38 1382 ·
120 1354 202 1408 Enoc
229 1350 336 1420 excipit
364 1355 429 1419 post
451 1365 581 1420 magnum
607 1348 783 1402 intervallum
807 1348 860 1409 lK,
890 1346 1012 1416 sphaera
1032 1352 1070 1413 lt,
1099 1348 1206 1401 hahens
1230 1345 1362 1400 ambitum
1381 1346 1485 1401 dierum

121 1425 237 1491 43320.
260 1431 327 1485 fere.
367 1430 421 1483 Lm
442 1436 486 1484 est
506 1428 534 1491 i,
557 1429 634 1497 cujus
656 1435 764 1497 tempus
786 1428 952 1497 periodicum
973 1427 1076 1480 dierum
1101 1419 1241 1486 lassat.

201 1511 289 1566 Fixae
304 1526 368 1563 sero
392 1512 494 1564 stellae
509 1511 599 1563 adhuc
622 1516 679 1563 tam
703 1509 899 1562 inaestimabili
914 1507 1063 1561 intervallo
1079 1507 1193 1562 altiores
1209 1513 1282 1570 sont,
1307 1510 1341 1560 ut
1362 1508 1399 1561 ad
1413 1524 1484 1573 eam,

121 1599 258 1666 quaeest
281 1591 353 1645 inter
375 1585 407 1648 Q
432 1598 462 1645 et
485 1583 528 1654 ὁ,
553 1590 730 1659 intercapedo
754 1589 892 1644 sensibilis
916 1606 969 1643 non
992 1589 1037 1641 sit.
1078 1590 1116 1643 Et
1138 1605 1190 1643 eae
1211 1595 1276 1642 sunt
1299 1587 1328 1640 in
1349 1597 1485 1657 extremo,

120 1674 192 1728 sicut
215 1667 247 1730 Q
270 1672 298 1725 iu
319 1679 429 1734 centro,
451 1671 562 1741 penitus
583 1670 742 1724 immobiles.

200 1753 330 1824 Angulus
353 1752 444 1814 TGV,
470 1751 515 1803 rel
539 1768 619 1805 arcus
634 1751 690 1813 TV,
715 1748 1070 1821 prosthaphaeresis
1094 1755 1150 1812 est,
1180 1749 1239 1802 sire
1262 1751 1485 1818 parallaxis,

120 1851 203 1907 qnam
227 1833 302 1887 orbis
325 1848 444 1902 magnus
469 1832 493 1904 (ξ
519 1834 554 1885 ad
578 1831 726 1902 sphaeram
749 1826 774 1887 0'
798 1831 893 1885 habet.
911 1857 915 1865 ·
936 1829 981 1883 Sic
994 1829 1057 1883 PIN
1078 1835 1122 1882 est
1146 1828 1269 1898 ejusdem
1293 1831 1368 1885 orbis
1392 1832 1487 1904 magni

124 1914 283 1987 parallaxis
299 1915 333 1966 ad
349 1913 497 1982 sphaeram
513 1910 547 1975 ll,
574 1911 701 1973 etPLN,
727 1911 784 1964 sire
799 1912 843 1965 RS
865 1927 960 1973 arcus,
986 1913 1021 1963 ad
1043 1910 1191 1979 sphaeram
1205 1914 1229 1968 t.
1271 1911 1417 1975 Item,
1442 1912 1485 1965 rel

123 1996 175 2050 ΧΥ
199 2010 293 2055 arcus,
326 1997 369 2046 est
398 1991 556 2061 parallaxis
581 1983 622 2054 ὃ,
653 1996 684 2043 ut
708 1997 737 2044 et
761 1991 856 2053 ΖΑΒ,
885 1992 929 2044 vel
954 1990 1025 2054 ZAE,
1056 1990 1194 2058 sphaerae
1217 1988 1239 2053 Q
1267 1991 1428 2059 parallaxis
1452 1993 1486 2046 ad

121 2076 215 2130 orbem
234 2088 374 2142 maguum.
608 2122 611 2127 ,

208 2154 286 2214 Quae
310 2150 458 2219 adscripsit
471 2149 611 2218 Keplerus
636 2149 784 2202 tabulae
802 2150 846 2203 ll.
870 2150 940 2202 haec
959 2155 1036 2203 sunt:
1063 2149 1093 2202 ln
1116 2139 1252 2212 centro&
1276 2155 1328 2213 est,
1353 2151 1416 2204 sola
1439 2150 1485 2204 im-

122 2233 238 2288 mobilis.
260 2231 374 2284 intimus
391 2222 498 2294 circa&
514 2229 653 2281 orbiculus
663 2229 760 2281 Lunae
771 2230 918 2298 sphaeram
927 2235 1130 2298 repraesentat,
1142 2228 1220 2298 cujus
1231 2237 1320 2284 motus
1330 2236 1485 2285 menstruus

57 2298 63 2309 ⁶
123 2320 177 2368 est.
221 2314 302 2366 Hanc
324 2310 449 2380 proxime
474 2309 495 2372 ξ’
519 2309 593 2362 orbis
616 2309 778 2362 circumdat:
808 2325 887 2379 quern
910 2309 1037 2378 sequitur
1057 2299 1097 2371 Q,
1122 2316 1152 2363 et
1175 2317 1274 2378 postea
1298 2305 1330 2368 Q
1355 2310 1485 2381 sphaera,

124 2409 218 2449 annua
233 2408 325 2445 ornnes
340 2388 519 2444 conversione
533 2388 678 2442 volubiles.
720 2389 898 2459 Reliquorum
913 2390 994 2443 trium
1009 2389 1188 2460 superiorum,
1212 2387 1238 2447 ὀ
1246 2431 1254 2454 ,
1279 2388 1314 2454 ll,
1339 2390 1371 2454 i,
1396 2392 1485 2454 orbes,

124 2477 243 2529 lixarum
258 2488 365 2542 quoque
382 2470 528 2522 stellarum
550 2470 706 2538 sphaeram,
732 2485 821 2533 arcus,
846 2487 913 2540 quos
935 2464 1048 2534 circa&
1078 2485 1128 2523 ceu
1146 2476 1270 2525 centmm
1293 2471 1420 2542 integros
1441 2474 1486 2525 de·

125 2553 246 2609 scribere
272 2557 302 2604 et
324 2552 462 2620 complere
486 2548 600 2620 quisque
624 2556 726 2620 potest,
750 2549 879 2604 indicant.
922 2547 947 2608 ὁ
963 2550 1037 2603 orbis
1060 2548 1169 2603 biennio
1191 2551 1377 2612 convertiturr
1401 2548 1486 2611 llan-

122 2651 172 2689 nos
189 2632 225 2687 12
241 2630 461 2702 quamproxime
476 2629 598 2700 requirit,
621 2636 650 2682 et
672 2627 760 2683 hiere
775 2629 813 2684 30
829 2647 924 2683 annos.
966 2631 1053 2684 Fixae
1068 2629 1169 2684 stellae
1191 2630 1290 2686 49000
1304 2631 1384 2685 annis
1401 2632 1488 2701 juxta

122 2712 356 2782 Alphonsinorum
380 2710 485 2780 placita
506 2710 647 2778 periodum
669 2710 829 2764 restituunt.
873 2710 999 2771 Quantas
1023 2710 1192 2782 singulorum
1218 2709 1346 2787 (praeter
1360 2704 1404 2780 0)
1428 2712 1487 2782 epi·

123 2793 194 2865 cycli
209 2792 237 2844 in
252 2790 425 2844 concentrioo
439 2790 540 2843 circulo
555 2790 823 2859 prosthapbaereses
847 2790 874 2844 in
889 2790 984 2843 mediis
999 2789 1138 2844 distantiis
1163 2791 1276 2855 iaciant,
1301 2807 1382 2846 arcus
1405 2791 1488 2846 rectis

122 2864 200 2936 0ιῶ
223 2870 311 2925 ductis
335 2879 365 2924 et
386 2870 525 2941 epicyclos
547 2870 670 2939 singulos
694 2870 874 2941 tangentibus
899 2870 1053 2940 intercepti,
1079 2870 1179 2924 additis
1198 2873 1335 2942 graduum
1359 2872 1488 2936 numeris,

123 2957 285 3008 monstrant.
1372 2967 1377 2975 ·

204 3029 234 3096 h)
259 3033 319 3085 Iloc
340 3030 428 3084 coacti
453 3037 518 3084 sunt·
542 3036 667 3083 statuere
690 3036 827 3093 auctores,
857 3029 941 3082 ceteri
966 3030 999 3082 de
1022 3028 1094 3092 Sole,
1117 3029 1287 3101 Toperuicus
1311 3033 1345 3084 do
1367 3032 1490 3092 Tellure,
1543 3044 1552 3052 ·

125 3113 190 3184 quia
213 3112 323 3166 nimium
346 3111 472 3165 tribuunt
496 3109 736 3164 observationibus
760 3110 914 3178 Hipparchi
939 3116 968 3163 et
988 3110 1155 3164 Ptolemaei:
1179 3113 1227 3164 sed
1251 3128 1324 3181 quae
1348 3129 1403 3165 non
1426 3118 1492 3166 sunt

124 3201 222 3248 tantae
247 3191 428 3254 subtilitatis,
457 3197 490 3243 ut
513 3193 615 3260 dogma
637 3190 709 3243 tanti
733 3189 861 3243 momenti
885 3190 974 3258 possit
995 3189 1027 3242 iis
1057 3190 1290 3259 superaedificari.
1338 3193 1438 3262 ltaque
1463 3191 1490 3245 in

123 3272 332 3329 Commentariis
357 3270 527 3325 Martialium
551 3270 770 3339 speculationum
801 3276 831 3322 et
860 3270 907 3323 lib.
932 3271 978 3323 Vl.
1003 3270 1145 3338 Epitomes
1177 3278 1259 3340 parte
1283 3273 1303 3326 1.
1334 3271 1490 3341 opinionem

123 3353 206 3408 istam
227 3359 259 3406 ut
284 3352 417 3421 physicae
432 3350 546 3403 coelesti
560 3349 696 3403 inimicam
711 3352 854 3404 admodum
868 3351 985 3403 tidenter
998 3349 1092 3417 rejeci,
1115 3353 1229 3405 necdum
1244 3353 1311 3405 cedo
1335 3353 1490 3414 sententia;

125 3433 279 3487 evidentem
300 3430 517 3484 imbecillitatem
539 3429 706 3498 opinationis
727 3431 811 3500 hujus
833 3429 900 3483 alibi
922 3431 1125 3483 demonstrabo.

205 3506 228 3580 i)
251 3511 314 3564 Non
329 3512 399 3581 quod
415 3510 519 3580 triplex
535 3510 594 3578 ipse
609 3510 654 3573 sit,
670 3512 718 3563 sed
733 3511 799 3580 quia
812 3527 882 3563 unus
898 3518 928 3563 et
941 3510 1011 3563 idem
1029 3510 1155 3564 existens
1175 3510 1231 3564 tria
1244 3511 1378 3565 distincta
1392 3513 1491 3575 habet,

126 3610 197 3665 quae
212 3592 326 3663 singula
340 3607 404 3644 suos
420 3588 585 3658 multiplices
601 3606 667 3643 usus
682 3596 712 3644 et
726 3589 818 3644 munia
832 3591 939 3644 habent
953 3589 979 3643 in
995 3590 1164 3644 astronomia
1176 3591 1338 3645 reformata.

207 3669 238 3737 ls)
264 3672 293 3725 ld
309 3677 361 3733 est,
382 3669 507 3739 seposita
521 3669 740 3723 consideratione
755 3671 979 3724 eocentricitatis.
1022 3671 1164 3732 Quaedam
1178 3670 1249 3724 enim
1271 3678 1402 3741 praestat
1416 3671 1492 3726 orbis

125 3753 179 3807 iste
194 3752 372 3813 eocentricus,
389 3768 442 3803 non
457 3750 519 3820 ipsa
534 3765 585 3802 sua
599 3750 813 3814 eocentricitate,
830 3753 877 3804 sed
892 3750 942 3803 illa
956 3752 1068 3813 solare,
1085 3753 1155 3820 quod
1171 3751 1244 3820 cispa
1254 3751 1346 3806 Solem
1360 3751 1491 3807 vertitur.

206 3830 227 3898 l)
254 3832 366 3886 coelum
380 3838 451 3900 puta
465 3831 561 3883 Lunae
578 3830 642 3895 (non
657 3831 737 3884 Luna
751 3848 801 3900 per
815 3825 859 3898 so)
874 3840 904 3884 et
918 3831 1011 3883 Tellus
1027 3830 1133 3884 hahent
1152 3833 1267 3885 eundem
1282 3838 1385 3886 motum
1399 3839 1493 3886 trans·

127 3912 240 3968 lationis
264 3914 298 3966 de
322 3913 382 3965 loco
406 3911 537 3964 inlocum
560 3926 611 3980 per
634 3912 726 3964 orbern
751 3926 887 3982 magnum,
914 3927 981 3982 ergo
1005 3928 1065 3964 cum
1089 3927 1199 3979 semper
1212 3912 1299 3965 Terra
1320 3913 1381 3966 loco
1396 3914 1493 3967 codem

128 3993 173 4056 sit,
196 4011 249 4063 qno
273 3993 333 4046 loco
354 3991 493 4046 invenitur
516 3997 546 4043 et
560 3991 666 4043 coelum
680 3991 786 4052 Lunae,
810 3992 915 4044 coelum
939 3991 1026 4061 igitur
1045 3990 1098 4044 hoc
1121 3991 1218 4045 Lunae
1242 3998 1272 4045 et
1290 4009 1342 4062 per
1362 3992 1389 4046 id
1412 3993 1495 4047 Luna

128 4073 191 4144 ipsa
214 4089 300 4127 cansa
323 4072 430 4144 quidem
454 4071 523 4125 coeli
548 4071 589 4124 sui
620 4070 724 4124 nullam
745 4072 831 4124 talem
859 4088 895 4124 ex
917 4078 991 4124 motu
1013 4071 1132 4125 Telluris
1156 4071 1352 4141 apparentiam
1375 4072 1494 4144 suscipit

129 4159 219 4208 motus
244 4153 301 4215 sui,
335 4153 444 4223 qualem
469 4170 506 4205 ex
528 4152 632 4205 Terrae
656 4151 840 4205 translatione
863 4151 911 4205 Sol
935 4151 1064 4222 suscipit,
1093 4152 1152 4221 ipse
1175 4168 1242 4206 vere
1266 4153 1419 4222 quiescens.
1462 4154 1493 4208 ld

129 4250 210 4287 secus
235 4239 319 4295 esset,
344 4231 367 4286 si
382 4233 469 4286 Terra
490 4240 617 4301 promota
640 4232 747 4285 coelum
767 4232 865 4285 Lunae
888 4230 1044 4301 quiesceret
1067 4239 1118 4285 aut
1140 4239 1299 4286 moreretur
1321 4235 1354 4286 de
1378 4235 1441 4287 loco
1465 4233 1494 4288 im

61 4376 65 4383 .
129 4313 219 4367 locum
240 4318 316 4365 motu
337 4311 392 4365 alio
407 4311 552 4373 distincto;
576 4318 642 4365 tnnc
656 4311 727 4365 enim
749 4318 838 4366 motus
853 4310 939 4365 centri
954 4311 1073 4365 Telluris
1096 4328 1148 4381 per
1162 4311 1392 4384 imaginationem
1404 4314 1493 4368 etiam

129 4393 158 4448 in
182 4393 288 4446 coelum
310 4392 406 4445 Lunae
431 4391 678 4456 transcriberetur,
710 4402 739 4447 et
767 4393 806 4446 sic
828 4392 913 4446 etiam
937 4398 1025 4446 totum
1054 4391 1160 4446 coelum
1182 4393 1279 4447 Lunae
1308 4410 1359 4462 pro
1382 4393 1493 4448 ratione

96 4498 106 4517 ι
130 4474 199 4529 situs
222 4473 265 4526 sui
286 4478 382 4543 posset
402 4474 595 4543 retrogradum
615 4472 700 4526 videri
722 4491 776 4526 non
797 4473 885 4527 minus
907 4489 987 4541 quam
1009 4473 1142 4541 planetae
1164 4474 1292 4544 quinque.

209 4549 250 4623 m)
272 4555 335 4608 Duo
349 4552 395 4605 hic
409 4552 572 4615 innuuntur,
598 4552 717 4607 alterum
732 4553 823 4607 Solem
838 4553 925 4623 ipsum
942 4553 1056 4615 attinet,
1082 4552 1200 4607 altemm
1219 4571 1256 4607 ex
1269 4553 1336 4607 Sole
1355 4553 1494 4608 redundat

129 4636 157 4690 in
177 4637 317 4706 planetas.
360 4633 537 4687 Ptolemaeus
552 4632 643 4687 Solem
663 4634 781 4688 collocat
804 4633 832 4687 iu
855 4633 1016 4697 eocentrico,
1041 4632 1222 4686 eocentricum
1246 4633 1363 4688 includit
1383 4634 1491 4687 duobrm

131 4716 335 4778 deferentibus3
361 4714 529 4783 Copernicus
551 4713 675 4784 epicyclo
700 4714 792 4784 alligit
814 4715 966 4784 planetam,
996 4706 1158 4782 epinyclum'
1172 4714 1355 4769 concentrico.
1397 4713 1491 4767 Ptolo·

131 4809 225 4849 maeus
240 4797 334 4871 igitur,
355 4802 388 4850 ut
406 4809 538 4868 apogaea
558 4799 728 4863 promoveat,
751 4793 938 4849 deferentibus
963 4793 1019 4849 suis
1043 4791 1173 4849 attribuit
1195 4800 1298 4852 motum
1322 4792 1492 4867 peculiarem
