3366 5482
279 288 343 354 159
792 285 904 351 1466669
922 285 1123 354 comm

351 451 377 506 r.
400 456 524 504 centrum
546 448 683 520 66666661
704 449 799 504 circuli
814 449 1029 505 666666616166616
1050 445 1086 508 0¹.
1124 447 1216 518 116166
1230 448 1436 504 semidianeter
1456 439 1642 513 66699021..

271 541 302 587 et
311 533 360 586 BE
373 529 566 584 eecentricitae
576 530 613 584 616
623 528 697 584 erbis
707 529 802 600 666ςηί
816 537 911 583 centro
922 524 1067 588 2290716.
1090 528 1144 582 Sed
1155 529 1215 592 Au,
1229 527 1422 584 eeeenmicitae
1436 542 1457 582 6
1468 520 1512 593 Θ,
1526 524 1640 597 909496

272 615 344 667 unde
358 611 493 665 distantia
511 604 537 667 d
555 625 574 664 a
588 605 621 668 Θ
636 608 758 663 maxima
775 609 903 672 164780,
926 609 1038 664 minima
1054 608 1180 664 199900.

351 693 374 746 T
394 698 518 745 centrum
538 697 584 742 666
603 688 683 758 parri
703 688 798 742 circuli
819 688 1034 743 eccantricitatis
1056 685 1087 747 ’9.
1130 687 1221 757 Hujus
1242 686 1447 743 semidiameter
1472 684 1642 751 66612000,

271 780 302 826 a
321 771 381 834 ae,
412 769 604 823 6666666666
635 785 653 822 a
679 770 716 831 n,
747 767 855 823 66666.
896 769 949 823 666
971 770 1019 823 au
1043 767 1150 823 36666.
1194 766 1215 827 u
1247 767 1370 823 marma
1399 766 1537 822 6666666
1569 781 1588 821 a
1610 758 1642 825 Θ

274 850 407 913 549256,
429 848 541 903 minima
563 848 691 902 499944.

351 930 376 984 G
397 937 520 983 centrum
540 934 585 982 666
605 927 683 997 perri
704 926 798 981 circuli
819 927 1033 981 eccentricitat-is
1055 924 1079 979 1.
1122 926 1214 996 Hujus
1235 927 1439 981 semidiameter
1458 932 1504 980 666
1529 924 1638 988 29075,

271 1010 321 1064 BG
342 1017 387 1064 666
408 1007 505 1064 78295
527 1016 557 1061 66
571 1008 622 1061 AG
644 1005 751 1063 92290.
793 1005 809 1059 6
825 1007 946 1061 maxima
960 1006 1075 1061 remotio
1090 1023 1108 1059 6
1122 1000 1155 1063 Θ
1171 1014 1216 1059 666
1230 1005 1358 1070 999740,
1380 1006 1492 1061 minima
1510 1004 1640 1061 994190.

351 1090 441 1144 Recta
461 1088 536 1141 HBT
557 1094 601 1140 666
621 1087 697 1140 11666
718 1086 929 1156 aequinoctialis
950 1093 1079 1156 respectu
1100 1087 1214 1150 Terrae,
1236 1086 1295 1141 las
1316 1093 1447 1157 respectu
1467 1084 1552 1141 86116.
1596 1083 1641 1141 816

271 1176 348 1223 66666
367 1166 436 1228 Nol
457 1174 502 1220 666
521 1166 598 1220 11666
618 1164 775 1221 solstitialis
795 1175 924 1235 respectu
946 1169 1058 1230 Terrae,
1081 1168 1156 1237 MAy
1176 1174 1305 1236 66666666
1325 1166 1408 1220 Solia.
1428 1157 1470 1233 ⁶⁸)

410 1272 530 1335 Tempore
548 1270 694 1320 Ptolemaei.
804 1269 940 1333 (1666666161.
1095 1270 1215 1334 Tempore
1234 1270 1381 1321 Ptolemaei.
1481 1267 1623 1335 liquenti.

427 1355 630 1415 51161716990
705 1357 782 1424 ul-
749 1353 943 1417 -2714161
1122 1353 1515 1423 66666614616-66·

425 1428 564 1492 ultro,
586 1427 627 1477 11.
705 1428 783 1504 lip-
816 1425 957 1483 11.-,91
910 1427 957 1456 Α·
1120 1427 1222 1487 AFB„
1244 1426 1286 1479 17
1301 1424 1345 1478 91

268 1493 444 1565 inurerer&
464 1499 559 1558 BEO,
581 1498 624 1550 25.
635 1496 687 1549 90.
705 1507 783 1556 66-
751 1498 839 1547 -.27
919 1493 941 1559 r?
980 1490 1340 1565 introeutem.
1414 1427 1509 1549 -¹l.

424 1564 559 1636 Quod,
580 1570 623 1621 95
705 1568 776 1628 ὅ·
796 1558 942 1632 15441]
1122 1564 1218 1623 Aci„
1257 1566 1337 1620 199
1357 1588 1385 1631 g)
1414 1567 1506 1618 -19.

423 1639 559 1705 QBDV,
585 1640 623 1690 10.
685 1638 946 1706 -Ν-9990.11[
1120 1638 1220 1700 ACX,
1240 1637 1507 1695 anst-ld.

411 1711 558 1774 ΘΒΔΙ..
596 1709 667 1762 99.
698 1718 781 1769 6)-
813 1709 945 1766 9Η4066
1083 1708 1222 1778 &mo
1261 1709 1322 1761 tc.
1360 1707 1505 1772 ,ΖΗ-9.

1543 1353 1570 1406 9’

1471 1422 1571 1477 11.90

1523 1496 1568 1547 21.

1590 1352 1635 1482 Ξ.

1590 1496 1634 1619 9.,

1589 1635 1620 1775 i

1520 1566 1564 1619 49.

1520 1637 1564 1689 40.

1518 1707 1562 1760 40.

826 2089 947 2188 Caput
975 2089 1076 2164 XVI.

338 2251 394 2314 De
417 2250 513 2313 Leuc
532 2248 700 2333 peculiare
721 2247 887 2322 6666616666,
912 2257 941 2312 et
963 2249 1003 2310 de
1024 2251 1163 2312 mauric
1185 2269 1353 2331 6666666666
1375 2257 1405 2312 66
1427 2251 1561 2312 ortium.

353 2392 422 2454 Non
447 2410 518 2471 ergo
542 2391 681 2470 exiguum
710 2391 879 2470 scrupulum
904 2390 1009 2451 Lunae
1038 2391 1139 2463 orbis,
1172 2398 1240 2452 utut
1268 2391 1393 2469 exiguus
1425 2390 1485 2463 sit,
1519 2398 1627 2451 movet

266 2477 369 2551 Quare
393 2498 480 2559 porro
500 2480 538 2541 de
554 2480 642 2541 Luna
661 2487 779 2558 tempus
804 2487 862 2552 est,
888 2488 920 2540 ut
944 2478 1057 2559 aliquid
1081 2480 1190 2541 dicam.
1224 2479 1267 2540 Et
1288 2478 1399 2558 incipio
1422 2478 1542 2559 quidem
1566 2476 1629 2540 aine

267 2568 395 2647 ambage
419 2567 476 2629 tibi
500 2569 597 2630 lector
624 2567 739 2628 sincere
768 2586 865 2629 meam
893 2575 1026 2629 mentem
1055 2586 1221 2648 exponere,
1251 2575 1421 2629 secutumm
1449 2584 1556 2646 nempe
1583 2584 1628 2628 me

266 2657 295 2717 in
319 2656 375 2718 hac
400 2674 493 2717 causa
517 2674 691 2736 quocunque
714 2656 923 2736 propinquitas
952 2674 1141 2718 numeremm
1168 2656 1277 2736 praeit.
1324 2656 1368 2718 Ut
1391 2656 1417 2718 ei
1440 2654 1629 2735 interpositio

265 2744 372 2809 Lunae
396 2763 535 2806 numeros
558 2754 591 2807 et
615 2764 702 2806 arcus
727 2742 887 2825 Cupernici
912 2745 1012 2807 verius
1035 2744 1150 2819 reddit,
1182 2746 1280 2806 dicam
1308 2744 1530 2807 accensendum
1556 2742 1629 2807 illud

265 2842 401 2916 systema
428 2834 579 2896 crassitiei
610 2833 692 2895 orbis
719 2834 837 2913 magni;
871 2835 917 2895 sin
946 2841 1047 2895 autem
1076 2835 1176 2914 ejecta
1197 2833 1286 2896 Luna
1315 2831 1421 2896 melius
1451 2832 1541 2895 nobis
1563 2850 1628 2894 cum

265 2920 433 3003 Cupernico
450 2923 609 2984 convenire
623 2930 735 3002 potest,
761 2922 853 2983 etiam
876 2939 931 3000 ego
956 2922 1063 2996 dicam,
1089 2922 1192 2983 orbem
1215 2941 1356 3002 maguum
1376 2940 1433 2983 non
1454 2929 1518 2984 tam
1542 2940 1628 2984 cras·

265 3031 331 3073 sum
355 3029 423 3073 esse
447 3011 654 3085 circumcirca,
680 3019 713 3072 ut
735 3011 852 3072 coelum
876 3010 995 3073 Lunare
1020 3018 1120 3089 tegat,
1154 3010 1208 3071 sed
1232 3009 1362 3073 eminere
1385 3010 1537 3074 interdum
1559 3029 1628 3073 sur·

266 3119 332 3161 sum
356 3099 505 3162 interdum
528 3100 667 3162 deorsum
686 3099 836 3177 integrum
854 3099 961 3161 Lunae
983 3099 1236 3178 hemisphaerium
1254 3117 1346 3179 supra
1370 3097 1418 3159 661
1442 3096 1524 3161 infra
1545 3116 1627 3163 mar·

263 3188 350 3268 giues
374 3188 456 3250 orbis
479 3189 596 3268 magni,
627 3188 777 3250 interdum
807 3194 839 3248 66
866 3187 1040 3268 plerumque
1063 3188 1182 3268 quidem
1205 3186 1303 3249 minus
1326 3187 1547 3266 hemisphaerio
1573 3206 1627 3249 cx-

262 3284 350 3350 tare3
378 3276 498 3337 omnino
522 3285 611 3356 prout
633 3277 731 3355 ipsum
757 3293 866 3356 corpus
889 3275 1032 3351 Telluris,
1063 3277 1140 3356 quod
1170 3283 1219 3337 666
1246 3276 1327 3338 orbis
1351 3276 1457 3338 Lunae
1479 3284 1625 3351 centrum,

262 3366 311 3427 vel
333 3364 508 3426 ascenderit
530 3366 578 3427 vel
602 3365 792 3427 descenderit
815 3383 869 3444 per
892 3364 973 3426 orbis
992 3365 1038 3427 661
1060 3364 1297 3445 spissitudinem.
1339 3364 1406 3426 Nec
1428 3364 1531 3427 hercle
1554 3364 1626 3439 6616,

264 3471 404 3533 quorsum
428 3452 527 3532 magis
551 3452 697 3514 inclinent
719 3453 985 3534 cosmographicae
1008 3454 1057 3515 vel
1080 3454 1174 3515 etiam
1192 3452 1420 3535 metaphysicae
1439 3453 1628 3528 rationee.¹·)

263 3539 448 3605 Coucinnum
473 3542 592 3622 quidem
616 3541 769 3621 negotium
793 3562 860 3603 esse
885 3543 1011 3617 videtur,
1037 3550 1152 3603 utnon
1176 3542 1219 3604 sit
1240 3542 1269 3602 in
1294 3541 1379 3604 66616
1402 3541 1485 3604 erbis
1508 3541 1628 3624 aliquia,

262 3629 313 3712 qui
336 3632 428 3694 talem
451 3638 545 3710 gerat
563 3630 681 3703 nodum,
706 3631 791 3691 velut
807 3631 949 3692 annullus
972 3649 1129 3710 gemmam,
1156 3629 1241 3710 cujus
1266 3629 1430 3693 eminentia
1453 3629 1545 3707 obsit,
1571 3648 1627 3712 quc

262 3719 360 3782 minus
391 3719 618 3782 absolutissima
640 3726 768 3794 ,constet
800 3718 865 3780 orbi
898 3719 1076 3781 rotunditas.
1092 3717 1121 3794 1’)
1168 3721 1215 3780 Ac
1244 3718 1379 3783 vicissim
1412 3717 1441 3780 iu
1475 3722 1628 3785 censenda

263 3808 359 3887 ligura
382 3808 465 3871 urbis
489 3808 560 3888 quid
583 3808 697 3869 attinet
719 3807 823 3870 Lunae
847 3808 996 3869 rationem
1012 3797 1151 3881 habere,
1182 3827 1248 3870 cum
1277 3807 1330 3870 illa
1358 3826 1416 3869 nun
1437 3808 1566 3910 proprie
1589 3808 1626 3871 ed

260 3898 363 3960 orbem
383 3898 494 3959 Terrae
514 3896 608 3958 661661
632 3903 801 3958 ceterorum
824 3896 1015 3975 planetarum
1039 3896 1237 3976 evagationes
1260 3896 1290 3961 iu
1313 3896 1452 3971 altum(
1443 3916 1474 3959 ιιι
1496 3896 1625 4001 profun-

264 3985 333 4048 dum
358 3988 450 4066 (quae
464 3987 590 4067 physice
605 3984 846 4046 commodissime
860 4004 913 4064 per
930 3985 1076 4066 epicyclia
1091 3986 1352 4058 demonstrantur)
1374 3985 1503 4059 velut,
1494 4004 1674 4089 roqueta*

260 4073 335 4136 haec
359 4073 507 4157 cpicyclia
530 4075 569 4135 ad
594 4092 679 4135 auum
711 4073 848 4153 quodque
875 4072 978 4135 orbem
1006 4073 1185 4176 pertineat?
1228 4073 1332 4136 Tellus
1364 4073 1444 4137 enim
1476 4082 1545 4149 666,
1579 4072 1626 4137 661

259 4162 342 4224 orbis
366 4163 418 4223 1116
441 4162 549 4225 tertius
573 4183 592 4223 6
616 4161 688 4224 Sole
719 4161 858 4236 debetur,
890 4161 958 4242 ipsa
984 4163 1052 4241 ejus
1079 4161 1205 4241 remigio
1234 4162 1314 4224 inter
1341 4172 1461 4225 ceteros
1484 4122 1674 4245 6161666υ

259 4248 362 4312 Solem
386 4250 535 4325 circumit,
568 4251 637 4331 ipsa
663 4270 773 4331 perse
803 4270 914 4331 perque
939 4250 1548 4332 666661666116661166611666166666
1569 4270 1625 4315 666
1653 4282 1674 4301 ⁶

258 4337 426 4403 ministerio
449 4358 521 4401 suas
544 4339 663 4420 perficit
685 4339 869 4413 varietates,
900 4348 933 4401 ut
956 4339 1067 4402 docent
1091 4336 1249 4420 Cepernici
1273 4340 1407 4424 placita:
1440 4340 1532 4403 Ianua
1553 4358 1623 4403 6666
1667 4356 1674 4379 ¹

258 4426 337 4491 hauc
365 4428 447 4491 circa
476 4427 628 4490 Tellurem
657 4428 795 4508 exiguam
828 4428 1037 4490 domunculam
1070 4429 1155 4508 quasi
1188 4427 1325 4508 precario
1357 4436 1413 4490 aut
1443 4428 1624 4494 conductam
1665 4466 1674 4479 .

257 4518 395 4593 obtinet,
427 4516 516 4580 Luna
547 4517 684 4599 sequitur
716 4517 766 4578 vel
797 4516 928 4579 trahitur
959 4517 1080 4597 potius,
1113 4534 1288 4596 quocunque
1316 4516 1420 4580 Tellus
1448 4535 1624 4601 quacunque
1666 4532 1674 4561 ¹

257 4608 409 4671 eructate
434 4606 582 4687 graditur.
619 4605 716 4686 Tinge
740 4604 890 4668 Tellurem
914 4605 1130 4686 quiescentem,
1154 4623 1307 4685 nunquam
1327 4604 1416 4670 Luna
1437 4606 1523 4671 riam
1544 4606 1625 4673 61666

257 4693 361 4761 Solem
383 4695 533 4772 iuveniat,
564 4694 674 4757 nedum
700 4694 925 4772 circumveniet.
971 4694 1160 4759 Discursitat
1185 4693 1265 4756 enim
1293 4694 1362 4758 hinc
1391 4693 1462 4759 inde
1484 4696 1624 4779 augustie

258 4784 375 4851 inclusa
407 4785 517 4869 spatiis
550 4782 632 4846 circa
661 4783 804 4860 Terram,
836 4782 913 4846 lucis
945 4782 1157 4864 humommque
1190 4781 1305 4845 Telluri
1337 4783 1497 4865 6661616666,
1530 4784 1625 4851 veluti
