3366 5482
730 245 948 298 aerenum
1124 204 1127 210 ⁵
1454 250 1519 319 203

159 421 208 458 nou
228 405 378 473 respicitur
398 421 504 460 summa
523 405 668 475 planorum
689 408 853 479 angulorum
875 411 902 463 in
923 411 1019 464 solido.
1061 412 1199 466 Fortassis
1227 413 1276 466 ille
1304 415 1412 468 colorat
1432 421 1520 469 totam

159 484 329 539 hermoniam
349 501 369 538 a
388 485 486 555 quinta
506 486 534 538 iu
555 493 691 555 quartam,
713 495 758 541 est
778 491 850 544 enim
871 497 902 543 et
922 499 1010 543 motus
1032 492 1093 558 ejus
1107 492 1209 555 varius,
1232 500 1262 546 et
1275 496 1424 548 octaedron
1438 494 1520 548 mira·

160 563 224 623 hile,
245 571 278 617 ut
298 572 344 617 est
364 581 425 633 cap.
453 565 498 618 l'l.
523 566 574 618 mei
595 566 692 619 libelli.
735 568 788 621 Sed
809 587 863 623 non
886 586 995 639 possum
1016 571 1169 633 affirmare,
1198 572 1264 642 quia
1289 575 1407 627 nondum
1428 573 1521 627 audivi

158 644 226 696 hano
247 644 309 713 ejut
330 644 543 706 celerationem,
567 663 617 698 nec
636 647 777 701 reviviscit
791 650 977 720 Pythagoras,
1000 650 1045 719 qui
1061 651 1112 702 hoc
1127 651 1193 704 mihi
1206 652 1318 714 referat,
1341 653 1393 704 nisi
1414 653 1437 704 si
1458 653 1520 719 ejus

159 722 249 777 anima
268 725 297 778 in
318 741 361 777 ure
382 723 525 792 migravit.
568 726 663 778 Hebes
684 743 815 780 summam
835 729 919 794 hujus
940 729 1148 797 disputationis,
1175 746 1230 800 qua
1251 731 1278 783 in
1299 732 1387 783 lucem
1409 731 1519 793 emissa,

159 804 247 855 nescio
268 821 305 858 an
327 804 465 872 Tychonis
487 805 668 857 domunculae
689 807 855 860 chartaceos
877 808 913 860 ab
938 808 992 859 hac
1017 810 1125 861 immani
1152 816 1330 863 concentuum
1359 810 1520 863 coelestium

158 881 332 938 vehementia
351 883 488 952 impulsae
510 884 680 937 corruituree
702 886 765 947 sint,
788 889 859 956 quod
880 895 1039 940 tamennon
1056 889 1082 939 in
1103 887 1232 942 invidiam
1254 889 1327 943 tanti
1348 889 1398 943 viri
1419 890 1521 942 dietum

159 961 226 1017 volo.
269 965 334 1017 Jam
355 971 387 1016 tu
407 964 485 1015 modo
507 963 583 1024 vide,
611 980 648 1016 an
675 964 726 1017 illa
750 966 892 1020 diminutio
920 982 1093 1020 numerorum
1119 968 1146 1020 in
1166 976 1188 1036 ιι
1210 966 1275 1028 etlfr
1302 968 1416 1022 tolerari
1442 969 1523 1022 salva
1592 1016 1595 1025 .

159 1044 326 1098 astronomia
346 1045 445 1113 possit.

226 1189 325 1240 Similia
342 1192 395 1256 egit
412 1191 534 1254 Keplerns
553 1191 647 1254 aliquot
666 1195 738 1240 annis
763 1200 819 1256 post
842 1208 898 1242 cum
922 1196 1065 1260 Augusto
1090 1194 1238 1257 Principe
1262 1195 1450 1250 Auhaltiuo.
1479 1195 1521 1257 qai

159 1275 221 1310 anuo
241 1257 310 1309 1607
328 1262 392 1311 haec
410 1262 518 1326 Keplero
537 1262 647 1323 scripsit:
678 1297 707 1319 ,,.
725 1299 729 1308 .
745 1299 772 1310 ..
792 1270 861 1312 ronst
879 1268 951 1314 weiss
968 1266 1008 1315 ich
1027 1266 1096 1315 nicht
1114 1265 1145 1313 ob
1164 1265 1207 1314 der
1225 1265 1289 1313 llerr
1314 1270 1387 1329 mtge
1410 1265 1521 1329 genehen

159 1332 222 1381 habu
242 1331 288 1382 du
307 1333 408 1384 bdchliu
432 1348 479 1381 ron
506 1332 562 1381 dem
582 1331 753 1394 Corporalisch
772 1333 953 1384 Octocedroute
979 1337 1038 1385 oder
1063 1336 1102 1383 die
1127 1336 1203 1384 kunst
1223 1335 1355 1398 Corporum
1373 1335 1522 1399 regularium

160 1402 269 1467 geusudt
288 1418 320 1452 ex
337 1404 446 1452 numeris
464 1402 584 1452 iemalib.
607 1403 706 1452 erstlich
725 1405 858 1461 criundeu.
882 1408 908 1455 in
926 1407 1031 1456 welches
1054 1405 1154 1455 bilchliu
1178 1407 1278 1455 vorredo
1307 1406 1352 1454 der
1370 1407 1521 1454 Astronoml·

161 1473 233 1523 ichen
252 1476 351 1523 musica
375 1473 422 1523 risl
446 1472 556 1538 gedacht
577 1474 652 1529 vird,
678 1475 732 1523 weil
758 1475 819 1525 alles
844 1476 899 1525 auil'
920 1477 964 1526 des
982 1477 1137 1541 Pythagoras
1157 1477 1252 1526 Zahleu
1274 1475 1296 1523 1.
1317 1473 1342 1524 2.
1362 1473 1387 1524 ³.
1406 1472 1430 1522 l.
1451 1475 1474 1522 t.
1496 1472 1521 1524 0.

161 1543 246 1594 rehtu
264 1545 326 1601 soll,
346 1545 392 1593 vie
410 1545 435 1592 in
456 1544 554 1593 Musica
571 1558 617 1592 aas
634 1551 671 1601 ut,
690 1560 725 1600 re,
746 1548 786 1598 mi.
807 1547 841 1606 ia,
858 1547 905 1602 sol,
925 1547 958 1603 la,
978 1550 1023 1596 mit
1040 1548 1106 1596 ihrer
1123 1549 1259 1610 periection
1277 1547 1327 1595 rud
1344 1546 1521 1609 imperfectiori,

161 1615 196 1664 die
215 1615 280 1664 Zahl
300 1616 344 1665 der
361 1622 438 1664 neten
456 1615 621 1670 entstanden,
641 1616 696 1664 weil
716 1617 831 1679 dispason
850 1620 889 1667 ein
909 1618 1070 1667 rolkomliche
1089 1626 1180 1667 octava
1196 1619 1222 1666 iu
1240 1616 1349 1675 Musica,
1369 1617 1416 1666 Eiu
1435 1620 1523 1681 quinta

161 1688 355 1736 inutrouornia
374 1683 506 1747 (Merlinus
519 1699 557 1748 op.
575 1682 630 1743 50).
656 1683 769 1750 Septima
786 1689 1000 1752 imperfectissima
1018 1691 1043 1738 in
1062 1689 1160 1738 Musica
1177 1688 1223 1737 hat
1240 1702 1286 1753 gar
1304 1688 1362 1736 kein
1381 1701 1520 1737 consonan-

160 1758 233 1815 tiam,
252 1759 287 1806 ist
304 1758 329 1806 iu
350 1758 507 1807 Διιιοιιοιιιιι
526 1757 664 1820 oppositum
682 1757 863 1820 planissimum,
888 1759 940 1808 also
958 1775 1026 1809 nona
1044 1760 1137 1823 figura,
1164 1761 1196 1807 ist
1214 1757 1279 1808 auch
1297 1758 1443 1820 imperfecta
1461 1773 1522 1808 con·

161 1829 285 1884 muntia,
312 1828 366 1876 weil
391 1830 428 1877 sie
450 1830 487 1876 nit
505 1829 620 1876 stimmen
642 1828 696 1883 vil,
721 1843 801 1893 neque
827 1845 882 1879 curn
905 1833 1023 1886 unisono,
1049 1829 1114 1879 noch
1132 1832 1177 1879 ruit
1196 1831 1239 1879 der
1257 1833 1312 1878 sext
1330 1829 1394 1878 noch
1412 1830 1459 1877 mit
1477 1828 1521 1877 der

162 1904 255 1948 octava
293 1897 336 1948 Da
354 1899 434 1948 dieses
453 1899 509 1948 sehr
528 1897 626 1948 ehnlich
647 1913 729 1948 rnsrm
748 1900 842 1950 discurs
860 1916 887 1949 ιο
906 1903 950 1950 rrir
968 1903 993 1950 in
1013 1901 1105 1950 Gdrlitz
1124 1903 1169 1949 mit
1188 1900 1308 1950 einander
1333 1900 1441 1963 gehabt,
1468 1901 1522 1948 sein

161 1969 291 2019 resolution
309 1968 355 2018 soll
373 1971 420 2018 mir
437 1984 484 2034 gar
500 1968 549 2018 lieb
568 1968 637 2018 sein“
658 1968 703 2019 dte.

228 2093 269 2142 Ad
286 2092 351 2142 haec
369 2091 492 2156 Keplems
511 2090 546 2152 (d.
568 2089 610 2139 20.
628 2092 679 2142 Jul.
703 2089 799 2154 1607);

234 2193 294 2245 Das
310 2191 427 2245 Birthlin
447 2208 509 2244 vom
530 2192 761 2261 Corporalischen
785 2193 984 2245 Octocedronte
1008 2193 1065 2245 hab
1086 2191 1129 2244 ich
1152 2191 1192 2244 nit
1212 2189 1353 2261 geschen,
1375 2190 1432 2242 hab
1454 2190 1522 2244 aber

161 2272 249 2325 selber
268 2288 322 2324 ror
343 2271 406 2324 ailtl'
421 2272 527 2326 Jahren
554 2272 732 2342 dergleichen
758 2279 860 2325 etwass
891 2273 1051 2342 aussgehen
1081 2272 1192 2333 lassen,
1224 2272 1295 2322 rnnd
1327 2287 1356 2320 so
1385 2268 1429 2321 ich
1449 2268 1536 2322 mich

162 2352 235 2404 recht
257 2351 379 2413 besinne,
401 2352 433 2404 E.
456 2353 485 2405 F.
509 2352 624 2404 Gnaden
646 2369 680 2404 zu
702 2351 808 2405 Gtrlitz
829 2351 953 2422 gezeigt,
975 2352 1101 2423 genandt
1121 2350 1284 2420 Mysterium
1306 2347 1522 2418 cosmographi-

161 2448 225 2494 cum,
247 2433 347 2484 dessen
367 2431 560 2484 vmterseheid
582 2448 635 2484 ron
656 2434 717 2484 dem
738 2432 832 2484 intent
852 2432 924 2485 dises
941 2431 1141 2484 octooedrontis
1163 2430 1236 2483 diser
1257 2429 1301 2489 ist,
1325 2431 1389 2481 dass
1412 2445 1442 2480 er
1462 2427 1520 2480 sich

162 2512 342 2573 vmdert,
363 2511 417 2563 wie
438 2528 468 2563 es
490 2512 608 2581 zugehe,
631 2514 695 2564 dass
717 2511 772 2564 alle
792 2511 915 2581 Corpora
935 2511 1078 2581 regularia
1099 2527 1163 2564 auss
1185 2509 1261 2562 disen
1281 2507 1523 2580 Pythagorischen

161 2591 265 2644 Znhlen
289 2592 313 2644 l.
336 2590 362 2642 2.
386 2589 413 2643 3.
437 2591 464 2643 4.
488 2590 514 2643 5.
538 2592 564 2644 6.
586 2591 771 2654 herkhomen,
793 2591 887 2662 gleich
907 2591 964 2645 else
986 2593 1098 2643 wilrden
1124 2591 1166 2643 die
1189 2590 1312 2658 Corpora
1337 2605 1374 2640 ex
1403 2586 1522 2640 numeris

161 2670 254 2730 creirt,
277 2670 324 2723 leh
348 2671 417 2722 aher
438 2669 568 2741 anzeige,
590 2671 714 2739 Corpora
735 2687 795 2723 esse
817 2677 918 2724 natura
940 2670 1032 2738 priora
1052 2686 1111 2722 cum
1133 2687 1227 2722 eorum
1248 2666 1463 2735 compositione,
1490 2672 1524 2718 ut

160 2759 186 2802 et
205 2749 327 2803 musicas
348 2750 555 2818 proportiones:
578 2768 614 2803 ex
641 2750 673 2803 iis
694 2757 795 2819 postea
816 2750 956 2803 conciliari
982 2750 1147 2821 dignitatem
1174 2748 1291 2802 numeris
1312 2746 1519 2817 Pythagoricis.

160 2830 195 2883 Ut
214 2846 269 2882 uon
290 2830 352 2883 ideo
374 2831 459 2882 cubus
481 2837 577 2883 nactus
599 2836 642 2882 est
662 2847 712 2883 sex
735 2830 828 2899 plana,
851 2828 916 2899 quia
936 2829 1060 2883 senarius
1081 2837 1126 2881 est
1146 2829 1286 2898 perfectus
1308 2842 1451 2888 numerus,
1474 2826 1521 2878 sed

162 2915 257 2962 contra
278 2908 340 2962 ideo
354 2909 480 2963 senarius
495 2916 539 2962 est
553 2910 676 2977 pulcher,
700 2910 765 2979 quia
779 2911 873 2971 cubus,
896 2909 1011 2978 primum
1026 2926 1132 2977 eorpus,
1155 2909 1241 2960 hahet
1262 2912 1305 2959 tot
1325 2907 1425 2973 plana;
1446 2905 1523 2973 prius

162 2988 229 3041 enim
250 2998 298 3042 est
318 3005 364 3040 res
385 2989 460 3056 ipsa,
490 2995 590 3057 postea
614 2989 655 3041 rei
676 2989 751 3042 notio
773 2988 871 3042 existit
891 2989 917 3040 in
943 2995 1047 3050 mente,
1077 3003 1204 3041 numerus
1230 3002 1295 3037 vero
1323 2991 1368 3036 est
1388 2985 1522 3053 quaedam

160 3084 246 3121 rerum
268 3067 361 3129 notio,
384 3068 482 3121 mentis
504 3085 583 3137 opus.
625 3068 670 3122 Sic
691 3068 829 3121 ternarius
851 3085 930 3121 sacer
950 3074 994 3120 est
1016 3086 1068 3121 non
1090 3065 1264 3137 originaliter
1285 3071 1315 3116 et
1335 3062 1449 3131 proprio
1469 3063 1522 3115 rir-

161 3153 229 3209 tute,
260 3149 308 3200 sed
335 3147 401 3216 quia
427 3147 561 3200 trinitatis
588 3164 724 3216 personae
754 3147 932 3217 explicantur
952 3147 1005 3200 1ιοο
1026 3146 1156 3199 ternario.
1199 3145 1272 3197 Dass
1295 3160 1325 3195 er
1346 3148 1390 3206 ut,
1411 3159 1455 3203 re,
1477 3140 1521 3202 mi,

165 3226 203 3289 la,
226 3228 282 3288 sol,
305 3227 335 3279 la
360 3228 437 3281 zehlt
456 3227 506 3280 mit
530 3229 554 3280 l.
577 3227 602 3279 2.
627 3226 652 3279 3.
677 3228 703 3280 4.
727 3227 752 3280 5.
776 3229 802 3281 6.
824 3227 970 3299 geschicht
997 3225 1123 3296 populari
1151 3223 1272 3285 ratione,
1299 3224 1371 3275 vnnd
1392 3222 1471 3274 hette
1493 3238 1523 3273 er

163 3306 229 3359 eben
251 3324 282 3359 so
305 3306 428 3376 fueglich
450 3307 550 3359 zehlen
571 3305 718 3359 khenden:
741 3308 777 3370 la,
800 3308 850 3369 sol,
867 3308 911 3368 ta,
934 3306 977 3369 mi,
1000 3324 1039 3368 re,
1062 3312 1101 3360 ut.
1131 3304 1193 3358 Illic
1213 3309 1389 3372 comparatur
1410 3318 1521 3355 acumen
1627 3353 1628 3357 ,

167 3464 337 3527 multitudini,
359 3464 404 3517 hic
425 3464 562 3535 gravitas,
584 3473 614 3517 et
634 3464 740 3519 meliori
756 3466 831 3534 jure.
872 3465 954 3518 Acuti
976 3465 1048 3518 enirn
1069 3480 1155 3517 causa
1174 3462 1345 3533 geometrica
1366 3467 1411 3514 est
1430 3458 1523 3529 parvi-

169 3551 221 3606 ιιι,
248 3545 346 3616 gravis
367 3560 454 3598 causa
474 3551 519 3597 est
539 3544 717 3614 magnitudo;
745 3545 908 3616 magnitudo
934 3562 999 3598 vero
1024 3552 1055 3598 et
1074 3543 1219 3598 multitudo
1240 3542 1437 3612 quodammodo
1458 3556 1523 3592 con·

169 3624 281 3678 veniunt.

237 3707 315 3758 Aber
336 3719 419 3756 wann
441 3718 523 3756 maun
546 3701 605 3755 will
626 3703 765 3772 exquisite
786 3704 924 3766 haudeln‚
953 3711 1018 3757 tuno
1044 3721 1097 3756 non
1119 3709 1199 3756 tento
1220 3707 1265 3754 est
1285 3697 1397 3772 gravior
1417 3714 1472 3750 vox
1492 3702 1525 3748 ut

173 3795 225 3835 voce
245 3785 287 3847 le,
318 3789 423 3855 quanto
449 3782 538 3851 mqjor
559 3785 576 3836 6
599 3798 681 3851 quom
705 3785 729 3836 l.
771 3783 895 3837 Sonderu
916 3784 987 3837 allso
1009 3784 1094 3837 findet
1114 3801 1144 3836 es
1166 3782 1223 3835 sich
1245 3781 1272 3833 in
1293 3776 1465 3850 geometrica
1483 3775 1523 3828 di-

175 3863 295 3918 mensione
318 3863 486 3934 quantitatis
508 3879 579 3933 quae
600 3879 694 3915 vocem
715 3863 789 3917 edit:

386 3949 419 3996 ut
458 3959 488 3995 re
578 3959 609 3995 re
651 3941 685 3995 mi
776 3942 812 3996 mi
853 3941 883 3994 la
973 3943 1003 3995 la
1044 3942 1084 3994 sol
1176 3941 1217 3992 sol
1258 3938 1288 3990 le

398 4017 1282 4076 98109161598109

182 4093 252 4153 thn
270 4118 349 4156 maus
371 4119 406 4155 zu
427 4101 480 4157 eim
500 4100 716 4156 Denominatore
736 4102 873 4165 reducirt,
895 4102 981 4154 findet
1001 4118 1031 4154 es
1053 4100 1110 4154 sich
1133 4099 1212 4152 also:

535 4187 568 4234 ut
647 4197 678 4233 re
759 4182 794 4236 mi
876 4181 906 4233 la
986 4181 1028 4234 sol
1110 4180 1139 4233 le

524 4260 579 4314 180
637 4262 693 4314 160
751 4262 808 4315 144
860 4260 915 4314 135
979 4260 1035 4312 120
1102 4257 1157 4313 108

182 4327 254 4390 tout
271 4357 301 4393 es
325 4339 512 4402 arbitrarium,
535 4342 599 4393 dass
621 4357 683 4393 man
706 4358 757 4394 nur
777 4341 858 4394 sechs
879 4355 977 4392 namen
999 4342 1048 4392 der
1067 4337 1194 4391 stimmen
1215 4337 1279 4396 hat,
1301 4335 1372 4387 rond
1394 4347 1523 4403 geaogen

182 4423 208 4460 0¹
224 4413 317 4485 hymno
336 4419 453 4473 Joannis
472 4420 629 4488 Baptistae,
650 4433 679 4475 ut
696 4434 790 4491 queant
807 4427 870 4476 laris
896 4421 901 4486 Ι
925 4440 1040 4474 resonsre
1059 4425 1124 4472 tibris
1149 4418 1153 4487 Ι
1177 4424 1241 4471 mira
1258 4428 1383 4486 gestorum
1408 4411 1414 4479 Ι
1437 4416 1523 4465 famuli

183 4499 281 4571 mun}
304 4507 372 4557 eolre
391 4506 476 4571 polluti
500 4501 505 4566 1
530 4507 589 4556 labii
608 4510 714 4562 reatum,
733 4505 958 4557 sauchoanues!
993 4497 1046 4550 Hic
1067 4505 1132 4549 sunt
1153 4497 1170 4550 6
1192 4496 1339 4564 pericopae
1360 4490 1523 4558 incipientes

182 4581 225 4625 ll*
239 4576 327 4633 altera
346 4579 432 4635 altius
453 4596 508 4632 uno
529 4581 619 4652 gradu
641 4579 725 4641 vocis,
748 4597 808 4633 cum
829 4595 897 4649 ergo
919 4577 999 4630 initia
1019 4577 1116 4630 herum
1137 4581 1248 4628 esseut:
1270 4579 1303 4625 ut
1322 4588 1353 4624 re
1373 4569 1409 4623 mi
1430 4567 1460 4620 l'a
1480 4567 1522 4657 sol

182 4644 216 4711 1⁸,
238 4659 333 4713 mansit
358 4676 456 4714 nomen
477 4658 530 4713 hoc
557 4658 597 4713 illi
623 4659 722 4731 gradui
749 4659 841 4722 vocis,
873 4674 952 4734 quern
980 4656 1102 4713 obtinuit
1127 4654 1241 4728 syllaba
1265 4653 1336 4708 hoec
1357 4648 1384 4702 in
1404 4647 1525 4701 1116101118

180 4723 246 4799 rue
262 4734 363 4816 nnn
