3366 5482
659 262 781 314 derebus
800 263 961 327 astrologicis.
1421 255 1485 325 377

139 421 197 495 tn,
229 417 301 494 Bc,
335 417 400 484 GD.
446 419 504 481 Hie
538 421 563 482 si
587 422 746 484 Platonem
773 441 875 502 roges,
910 443 975 484 cum
999 422 1030 484 A
1060 440 1118 482 non
1151 430 1298 483 consonat
1329 439 1424 501 neque
1447 421 1484 496 B,

140 529 226 591 reque
252 507 287 584 C,
312 528 408 589 neque
427 508 466 568 Ι).
513 509 558 571 At
581 511 607 570 si
631 509 687 572 OD
711 521 799 574 tonus
823 531 875 590 per
899 511 926 571 E
950 519 1069 572 secetur
1093 509 1120 570 in
1142 509 1205 579 ΟΕ,
1230 511 1348 584 lemma,
1373 518 1405 569 et
1418 509 1484 584 ΕΙ),

140 599 239 674 liesin,
264 598 308 658 sic
333 607 365 659 ut
388 596 416 657 E
440 617 506 658 oum
531 599 560 660 A
584 600 696 661 habeat
718 601 941 679 proportionem
966 599 1122 679 epitriton,
1158 607 1227 660 tunc
1257 600 1333 660 inter
1356 597 1414 660 ΑΕ
1439 607 1487 659 est

140 687 298 750 sermonis.
347 686 461 765 ltaque,
487 687 566 747 sicut
592 696 680 749 tonus
705 688 760 752 CD
784 709 837 768 per
860 689 1047 749 harmoniam
1069 688 1096 747 Ε
1121 688 1236 748 divisus
1261 694 1308 750 est
1335 688 1365 748 iu
1389 687 1486 748 miuus

140 775 184 841 ΒΕ
208 784 242 836 et
259 776 358 854 majus
381 773 452 847 ΕΙ),
484 775 528 835 sic
560 786 669 837 natura
697 779 844 840 hominem
868 797 957 838 unum
986 795 1039 855 per
1067 776 1271 855 generationis
1295 785 1484 854 apparatum,

140 866 241 948 gnavis
266 863 422 925 harmonia
446 864 624 938 suaviorem,
650 867 754 929 divisit
777 868 805 928 iu
832 867 971 927 feminam
995 876 1027 926 et
1051 884 1178 938 marem,
1204 884 1328 944 quorum
1352 863 1403 924 alii
1428 865 1487 925 ali·
1577 930 1584 947 ,

140 955 200 1037 guid
226 954 327 1028 deest,
353 953 419 1014 huic
443 953 586 1015 abundat.
635 955 744 1016 Patere
770 956 862 1027 enim,
894 964 927 1016 ut
952 955 1027 1014 hanc
1051 953 1180 1031 gratiam
1205 965 1328 1032 tangam
1353 960 1488 1014 extremo

140 1043 237 1124 ligito‚
265 1051 299 1103 ut
322 1049 405 1103 tactu
431 1041 668 1121 experimentum
692 1045 808 1124 capiam
833 1045 984 1122 corporis,
1010 1043 1095 1121 cujus
1120 1043 1217 1104 forma
1240 1043 1355 1103 eminus
1381 1049 1485 1102 tanto-

140 1151 202 1194 rere
228 1131 334 1192 arrisit
357 1130 461 1192 oculis.
508 1131 588 1192 Nam
617 1153 670 1193 cur
694 1153 751 1194 non
781 1135 883 1212 juvem
908 1132 1126 1205 Reinhardum,
1158 1131 1375 1210 jucundissime
1406 1131 1487 1191 allu-

140 1222 256 1283 lentem
281 1239 319 1280 ex
341 1219 558 1297 Trismegisto‚
584 1229 616 1281 et
640 1222 780 1282 feminam
805 1223 923 1302 quidem
948 1221 1025 1281 inlra
1049 1221 1262 1294 collocantem,
1288 1227 1321 1280 ut
1343 1237 1399 1298 par
1423 1226 1486 1278 est:

141 1330 187 1371 ron
213 1317 286 1369 sunt
310 1308 387 1367 enirn
412 1308 525 1368 ferendi
550 1309 615 1384 riri,
641 1311 689 1389 qui
715 1312 815 1371 lerunt
838 1330 908 1371 suas
934 1310 1061 1370 feminas
1086 1317 1117 1369 et
1140 1318 1246 1370 contra
1266 1309 1374 1369 flumen
1399 1307 1487 1368 navi·

141 1405 214 1477 gant
266 1395 341 1470 „Dis
366 1415 484 1456 sursum
517 1397 626 1472 fumat,
659 1400 756 1460 stillat
778 1399 865 1460 Jovis
895 1399 975 1459 unda
999 1396 1168 1460 deorsum.“
1215 1397 1280 1459 Nec
1305 1395 1489 1458 invenustior

141 1496 179 1567 tst
203 1486 258 1546 illa
282 1484 347 1546 duri
370 1485 526 1564 mollisque
552 1488 800 1550 accommodatio.
847 1488 979 1549 Rursum
1004 1487 1080 1547 enim
1106 1485 1208 1547 suavis
1233 1487 1282 1547 ille
1306 1492 1407 1546 taetris
1430 1503 1488 1544 no·

141 1584 214 1637 rtros
240 1574 360 1653 judices
392 1574 523 1636 advocat
551 1577 594 1636 rei
624 1577 840 1656 lepidissimae,
885 1597 950 1637 cum
981 1596 1018 1636 ex
1047 1574 1244 1654 Trismegisto
1275 1575 1356 1635 solos
1385 1572 1489 1634 oeulos

141 1665 308 1734 erudiisset,
333 1682 371 1724 ex
394 1663 522 1724 Platone
547 1685 646 1727 aures.
694 1667 815 1728 Etenim
839 1668 943 1726 durum
968 1672 1089 1744 oportet
1112 1683 1196 1738 esse,
1224 1664 1300 1743 quod
1326 1661 1486 1731 infinditur,

141 1754 221 1817 nolle
248 1771 320 1813 vero
344 1771 451 1829 corpus
480 1753 564 1814 etin
589 1773 621 1815 se
646 1756 770 1828 cedens,
801 1756 879 1834 quod
903 1756 1006 1815 durum
1035 1755 1108 1815 illud
1137 1752 1249 1831 excipit
1278 1754 1432 1829 locumque
1461 1751 1489 1810 ei

141 1843 197 1905 lat.
246 1840 315 1912 Qua
338 1841 512 1902 titillatione
536 1843 726 1906 Reinhardus
751 1844 896 1906 excitavit
910 1863 1006 1904 meum
1023 1841 1181 1921 ingenium,
1208 1850 1242 1902 ut
1261 1839 1389 1903 lubuerit
1406 1858 1489 1921 sym-

141 1931 213 1994 nolis
238 1950 304 1991 cum
328 1931 381 1991 illo
405 1939 532 2007 certare,
560 1932 665 2011 quibus
689 1934 767 1995 oculi
791 1933 880 1996 simul
903 1941 934 1994 et
957 1932 1056 2010 digiti,
1083 1930 1171 1992 simul
1195 1942 1227 1990 et
1250 1929 1378 1992 hominis
1403 1928 1490 2006 inge-

141 2021 215 2083 nium
250 2020 439 2097 facultasque
464 2023 640 2082 uunrerandi
663 2023 702 2083 ad
731 2023 928 2102 judicandum
951 2030 1042 2100 atque
1067 2019 1297 2081 discernendum
1322 2019 1399 2079 inter
1423 2037 1490 2078 ma-

141 2128 198 2172 rem
222 2117 255 2169 et
278 2107 419 2168 feminam
443 2107 636 2173 advocentur.
1346 2146 1350 2151 ι

224 2197 288 2260 Sed
312 2195 503 2257 ratiocinatio
527 2199 644 2277 prolixa
668 2209 726 2261 est.
774 2199 807 2259 ln
831 2196 998 2277 geometria
1022 2195 1098 2257 ratio
1123 2203 1172 2257 est
1194 2194 1274 2278 inter
1293 2194 1368 2254 duos
1384 2192 1490 2255 termi-

142 2306 199 2361 nos,
224 2284 380 2366 proportio
405 2287 551 2347 rationum
576 2288 739 2350 similitudo
764 2296 822 2348 est.
869 2288 918 2347 Ad
934 2284 1158 2365 proportionem
1178 2282 1270 2361 igitur
1285 2291 1412 2361 quatuor
1428 2290 1491 2341 ter-

142 2376 207 2438 nini
231 2375 431 2454 requiruntur.
479 2374 567 2444 Quod
598 2377 624 2437 si
653 2377 741 2438 medii
771 2376 827 2436 duo
860 2377 890 2437 iu
915 2394 1003 2436 unum
1027 2380 1150 2444 coeant,
1184 2373 1337 2451 proportio
1363 2371 1492 2432 allicitur

142 2466 296 2535 :ontinua,
329 2472 392 2523 tres
422 2463 538 2525 habens
568 2476 637 2526 actu
666 2464 824 2536 terminos,
857 2472 1012 2544 potestate
1044 2470 1181 2542 quatuor.
1228 2461 1312 2521 Inter
1336 2459 1492 2520 continuas

142 2553 348 2636 proportiones
373 2572 461 2612 unum
481 2553 632 2632 singulare
657 2574 751 2632 genus
775 2562 824 2614 est
848 2552 1049 2633 proportionis
1074 2551 1210 2623 divinae,
1245 2569 1311 2612 cum
1336 2548 1493 2609 extribus

142 2643 275 2706 terminis
299 2641 356 2701 duo
380 2640 509 2702 minores
534 2652 666 2721 aequant
689 2645 845 2722 majorem,
871 2662 923 2704 seu
948 2660 1015 2702 eum
1039 2649 1135 2702 totum
1160 2639 1202 2700 ita
1226 2645 1347 2699 secatur
1372 2637 1401 2697 in
1425 2637 1493 2706 duo,

142 2742 170 2795 ut
197 2733 279 2793 inter
305 2736 409 2807 partes
440 2739 471 2791 et
496 2739 592 2792 totum
626 2733 667 2794 sit
691 2732 832 2794 continua
862 2722 1025 2812 proportio.
1072 2729 1170 2807 Hujus
1194 2725 1395 2806 proportionis
1420 2726 1494 2786 haee

142 2829 184 2883 est
208 2819 395 2901 proprietas,
430 2829 463 2879 ut
486 2839 523 2880 ex
553 2822 673 2900 majore,
701 2820 828 2882 termino
860 2829 890 2881 et
916 2828 980 2881 toto
1012 2838 1128 2880 rursum
1158 2822 1354 2894 componatur
1388 2813 1494 2874 similis

142 2908 303 2990 proportio.
352 2906 409 2977 Qui
436 2909 514 2968 enim
543 2911 624 2989 prius
650 2919 716 2971 erat
739 2911 851 2988 major,
885 2909 946 2987 jam
975 2908 1008 2968 lit
1032 2906 1143 2979 minor,
1178 2904 1256 2983 quod
1280 2902 1362 2982 prius
1387 2909 1493 2973 totum,

142 3001 198 3072 iam
223 3000 259 3060 fit
282 2996 378 3074 major
402 2997 561 3072 terminus,
588 3006 619 3059 et
642 2999 838 3078 compositum
863 3018 900 3058 ex
924 3004 1049 3074 utroque
1065 2995 1130 3070 jam
1155 2993 1249 3053 habet
1271 2991 1420 3052 rationem
1443 2997 1494 3050 to-

142 3088 207 3150 tius.
258 3087 322 3146 Hoc
351 3086 380 3146 in
415 3085 577 3162 inlinitum,
611 3108 729 3167 semper
761 3095 901 3147 manente
934 3083 1126 3162 proportione
1160 3081 1270 3142 divina.
1318 3079 1405 3139 Hanc
1438 3096 1494 3155 ego

142 3175 355 3256 geometricam
379 3176 617 3253 proportionem,
650 3184 737 3256 puto,
772 3176 869 3235 ideam
895 3174 987 3234 luisse
1012 3171 1155 3245 creatori,
1187 3171 1224 3231 ad
1249 3167 1496 3230 introducendam

142 3262 365 3345 generationem
389 3264 497 3324 similis
522 3285 558 3325 ex
582 3266 681 3336 simili,
709 3285 784 3344 quae
810 3273 858 3325 est
881 3261 974 3322 etiam
997 3260 1147 3341 perennis.
1195 3259 1294 3319 Video
1324 3257 1403 3318 enim
1428 3255 1495 3334 qui-

143 3355 255 3415 narium
278 3353 307 3413 iu
331 3352 453 3413 floribus
477 3371 552 3430 pene
578 3355 722 3427 omnibus,
748 3355 797 3433 qui
822 3354 960 3425 fructum,
984 3351 1041 3411 hoo
1066 3357 1115 3410 est
1129 3349 1354 3428 generationem
1368 3364 1497 3426 praece-

143 3444 222 3508 dunt,
250 3461 344 3520 neque
369 3450 438 3501 sunt
461 3442 498 3502 ob
523 3462 556 3503 se
581 3443 672 3521 ipsos,
698 3444 751 3503 sed
767 3444 804 3503 ob
820 3442 949 3502 fructum
965 3445 1148 3519 sequentem.
1196 3436 1309 3498 Omnes
1331 3436 1391 3495 lere
1408 3436 1497 3495 flores

143 3530 260 3592 arborei
285 3530 407 3590 suntin
432 3529 487 3591 hoc
512 3551 618 3605 censn;
648 3533 741 3592 citros
766 3539 795 3592 et
819 3549 924 3609 pomos
949 3528 1103 3589 aurantios
1128 3528 1204 3588 lorte
1229 3524 1366 3603 excipere
1391 3523 1496 3595 debeo,

143 3620 197 3681 etsi
222 3621 329 3680 liorem
352 3637 409 3678 non
435 3619 505 3693 vidi,
530 3639 567 3679 ex
591 3622 689 3682 fructu
714 3621 810 3681 solum
834 3638 887 3678 seu
913 3637 999 3697 pomo
1019 3617 1130 3693 judico,
1158 3616 1207 3694 qui
1231 3632 1288 3674 non
1305 3611 1396 3672 estin
1412 3613 1496 3672 locu-

143 3709 184 3770 los
210 3707 337 3788 quinos,
372 3707 425 3768 sed
449 3716 605 3785 septenne,
630 3710 778 3780 undenos,
812 3726 944 3768 novenos
969 3706 1092 3766 divisus.
1140 3702 1303 3774 Quinarius
1326 3719 1411 3774 vero,
1445 3718 1498 3759 seu

143 3796 358 3876 quinquanguli
381 3796 475 3874 figura
500 3798 681 3859 construitur
705 3799 734 3858 in
759 3794 925 3874 geometria
949 3814 1004 3874 ope
1029 3792 1229 3872 proportionis
1256 3788 1385 3862 divinae,
1409 3808 1498 3867 quam

143 3888 209 3948 volo
235 3883 432 3965 archetypum
456 3887 671 3963 generationis
719 3886 860 3964 Amplius
876 3883 953 3944 inter
968 3893 1081 3944 motum
1102 3880 1184 3942 Solis
1200 3882 1279 3952 (seu,
1303 3885 1337 3939 ut
1353 3895 1408 3956 ego
1425 3897 1497 3937 sen-

144 3975 194 4046 tio,
220 3973 366 4045 Telluris)
392 3982 424 4033 et
449 3974 592 4048 Veneris,
620 3995 695 4054 quae
719 3983 841 4054 praeest
866 3972 1004 4033 facultati
1028 3970 1180 4039 seminali,
1205 3967 1358 4046 proportio
1381 3963 1428 4028 8:
1448 3962 1498 4037 13,

144 4084 219 4143 quae
243 4062 378 4143 proxime
403 4070 451 4122 est
474 4062 584 4136 divina,
620 4074 653 4125 ut
677 4065 841 4125 audiemus.
889 4062 1026 4139 Denique
1050 4060 1160 4120 Terrae
1185 4057 1300 4118 eoelum
1328 4056 1357 4116 in
1383 4053 1499 4133 Cuper-

146 4153 208 4214 uico
242 4150 373 4216 medium
407 4159 455 4212 est
487 4153 565 4213 inter
598 4154 698 4214 coelos
731 4153 840 4214 Martis
872 4160 903 4211 et
932 4149 1076 4220 Veneris,
1111 4145 1390 4226 proportionemque
1423 4143 1501 4204 inter

146 4241 212 4302 illos
236 4251 360 4303 nactum
384 4251 493 4301 estex
518 4242 706 4302 dodecaedro
731 4250 762 4301 et
786 4241 961 4313 icosatidro,
987 4257 1062 4316 quae
1088 4246 1158 4296 sunt
1182 4235 1209 4295 in
1234 4233 1401 4313 geometria
1424 4233 1500 4293 duae

146 4330 266 4392 soboles
294 4329 496 4411 proportionis
530 4330 667 4404 divinae3
700 4330 730 4391 in
754 4331 848 4391 Terra
871 4347 942 4388 vero
976 4333 1081 4387 nostra
1109 4331 1266 4385 exercetur
1296 4319 1501 4400 generationis

147 4437 229 4497 opus.
278 4418 360 4481 Vide
379 4418 454 4496 jam,
480 4421 625 4499 quomodo
650 4439 688 4479 ex
712 4418 904 4498 proportione
929 4415 1030 4476 divina
1058 4414 1186 4475 resultet
1215 4413 1331 4490 efligies
1354 4409 1446 4470 maris
1470 4414 1502 4468 et

148 4507 285 4570 feminae.
332 4506 391 4567 Est
418 4526 484 4567 meo
515 4508 625 4586 judicio
659 4509 763 4568 eadem
789 4506 878 4588 quasi
909 4503 1062 4584 proportio
1087 4490 1294 4563 semindtionis
1328 4498 1500 4576 plantamm
1588 4584 1590 4588 Ι

148 4597 183 4656 ad
208 4606 313 4659 actum
336 4596 539 4672 generationis
570 4597 757 4667 animalium,
791 4614 866 4676 quae
902 4600 950 4653 est
977 4590 1178 4671 proportionis
1211 4586 1414 4668 geometricae
1448 4603 1501 4646 seu

148 4685 232 4748 lineis
267 4703 447 4766 expressae,
486 4686 525 4746 ad
557 4685 781 4766 proportionem
814 4682 1034 4746 arithmeticam
1067 4700 1119 4741 seu
1152 4676 1282 4740 numeris
1316 4691 1500 4753 expressam.

147 4773 217 4837 lam
241 4793 315 4837 vero
340 4772 442 4836 divina
464 4775 619 4856 proportio
643 4774 773 4836 numeris
798 4773 922 4851 exprimi
946 4771 1080 4853 perfecte
1104 4766 1221 4849 nequit,
1252 4762 1378 4846 exprimi
1401 4770 1502 4824 tamen
