3366 5482
692 226 695 233 ’
729 218 934 284 euertissen-
1030 146 1063 197 .
1443 217 1509 284 239

151 372 285 447 omnibns
310 373 475 454 generatim
499 374 626 451 vigeret,
650 383 682 435 et
705 375 769 437 sine
794 395 851 457 qno
874 375 949 441 nihil
964 383 1057 450 esset,
1081 377 1166 455 cujus
1181 375 1385 455 cognitionem
1399 395 1507 456 capere

150 481 230 525 mens
254 472 363 525 nostra
383 470 499 542 posset.
545 464 653 542 Itaque
676 464 753 525 hano
777 465 1002 527 demonstrandi
1028 464 1174 526 rationem
1203 483 1241 526 ex
1265 465 1431 543 geometria
1454 485 1509 527 cen

150 551 284 631 exemplo
315 553 486 613 desumtam
518 552 714 613 excoluerunt
746 560 777 614 et
806 554 835 614 iu
871 554 996 614 formam
1028 554 1104 614 artis
1133 552 1266 632 adeoque
1301 560 1332 614 et
1363 553 1508 624 scientiae

148 639 342 719 redegerunt,
367 659 443 719 quae
468 638 502 700 lo
510 641 593 719 gica
619 640 737 701 dieitur.
786 640 947 703 ‚Vocabula
971 650 1003 702 et
1025 649 1060 702 ut
1080 641 1227 720 loquimur
1250 641 1408 714 terminos,
1434 660 1508 721 quos

149 729 176 788 in
199 728 370 806 geometria
402 736 590 806 repererunt,
626 729 820 790 retinuerunt
839 729 914 789 adeo
939 730 1060 802 crebro,
1094 736 1131 796 ut
1151 747 1262 808 negare
1291 748 1378 790 nemo
1401 729 1508 808 possit.

149 816 197 877 lta
218 816 479 896 hypotheseos
502 835 562 879 von
586 836 700 896 quoque
726 816 926 879 usitatissima
949 826 998 880 est
1025 818 1055 878 in
1071 817 1208 879 doctrina
1221 817 1509 885 demonstrationum

150 905 227 985 apud
248 905 460 971 Aristotelem.
509 902 585 967 Cum
609 905 852 984 itaquelogicae
875 905 1129 991 jurisdictioOper
1152 924 1265 969 omnes:
1278 914 1384 983 pateat
1407 906 1508 976 scion-

150 993 224 1066 tias,
255 1013 294 1054 ex
323 994 423 1073 logica
446 1012 562 1073 quoque
590 994 620 1054 in
645 994 910 1056 astronomiam
937 1013 995 1054 vox
1023 994 1225 1074 hypotheseos
1254 992 1431 1066 introducta
1449 1002 1507 1069 est,

150 1100 223 1161 qnae
247 1083 295 1143 vel
320 1082 384 1143 sine
409 1082 509 1162 logica
531 1090 655 1161 propter
678 1083 760 1143 solas
785 1084 1057 1145 demonstrationes
1080 1083 1111 1144 iu
1131 1082 1318 1144 astronomia
1341 1082 1513 1161 geometri-.

150 1189 199 1231 cas
233 1170 333 1232 etsie
358 1171 485 1249 genuino
510 1170 626 1232 nomine
652 1171 863 1249 usurpabatur.
912 1171 1104 1251 Hypothesin
1124 1179 1226 1232 autern
1249 1170 1278 1231 in
1298 1189 1409 1249 genere
1432 1171 1508 1232 diei-

150 1277 227 1331 mus,
263 1258 405 1338 quidquid
429 1259 467 1319 ad
498 1278 703 1339 quamcunque
737 1260 1024 1322 demonstrationem
1056 1278 1109 1338 pro
1134 1267 1216 1319 certo
1245 1267 1277 1321 et
1304 1260 1509 1320 demonstrato

151 1347 284 1410 affertur.
332 1348 383 1407 Ita
411 1347 439 1406 in
465 1347 544 1407 omni
569 1347 742 1427 syllogismo
767 1348 949 1428 hypotheses
977 1348 1047 1409 illae
1071 1356 1154 1421 sunt,
1185 1365 1259 1425 quas
1288 1347 1510 1426 propositiones

151 1435 211 1496 sive
235 1436 421 1513 praemissas
445 1436 535 1497 aliter
559 1436 696 1496 dicimus.
746 1437 779 1496 ln
804 1436 937 1514 longiore
951 1455 1023 1496 vero
1043 1436 1310 1509 demonstratione,
1334 1454 1410 1514 quae
1429 1436 1508 1497 mul·

151 1531 196 1588 tos
229 1523 324 1584 hahet
353 1523 546 1603 syllogismos
579 1524 805 1598 subordinatus,
844 1525 1006 1602 primorum
1044 1525 1283 1604 syllogismorum
1321 1525 1507 1602 praemissae

151 1611 292 1681 dicuntur,
319 1611 512 1691 hypotheses.
561 1614 610 1673 lta
635 1612 672 1674 in
701 1612 927 1687 astronomicis,
963 1613 1080 1692 quoties
1111 1632 1148 1672 ex
1176 1612 1227 1684 iis,
1258 1631 1335 1692 quae
1363 1612 1393 1674 in
1422 1612 1507 1679 coelo

152 1700 309 1779 dih'genter
333 1707 366 1760 et
388 1709 458 1780 apte
483 1701 593 1762 attenti
617 1701 760 1773 vidimus,
791 1700 902 1780 aliquid
935 1719 1123 1762 numerorum
1146 1708 1178 1762 et
1206 1702 1365 1778 figurarum
1390 1719 1445 1779 ope
1469 1701 1506 1761 de

151 1789 247 1863 stella,
274 1806 364 1868 quam
388 1789 665 1862 observaveramus‚
692 1791 948 1851 demonstramus:
974 1799 1044 1851 tunc
1065 1809 1110 1861 ea,
1135 1808 1224 1868 quem
1243 1789 1304 1850 dixi
1324 1789 1507 1863 observatio,

151 1877 178 1938 in
198 1876 343 1938 instituta
366 1876 621 1940 demonstratione
641 1879 675 1938 fit
698 1878 884 1959 hypothesis,
909 1896 1106 1957 superquam
1128 1876 1288 1957 praecipue
1313 1877 1506 1938 demonstra-

151 1964 190 2029 tio
213 1965 392 2029 exstruitur.

236 2052 378 2129 Genuina
400 2053 474 2114 haec
498 2061 547 2114 est
569 2054 653 2115 vocis
677 2052 855 2134 hypothesis
878 2052 972 2115 notio.
1019 2053 1054 2113 In
1078 2051 1178 2130 specie
1207 2060 1325 2126 tamen,
1355 2071 1422 2112 cum
1445 2072 1503 2115 nu-

151 2160 230 2206 mero
254 2141 456 2203 multitudiuis
479 2143 761 2204 astronomicas
786 2142 912 2203 dicimus
945 2140 1189 2222 hypotheses,
1224 2140 1349 2202 facimus
1372 2140 1403 2201 id
1427 2160 1507 2205 more

151 2231 320 2294 scholarum
343 2230 432 2309 hujus
455 2230 559 2304 seculi,
584 2231 781 2310 designantes
806 2249 950 2290 summam
968 2229 1117 2309 quandam
1136 2229 1364 2308 conceptionum
1379 2229 1507 2291 celebris

153 2319 280 2398 stioujus
303 2318 445 2389 artificis,
475 2319 638 2398 exquibus
658 2328 753 2380 totam
777 2319 828 2381 ille
852 2319 999 2379 rationem
1021 2327 1154 2379 motuum
1183 2317 1359 2379 coelestium
1382 2318 1507 2379 demon-

152 2417 245 2481 strat:
281 2427 341 2487 qua
368 2406 397 2467 in
431 2426 546 2468 summa
569 2407 671 2468 insunt
703 2426 768 2468 cum
792 2407 934 2486 physicae
964 2413 1025 2467 tum
1054 2407 1255 2486 geometricae
1286 2404 1508 2485 propositiones

152 2516 263 2571 omnes,
292 2503 439 2575 quotquot
462 2496 501 2556 ad
524 2503 621 2556 totum
644 2514 718 2573 opus
742 2504 914 2556 astronomo
939 2495 981 2556 illi
1004 2494 1189 2574 propositum
1214 2494 1415 2557 asciscuntur:
1444 2494 1509 2557 sive

152 2585 219 2649 illas
245 2583 367 2645 aliunde
392 2584 431 2643 ad
455 2603 538 2645 suum
564 2585 750 2654 commodum
774 2584 965 2645 transtulerit
988 2584 1114 2652 arufen,
1139 2584 1203 2645 sive
1227 2592 1319 2644 antea
1341 2602 1380 2655 ea
1403 2584 1509 2647 obser-

154 2672 327 2737 vationibus
360 2672 632 2746 demonstraverit,
677 2681 708 2732 et
736 2673 800 2751 jem
838 2673 889 2732 via
919 2672 1082 2751 reciproca.
1110 2691 1212 2734 secum
1250 2673 1460 2736 demonstrata
1491 2691 1511 2732 a

150 2762 285 2825 discente
308 2758 366 2849 sihi
389 2778 443 2820 ceu
468 2760 653 2840 hypotheses
677 2761 800 2821 concedi
823 2761 971 2840 postulet,
997 2781 1034 2822 ex
1058 2761 1164 2840 quibus
1188 2760 1232 2822 illi
1257 2767 1288 2820 et
1311 2778 1363 2821 eos
1387 2761 1509 2840 (quibus

149 2850 232 2915 initio
256 2867 359 2910 secum
382 2849 591 2929 hypothesium
618 2850 683 2909 loco
708 2869 778 2910 usus
803 2852 884 2922 erat)
909 2850 1086 2912 observatos
1101 2849 1259 2910 stellarum
1283 2848 1361 2908 situs
1385 2857 1417 2909 ot
1435 2867 1510 2928 qnos

149 2957 233 3018 porro
248 2937 391 2999 similiter
404 2937 595 3016 apparitnros
611 2945 724 3016 sperat,
743 2938 928 2998 necessitate
943 2937 1132 3019 syllogistica
1150 2937 1425 2999 demonstraturum
1438 2938 1508 3017 pol-

150 3028 283 3090 liceatur.
329 3025 401 3086 Dixi
425 3025 495 3104 quid
519 3026 559 3086 sit
581 3026 769 3106 hypothesis.
820 3026 929 3087 Dicam
956 3034 989 3088 et
1012 3027 1130 3105 qualem
1155 3044 1223 3085 esse
1247 3024 1388 3103 justam
1410 3026 1508 3106 hypo·

150 3116 247 3181 thesin
271 3114 313 3176 sit
336 3132 470 3174 necesse.
832 3136 837 3144 ·
925 3182 927 3186 μ

235 3202 314 3265 Cum
338 3201 368 3263 iu
392 3202 472 3263 omni
502 3202 663 3280 disciplina
693 3209 756 3263 tum
779 3201 808 3262 in
834 3201 1018 3263 astronomia
1041 3219 1171 3280 quoque,
1205 3220 1281 3281 quae
1304 3202 1509 3265 concludendo

151 3293 292 3371 lectorem
316 3291 472 3365 docemus,
508 3310 545 3351 ea
568 3291 647 3351 serio
672 3290 816 3362 lecimus,
846 3289 964 3351 omnino
993 3289 1080 3350 ludos
1108 3309 1166 3352 non
1192 3289 1354 3370 agitantes.
1400 3292 1508 3370 Itaque

152 3380 289 3461 quicquid
322 3386 370 3440 est
402 3380 431 3440 in
462 3379 573 3454 nostris
606 3378 858 3448 conclusionibus,
898 3397 1001 3440 verum
1034 3398 1102 3439 esse
1138 3398 1315 3459 persuasum
1351 3376 1506 3442 habemus.

151 3468 241 3532 Porro
264 3477 300 3530 ut
322 3487 425 3528 verum
449 3468 645 3528 concludatur
668 3468 814 3547 legitime,
848 3468 1070 3548 propositiones
1102 3468 1133 3529 in
1157 3468 1348 3548 syllogismo,
1381 3468 1438 3530 hoc
1461 3476 1509 3531 est

152 3557 333 3639 hypotheses
356 3567 444 3616 veras
469 3575 536 3616 esse
561 3574 685 3616 necesse
710 3565 767 3618 est.
815 3556 890 3617 Tum
914 3557 1032 3617 demum
1056 3557 1134 3619 enirn
1157 3558 1214 3617 tine
1239 3564 1341 3618 nostro
1364 3556 1507 3634 potimur,

153 3657 182 3708 ut
202 3665 308 3708 verum
333 3644 438 3706 lectori
461 3645 670 3717 ostendamus,
695 3664 761 3705 cum
784 3644 961 3725 hypothesis
985 3652 1111 3722 utraque
1136 3645 1322 3724 undiquaque
1346 3663 1419 3705 vera
1441 3645 1508 3723 lege

154 3734 339 3815 syllogistica
370 3733 401 3793 iu
430 3733 651 3793 conclusionem
679 3734 795 3794 directa
823 3732 922 3794 fuerit.
969 3733 1015 3794 At
1047 3733 1073 3794 si
1105 3752 1186 3795 error
1217 3734 1266 3794 vel
1293 3732 1323 3792 in
1352 3742 1508 3812 utramque

154 3825 196 3884 rel
219 3824 250 3884 in
275 3823 456 3885 alterutram
478 3821 713 3901 praemissarum
738 3821 949 3908 hypothesium
971 3822 1134 3901 irrepserit,
1160 3820 1219 3882 etsi
1242 3839 1345 3883 verum
1358 3820 1510 3883 interdum

155 3910 400 3974 inconclusione·
419 3912 563 3988 sequitur,
589 3910 619 3970 id
644 3919 757 3984 temen,
780 3919 813 3970 ut
832 3909 898 3988 jam
921 3909 1035 3988 pridem
1055 3908 1131 3990 Cap.
1161 3908 1187 3970 l.
1213 3909 1271 3970 mei
1294 3909 1389 3988 Myst.
1407 3907 1508 3974 Cosm.

156 4000 298 4079 allegavi,
325 3999 449 4059 fortuito
473 3998 515 4071 fit,
540 4017 595 4060 nec
619 4016 751 4077 semper,
780 3998 833 4059 sed
862 4007 924 4059 tum
952 3999 1071 4060 demum
1099 4018 1166 4060 cum
1189 4016 1271 4060 error
1293 3997 1507 4076 propositionis

156 4089 235 4150 unius
268 4086 400 4149 occurrit
432 4094 539 4165 aptae,
574 4087 621 4146 vel
652 4105 741 4148 verae
770 4087 818 4147 vel
852 4088 963 4161 salsae,
997 4087 1086 4150 alteri
1115 4087 1154 4147 ad
1182 4105 1284 4147 vemm
1317 4086 1506 4158 eliqiendum.

156 4175 287 4255 Exempli
313 4176 379 4237 loco
405 4175 592 4239 latitudinem
616 4175 721 4236 Lunae
746 4173 929 4254 Copernicus
945 4175 1101 4254 supposuit
1120 4195 1178 4237 non
1193 4183 1245 4236 sat
1261 4193 1417 4254 magnam-3
1442 4176 1509 4239 vise

157 4273 199 4327 est
219 4266 273 4327 illa
296 4265 369 4327 olim
393 4282 444 4325 cor
468 4264 578 4341 scorpii
593 4270 706 4341 tegere.
755 4262 940 4342 Copernicus
964 4265 1044 4325 falsa
1072 4264 1128 4325 hac
1149 4263 1507 4346 latitudinitrhypnthesi
1591 4308 1599 4326 .

159 4354 283 4433 conJ'ecit
300 4360 413 4426 tamen,
438 4371 474 4413 eo
488 4360 624 4430 tempore
648 4351 817 4431 oportuisse
841 4352 906 4431 tegi
929 4352 1050 4419 stellam
1075 4352 1204 4419 a.Luua.
1250 4350 1317 4423 Sed
1333 4353 1412 4419 alter
1426 4371 1508 4416 error

159 4442 299 4507 accessit:
332 4440 482 4502 'assumsit
513 4440 592 4501 enim
621 4441 810 4502 latitudinem
840 4441 947 4502 stellae
978 4448 1063 4502 tanto
1092 4441 1238 4511 minorem
1265 4442 1361 4521 justo,
1396 4448 1506 4520 quanto

159 4530 245 4594 minor
263 4531 350 4609 justo
373 4529 500 4591 latitudo
524 4528 629 4590 Lunae
652 4529 819 4591 constituta
843 4530 951 4595 fuerat.
998 4529 1116 4609 Atque,
1145 4537 1181 4593 ut
1202 4530 1242 4597 in
1256 4529 1418 4608 proverbio
1437 4548 1516 4602 me·

160 4629 259 4682 nentur
281 4619 444 4680 mendaces
467 4626 501 4679 ut
524 4618 587 4679 sint
609 4637 775 4690 memores,
808 4619 858 4685 ita,
875 4617 922 4678 hic
947 4617 1042 4685 salsae
1066 4619 1268 4699 hypotheses,
1291 4635 1394 4678 verum
1418 4616 1509 4689 simul

162 4705 277 4771 fortuito
301 4707 514 4783 conducentes,
537 4706 568 4768 in
591 4724 755 4786 progressu
778 4705 1057 4783 demonstrationis,
1081 4706 1131 4771 ubi
1150 4705 1333 4786 aliis„atque
1348 4704 1506 4781 aliisfuer
