3366 5482
618 281 647 331 ln
666 282 738 344 Apol.
757 279 833 343 Tych-
854 286 941 329 centn
958 265 1051 329 baum

440 442 531 503 Qualia
550 455 596 503 ego
615 439 699 488 infelix
717 453 760 502 pro
779 453 879 488 munere
898 451 1001 486 munera
1019 431 1140 486 reddam!

511 512 577 560 Dum
597 512 629 558 sit
646 525 799 558 nummorum
819 512 890 572 copia
908 509 976 556 nulla
994 508 1060 556 mihi.

440 584 481 632 Nil
502 583 567 633 alind
587 597 642 631 cum
662 583 694 628 sit
711 581 770 628 mibi
787 583 839 641 jam
858 596 900 642 pro
919 594 1019 627 munere
1038 593 1135 634 munus,

511 654 613 703 Munere
631 668 674 714 pro
693 659 763 699 tanto
782 666 870 698 munus
888 650 991 699 habebis
1009 650 1083 698 idem.

440 725 545 774 Nescius
565 725 672 786 accipies
690 730 736 770 tua
754 736 856 769 munera
875 720 936 780 (sint
954 720 1013 769 licet
1032 718 1136 783 ampla),

511 795 616 843 Nescius
636 794 742 855 accipies
760 807 800 840 me
818 792 875 841 binc
896 793 1002 840 abeunte
1021 798 1074 839 tua

443 866 497 916 Non
517 881 563 929 ego
583 865 691 913 delector
709 865 822 925 perituris
840 863 878 910 bis
898 864 947 912 cito
965 863 1080 920 nummis,

513 938 612 985 Artibus
631 937 744 998 ingenuis
762 934 859 997 gaudeo
879 934 965 982 adesse
984 933 1072 996 magis.

439 1006 505 1056 Nam
523 1009 602 1055 brevis
622 1013 696 1068 atque
715 1008 763 1053 cito
782 1007 873 1053 nummi
893 1006 1002 1067 peritura
1019 1002 1139 1064 voluptas.

512 1078 583 1137 Quae
602 1078 668 1124 renit
688 1091 718 1124 ex
736 1075 822 1123 studiis
840 1092 889 1123 non
908 1076 1017 1137 peritura
1035 1075 1110 1122 venit.

428 1149 485 1203 ¹Vis
503 1156 630 1212 praestare
649 1146 708 1194 mihi
727 1148 868 1210 gratissima
885 1159 996 1197 munera.
1015 1159 1103 1192 munus

511 1221 597 1282 Adqne
615 1231 684 1265 meas
703 1218 790 1265 redeat
808 1217 938 1279 perditum,
957 1217 1045 1269 amice,
1063 1228 1159 1263 manus.

441 1292 528 1340 Gratia
547 1297 620 1353 grata
638 1289 697 1335 mibi
717 1289 796 1342 luerit,
817 1289 958 1351 gratissima
977 1288 1081 1339 cunctis,

511 1361 587 1409 Nulla
605 1360 687 1407 futura
704 1358 763 1405 mibi
783 1360 865 1421 gratia
883 1365 957 1421 grata
974 1358 1063 1418 magis.

441 1431 467 1481 Si
487 1431 583 1479 dederis
602 1437 701 1478 centum
720 1444 872 1476 nummorum
891 1429 968 1476 millia
985 1428 1059 1485 mille,

511 1505 629 1550 Attamen
648 1502 748 1563 ingrata
767 1506 805 1548 est
823 1501 905 1563 gratia
923 1504 996 1546 tanta
1013 1497 1080 1545 mihi.

439 1573 507 1621 Illius
527 1579 637 1634 aspectu.
657 1573 696 1618 rix
714 1577 813 1633 gratum
832 1571 934 1618 reddere
955 1570 1071 1623 amicum.

511 1643 612 1692 Perdita
631 1642 670 1689 fac
688 1642 800 1693 redeant.
820 1650 905 1705 gratus
924 1642 1017 1688 amicus
1036 1654 1085 1687 ero.

441 1714 466 1763 Si
486 1715 543 1778 qnid
561 1714 655 1761 babent
674 1714 735 1761 certi
753 1712 915 1773 pulcherrima
933 1712 1027 1758 lumina
1046 1709 1107 1758 coeli

510 1785 609 1840 ludicii.
628 1783 751 1831 occultum
770 1783 808 1831 dic
827 1784 887 1831 mihi
905 1783 989 1843 Tycbo
1007 1781 1096 1829 locum.

442 1856 498 1913 Dic,
516 1858 558 1904 nbi
577 1855 698 1918 deponam
717 1861 762 1901 tna
780 1869 884 1902 munera
901 1852 995 1901 tradita
1013 1853 1090 1907 nobis,

510 1927 557 1975 Dic
578 1933 603 1975 et
622 1926 669 1973 eris
687 1926 774 1972 merito
794 1940 900 1989 magnus
919 1923 1005 1987 Apollo
1024 1924 1090 1971 mihi.

442 1996 486 2046 Sin
505 1998 585 2052 aliter,
605 1996 689 2044 dubito
708 1996 832 2045 titubante
850 2003 942 2053 mente,
963 2008 1009 2042 nec
1028 2007 1136 2058 unquam

512 2069 611 2116 Artibus
629 2067 681 2115 ulla
698 2067 746 2114 tuis
766 2067 923 2115 attribuenda
941 2065 1009 2114 fides.

440 2138 512 2188 llaec
531 2138 578 2187 duo
597 2138 617 2185 si
637 2137 739 2193 efficias,
759 2145 803 2185 tua
820 2145 928 2201 tuncque
947 2137 1061 2198 perennis
1079 2137 1104 2184 in
1123 2137 1180 2185 orbe

513 2209 595 2273 Atque
614 2210 660 2256 erit
678 2207 787 2258 Uraniae
806 2210 915 2257 maxima
933 2207 1017 2255 danda
1035 2207 1103 2255 fides.

917 2293 1001 2361 φιλος
1019 2288 1109 2362 ἕτερος
1128 2287 1183 2360 ἔγω
1201 2293 1232 2343 Ν.
1253 2293 1283 2343 R.
1303 2291 1400 2347 Ursus
1418 2313 1481 2363 nrpp

231 2401 314 2451 Minus
331 2404 369 2453 bis
388 2403 496 2452 versibus
515 2404 697 2452 consentientes
717 2402 787 2451 addit
799 2402 875 2451 Ursus
893 2402 974 2451 libelle
993 2417 1036 2449 sno
1052 2400 1107 2458 „De
1120 2402 1296 2450 Astronomicis
1308 2402 1511 2466 Hypotbasibus.⁸

161 2472 311 2535 symonem,
332 2476 376 2531 ait.
395 2491 444 2523 non
463 2490 560 2522 omnem
578 2475 703 2538 possidere
722 2475 869 2536 sapientiam
889 2475 913 2521 in
933 2472 1052 2521 cerebello
1071 2487 1115 2520 suo
1134 2471 1243 2526 Danlco.
1268 2487 1349 2537 neque
1367 2473 1436 2524 illam
1453 2475 1510 2524 inlu·

162 2557 216 2593 sam
235 2559 289 2594 esse
308 2560 351 2608 per
369 2547 422 2595 lata
440 2546 562 2595 foramina
583 2559 658 2594 nasus
677 2545 801 2607 Tycbonis
822 2546 928 2607 praecisi
947 2542 1071 2604 (constat,
1097 2543 1208 2604 Tycboni
1226 2559 1300 2609 quum
1319 2544 1420 2609 Lipsiae
1443 2544 1509 2612 dege·

159 2617 205 2665 bat
232 2621 351 2665 nocturno
376 2624 485 2679 tempore
513 2619 641 2665 commisso
667 2618 802 2664 certamine
820 2616 939 2680 singulari
957 2628 1045 2663 nasum
1074 2615 1149 2663 luisse
1172 2611 1338 2678 praecisum);
1366 2617 1512 2681 problemata

160 2701 218 2751 crgo
237 2686 299 2738 baec
319 2688 385 2737 illum
404 2688 497 2738 solvere
516 2703 565 2736 non
584 2702 667 2750 posse:

444 2773 470 2836 l)
491 2776 560 2826 Zoile
579 2778 599 2823 si
617 2776 716 2838 poteris,
736 2780 763 2822 tn
781 2787 893 2837 quaeque
912 2773 1038 2836 triangula
1056 2773 1136 2822 solvas

530 2848 627 2911 Perque
645 2848 713 2894 sinus
732 2846 795 2892 solos
815 2846 907 2907 absque
926 2851 1043 2906 operante
1062 2858 1146 2893 manu.

491 2917 529 2966 Ut
544 2918 629 2966 divisio
648 2931 695 2965 nec
714 2931 792 2979 neque
810 2914 982 2977 multiplicatio
1000 2914 1053 2970 fiat,

532 2987 570 3037 Sit
588 3003 733 3052 quocunque
750 2988 804 3036 loco
823 2988 944 3034 maximus
962 2987 1014 3048 ipse
1032 2987 1108 3035 sinus.

445 3057 472 3117 2)
493 3058 561 3109 Zoile
580 3062 600 3108 si
618 3060 709 3122 poteris
727 3060 792 3106 notis
811 3058 932 3105 sinibnsve
951 3057 1045 3105 dnobus

378 3191 384 3200 ι
531 3130 578 3179 Pcr
596 3130 699 3178 divisum
717 3143 802 3177 omnes
819 3129 930 3176 invenias
949 3128 1061 3192 reliquos.

444 3197 472 3259 3)
491 3200 556 3249 Noto
575 3215 654 3250 unove
672 3202 728 3249 sinu
745 3215 788 3263 per
807 3200 905 3263 singula
923 3201 1038 3262 scrupula
1056 3206 1167 3253 cunctos,

531 3272 643 3321 Proxime
662 3278 688 3320 et
705 3273 814 3320 invenies
833 3280 886 3320 arte
904 3273 971 3320 sinus
990 3272 1058 3320 alios.

445 3340 472 3402 4)
493 3342 562 3392 Zoile
581 3345 602 3391 si
620 3345 711 3405 peteris
730 3349 850 3406 quantum
868 3343 1034 3406 perpendiculi
1054 3343 1132 3391 omnis

532 3415 654 3477 Triquetri
672 3416 782 3463 invenias
801 3429 845 3476 per
864 3428 1031 3476 canonemque
1049 3416 1130 3462 trium.

445 3481 473 3543 5)
493 3485 541 3534 Dic
559 3486 600 3534 ubi
620 3487 645 3534 in
664 3488 722 3535 erbe
740 3486 808 3534 locus
827 3486 930 3548 repedat
947 3500 994 3548 quo
1014 3486 1120 3547 corporis
1138 3484 1225 3534 umbra

536 3555 593 3615 Qua
611 3556 649 3604 vel
668 3558 694 3605 in
713 3558 796 3620 quovis
815 3556 860 3605 fiat
878 3556 902 3605 id
922 3563 976 3605 arte
993 3554 1067 3604 loco?

234 3659 389 3721 (Secundum
409 3657 625 3716 Delambrum.
645 3661 685 3723 qui
704 3662 729 3708 in
748 3660 813 3708 Hist.
833 3662 899 3708 Astr.
919 3661 1038 3710 Moderne
1058 3660 1114 3709 Vol.
1133 3660 1152 3710 l.
1172 3676 1196 3725 p.
1216 3656 1267 3708 287
1286 3671 1337 3724 sqq.
1358 3658 1463 3722 pluribus
1481 3653 1524 3715 le,

166 3731 228 3781 Urso
252 3733 306 3796 agit
324 3733 424 3793 ejusque
443 3729 531 3778 libellis
551 3731 803 3788 „Fundamento“
824 3739 850 3781 et
870 3733 1069 3794 „Hypothesibus
1089 3729 1305 3789 Astronomiois.“)

235 3869 262 3931 4)
281 3889 305 3936 p.
321 3867 380 3919 2³2.
418 3871 489 3931 Quae
502 3870 539 3919 his
552 3874 699 3933 spectaverit
711 3874 790 3922 verbis
803 3873 902 3935 Tycbo.
922 3875 1053 3936 sequentia
1064 3874 1232 3922 illustrabunt:
1258 3873 1470 3923 Rothmannus
1484 3869 1504 3918 iu

161 3944 237 3992 literis
256 3945 280 3993 d.
294 3943 429 4007 Bernbnrgi
444 3941 521 3990 (1.28.
538 3941 606 4005 Sept.
618 3940 660 3990 94.
680 3947 789 4005 quaerit:
812 3946 885 4007 „qnid
899 3959 991 3994 causae
1004 3953 1051 3998 est,
1064 3945 1129 4008 qnod
1142 3959 1202 4006 opus
1213 3945 1273 3993 illnd
1286 3952 1357 3994 tuum
1374 3945 1405 3995 de
1418 3944 1502 3994 Cone

161 4016 201 4063 tis
214 4016 359 4077 supprimas,
373 4016 516 4076 praesertim
530 4029 586 4062 cum
598 4030 647 4062 non
660 4020 757 4063 tantum
770 4017 829 4064 illud
840 4020 892 4077 jam
905 4017 996 4066 dudum
1009 4017 1083 4065 fuerit
1100 4016 1247 4072 absolutum,
1260 4018 1432 4067 verumetiam
1443 4013 1502 4065 toul!

163 4094 189 4134 et
207 4093 278 4134 tanto
297 4092 406 4156 tempore
434 4093 485 4133 tam
506 4092 572 4133 certo
591 4086 738 4148 promiseris,
762 4094 787 4135 te
806 4088 946 4149 propediem
965 4088 1023 4135 illud
1043 4086 1219 4137 emissurum?“
1258 4087 1297 4136 Ad
1316 4087 1382 4138 haec
1399 4085 1503 4150 Tyolot

162 4193 169 4204 .
190 4192 195 4203 .
217 4192 223 4204 .
244 4157 316 4216 Quod
335 4157 402 4219 Opus
421 4164 530 4204 nostrum
552 4157 661 4204 nondum
680 4158 770 4219 publici
790 4161 851 4220 juris
870 4159 923 4206 fieri
940 4161 1103 4220 permiserim.
1129 4159 1222 4207 multas
1249 4165 1382 4222 etgraves
1399 4175 1438 4209 me
1454 4151 1503 4205 Μ’

161 4234 268 4278 nuernnt
287 4229 403 4276 rationes.
440 4228 616 4290 Praeterquam
636 4230 743 4276 enimin
763 4265 768 4276 .
791 4266 795 4276 .
817 4265 822 4274 .
843 4229 1051 4277 observationibus
1068 4231 1208 4293 xplurimum
1232 4229 1358 4279 indefesso
1376 4230 1453 4280 studio
1468 4221 1502 4273 ali·

162 4299 224 4363 quet'
237 4301 290 4360 iam
309 4299 431 4346 continuis
450 4301 521 4347 annis
540 4299 657 4355 cudarim,
677 4300 755 4348 multa
774 4302 849 4350 etiam
867 4308 997 4361 praeterea
1015 4301 1089 4364 longo
1105 4305 1158 4363 jam
1171 4301 1437 4363 temporeinctdernnt.
1453 4301 1503 4361 q⁰²⁰

161 4386 201 4419 me
220 4371 269 4417 otio
288 4369 334 4416 frui
353 4368 518 4430 philosophico
538 4377 562 4417 et
581 4369 690 4418 Uraniae
708 4373 798 4423 sacris.
823 4377 895 4433 prout
912 4372 1015 4426 vellem,
1043 4373 1115 4422 litare
1133 4387 1182 4420 non
1201 4374 1373 4433 permiserunt.
1409 4360 1504 4422 Aectt‘ll

162 4450 188 4490 et
205 4441 265 4495 hoc.
294 4441 357 4502 quod
377 4442 454 4488 nostri
472 4443 539 4488 circa
558 4449 708 4490 cometarum
732 4444 889 4505 apparentiae
909 4451 1027 4492 accurate
1047 4442 1215 4508 disquirendas
1228 4443 1325 4491 labores
1337 4431 1502 4505 plastenpoffl

162 4511 330 4574 requisierint,
357 4525 431 4572 quarn
450 4513 540 4575 ingrati
559 4512 667 4559 nonnulli
686 4512 811 4564 homines,
840 4514 950 4576 adeoque
970 4530 998 4562 er
1018 4517 1093 4578 ipsis,
1117 4515 1157 4578 qni
1176 4513 1361 4576 disciplinarum
1381 4523 1406 4565 et
1422 4507 1502 4577 quidet!

161 4582 393 4632 matbematicorum
413 4597 521 4631 amorem
539 4585 717 4648 scientiamque
736 4585 802 4633 haud
820 4586 947 4632 minimam
965 4586 1140 4647 praetendunt,
1161 4598 1297 4647 agnoscere
1315 4587 1445 4648 potuerint.
1470 4573 1501 4652 ΙΨ

162 4661 201 4702 ter
219 4668 279 4716 quos
303 4668 367 4702 nnus
393 4657 537 4715 praesertim
557 4661 608 4709 est,
637 4657 677 4716 qni
700 4671 750 4703 non
778 4655 865 4703 saltem
893 4656 973 4704 nullas
997 4658 1055 4705 milri
1074 4671 1149 4720 agere
1168 4657 1261 4719 gratias
1288 4671 1332 4718 pro
1359 4664 1397 4705 tot
1412 4649 1501 4719 vigilat!

163 4726 288 4780 noctibus,
317 4731 355 4774 tot
374 4727 481 4788 erogatis
500 4725 616 4786 impensis
635 4739 739 4788 aequum
759 4729 895 4781 censuerit.
924 4728 968 4775 sed
996 4736 1020 4776 et
1039 4728 1242 4784 oblocutionibus,
1261 4727 1450 4789 perversionibus
1465 4714 1499 4765 ll·

162 4809 209 4842 nos
225 4794 342 4858 impetere
361 4811 410 4844 non
430 4798 559 4845 erubuerit.
584 4794 609 4843 Is
626 4811 690 4855 vero,
711 4799 750 4861 qni
769 4811 829 4860 prae
842 4799 929 4847 ceteris
948 4806 1058 4847 nestrum
1076 4800 1100 4847 in
1119 4812 1146 4846 re
1165 4799 1286 4847 cometica
1298 4798 1406 4848 studium
1422 4793 1500 4848 elam*⁰
