3366 5482
618 248 649 297 dc
668 248 739 297 robur
764 250 925 314 astrologicis.
1298 256 1302 262 '
1385 248 1450 317 333

130 401 158 453 lo
176 417 229 452 nou
249 405 312 468 agit.
347 403 475 454 Naturalis
495 405 563 454 calor
591 421 620 455 eo
638 407 735 461 tortior,
765 423 812 471 quo
837 409 950 471 propior,
979 414 1005 456 et
1025 415 1120 459 eontra.
1158 406 1187 456 lu
1206 407 1271 459 Solia
1289 423 1345 459 vero
1369 411 1450 461 calore

130 472 217 524 little
237 483 293 531 ert,
318 489 376 523 nam
394 491 436 538 pro
455 477 551 526 ratione
571 477 704 527 distantiae
724 493 740 527 a
758 479 836 527 Terre
859 478 926 527 calor
950 492 1000 526 nou
1031 485 1136 543 augetur
1165 478 1201 527 rel
1227 481 1358 540 minuitur,
1385 483 1450 545 quod

130 558 166 595 me
184 546 249 594 ratis
267 553 383 608 apparet,
410 548 451 595 ubi
470 546 511 595 Sol
530 548 606 596 multo
625 550 729 611 propior,
748 564 823 612 quarn
842 555 957 604 aestate,
988 556 1014 597 et
1033 555 1118 599 tamen
1136 551 1217 598 minus
1237 550 1365 607 calefacit3
1389 553 1448 602 item

130 621 186 665 ortu
204 624 232 664 et
249 630 340 665 occasu
360 618 422 666 alita
440 626 537 666 tantum
557 619 719 673 calefaceret,
748 627 868 683 quantum
893 621 917 668 iu
947 621 1057 675 meridie,
1083 622 1102 668 si
1127 621 1274 669 naturaliter
1295 629 1393 685 ageret;
1423 630 1449 672 at

130 693 157 737 h
174 688 374 751 magnitudinem
393 689 478 752 auguli
498 690 635 737 reflexionis
654 690 777 738 radiomm
797 693 865 754 agit,
892 696 918 738 et
946 692 992 738 nisi
1018 692 1102 740 radius
1127 693 1152 739 in
1171 690 1247 745 Terra
1272 693 1448 749 reflecteretur,

130 772 175 809 u
194 759 284 807 calone
304 773 319 808 a
338 758 395 808 Sola
414 762 567 808 sentiremus.
604 760 669 809 Hinc
689 763 713 808 iu
733 767 790 809 atre
810 762 889 809 nullus
909 761 946 810 vel
966 763 1068 826 exiguus
1087 763 1162 820 calor,
1192 764 1239 810 irno
1259 761 1304 811 sub
1326 762 1384 812 Sole
1402 767 1447 813 nri·

130 842 172 879 em
190 829 298 878 worem
317 845 371 879 esse
391 832 501 879 exhumo
521 828 589 891 (cum
608 832 678 880 nulla
696 833 795 880 reflexio
818 834 842 879 in
862 832 963 881 aethere
976 830 1139 895 heripossit),
1159 847 1233 897 quam
1252 835 1277 881 in
1290 833 1367 883 Terra
1385 836 1447 899 ipsa.

130 906 186 951 im
203 914 299 964 quoque
318 901 366 949 loci
385 909 461 966 auget
479 917 522 964 per
541 902 656 951 accidens
675 903 812 952 reflexionis
825 905 902 959 vires,
924 903 1005 959 arida,
1026 917 1144 959 arenosa,
1165 910 1297 961 montana,
1317 905 1450 968 sulphurea

130 984 157 1028 ι.
185 977 215 1020 ut
231 986 277 1034 per
295 986 322 1020 se
341 972 442 1028 calida,
465 975 537 1021 citius
556 974 673 1022 calefiunt
691 981 717 1022 et
734 974 820 1022 fortius
839 975 997 1022 reverberant
1015 974 1111 1030 radios,
1140 982 1227 1024 contra
1244 974 1345 1024 humida
1364 982 1390 1025 et
1406 977 1447 1026 iri·
1515 1026 1521 1033 ,

130 1041 221 1093 bioca
239 1041 331 1091 Terrae
349 1043 452 1091 iaciunt
489 1044 556 1093 Hinc
575 1054 633 1106 puto
654 1054 679 1093 te
697 1045 772 1093 lacile
791 1052 989 1107 perspecturum,
1018 1046 1238 1095 inflammationem
1264 1061 1314 1095 uon
1333 1061 1387 1097 ease
1405 1062 1447 1097 ex·

130 1126 185 1163 mm
203 1113 293 1162 caloris
311 1114 447 1170 naturalis,
477 1116 572 1163 ratione
591 1117 666 1178 ipsius
687 1115 762 1174 Solis,
793 1117 837 1164 sed
859 1117 950 1164 saltem
974 1117 1112 1165 reflexionis
1138 1117 1300 1166 accidentalis
1325 1126 1447 1182 respectu.

130 1198 152 1249 go
171 1185 249 1234 etiam
268 1186 294 1232 iu
313 1184 404 1234 talibus
423 1187 567 1234 transitibus
587 1187 686 1234 reflexio
705 1188 794 1248 potius,
815 1201 887 1251 quam
906 1188 958 1250 ipse
978 1185 1019 1236 Sol
1039 1187 1231 1236 considerandus
1250 1189 1312 1244 erit,
1332 1190 1380 1238 imo
1399 1189 1447 1239 hac

130 1256 323 1304 mutuantibus
342 1255 376 1303 illi
394 1271 438 1319 per
457 1262 580 1305 aestatem
600 1257 650 1305 talo
669 1259 726 1320 quid
746 1258 862 1307 iuducere
881 1265 991 1321 possunt,
1010 1273 1058 1306 non
1078 1272 1134 1307 vero
1153 1257 1242 1307 meme.

173 1343 386 1423 Keplerns:
422 1344 546 1406 Solem
572 1365 677 1406 nocere
703 1346 783 1409 dico,
815 1357 846 1405 ut
871 1366 974 1406 omnes
999 1347 1150 1425 planetas,
1182 1366 1255 1407 sane
1281 1356 1313 1407 ut
1332 1346 1444 1424 dixisti,

129 1432 313 1494 caecidens.
361 1434 407 1493 De
430 1434 477 1494 his
502 1434 578 1494 satis
602 1454 692 1511 supra
708 1444 738 1493 et
768 1434 795 1493 in
811 1434 959 1513 prioribus
975 1434 1070 1496 literis
1087 1431 1288 1514 (patim).
1332 1434 1393 1497 Sed
1409 1437 1445 1498 de

130 1519 254 1583 eSolis
278 1521 454 1602 propinqua,
479 1533 611 1595 remota,
645 1523 849 1600 disputantem
875 1531 904 1583 te
929 1525 1030 1602 relego
1055 1524 1093 1584 ad
1117 1523 1338 1603 propositiones
1362 1544 1446 1586 meas

130 1608 194 1671 titis
224 1610 311 1688 primi
335 1612 531 1690 Astrologiae
563 1617 598 1679 (h.
613 1634 633 1668 e.
650 1620 736 1669 Thasie
749 1620 780 1666 V.
795 1635 845 1684 sqq.
866 1620 941 1669 libelli
959 1622 1058 1684 saepius
1077 1620 1145 1677 dicti,
1165 1621 1207 1684 qui
1225 1622 1290 1670 inira
1306 1619 1444 1687 sequetur).

140 1696 198 1761 Sol
228 1699 276 1759 hic
306 1698 375 1758 mihi
407 1710 469 1760 tam
493 1719 586 1779 prope
617 1702 759 1761 uerticem
784 1702 898 1761 veniret
923 1720 1025 1761 iriense
1050 1699 1210 1761 Decembri
1236 1713 1265 1762 et
1288 1701 1444 1776 Januario,

130 1806 149 1849 a
174 1787 368 1861 calefaceret,
384 1786 485 1868 'quam
510 1788 538 1849 iu
563 1790 662 1867 capite
686 1791 783 1849 honae
809 1791 885 1869 spei.

172 1876 221 1938 De
250 1876 359 1937 ceteris
392 1879 430 1937 ad
459 1878 589 1938 calorem
613 1878 847 1938 circumstantiis·
872 1877 1035 1950 assentior,
1071 1876 1124 1936 sed
1153 1876 1224 1939 nihil
1254 1887 1361 1939 coutra
1384 1899 1441 1954 me,

130 1964 160 2026 nt
185 1965 335 2038 callebas,
369 1966 541 2045 priusquam
571 1968 727 2028 scriberes.
776 1968 859 2026 llaec
889 1966 989 2025 omnia
1022 1974 1121 2026 tamen
1147 1967 1219 2027 nihil
1250 1967 1291 2028 ad
1319 1977 1442 2028 traus-

130 2073 180 2130 ιι,
214 2072 338 2133 quorum
363 2056 497 2133 operatio
522 2075 579 2115 nou
604 2057 675 2116 talis
700 2065 762 2128 est,
789 2055 907 2134 qualem
928 2055 957 2114 in
983 2054 1081 2133 prima
1105 2063 1192 2133 parte
1218 2054 1443 2117 dissertationis

130 2140 200 2225 ipsi,
226 2151 257 2202 et
282 2150 311 2207 lu
334 2161 388 2222 per
411 2144 601 2204 reflexionem
628 2144 741 2218 definis,
767 2144 819 2203 sed
843 2163 914 2222 pars
938 2142 1162 2221 imaginationis
1188 2152 1245 2205 est.
1293 2142 1385 2215 Sane,
1409 2152 1443 2205 ut

130 2232 238 2293 :Mars
263 2231 292 2291 in
318 2244 384 2292 ortu
409 2251 462 2292 suo
484 2232 600 2294 directa
615 2233 731 2293 actione
752 2252 859 2311 corpus
877 2231 1001 2311 perurit,
1028 2231 1079 2292 sed
1103 2231 1317 2311 imaginatione
1336 2232 1442 2294 Martii

130 2321 201 2382 toris
226 2321 342 2381 animus
366 2321 517 2382 choleram
541 2322 672 2400 plantat.
720 2322 814 2381 Potes
833 2321 901 2381 hinc
927 2320 1014 2380 l'acile
1039 2320 1075 2379 de
1091 2320 1268 2381 transitibus
1286 2320 1439 2400 colligere.

130 2428 160 2472 m
183 2408 239 2471 Sol
263 2409 375 2470 transit
398 2429 494 2470 meum
518 2412 698 2482 ascendens,
720 2418 751 2469 ut
770 2410 858 2469 hodic
874 2406 1000 2483 25011,
1026 2408 1096 2488 quid
1119 2408 1200 2469 urit?
1223 2410 1303 2470 Num
1323 2411 1440 2471 terras?

130 2518 171 2574 te3
204 2499 258 2560 sed
284 2517 368 2558 meae
393 2518 450 2558 nou
476 2509 554 2560 sunt.
604 2500 683 2560 Num
709 2499 780 2559 ure?
827 2500 911 2570 h'on;
936 2496 1026 2557 sedeo
1052 2497 1216 2572 inumbra,
1241 2498 1377 2559 scribens
1402 2500 1438 2559 ad

130 2588 262 2651 bricium.
312 2585 392 2657 Quid
418 2588 508 2666 ergo?
554 2588 632 2648 Puto
658 2607 755 2647 meum
780 2586 957 2648 ascendens.
1004 2585 1063 2647 Ubi
1088 2585 1181 2646 illud?
1205 2606 1261 2647 uon
1286 2587 1315 2649 in
1340 2588 1439 2660 coelo;

130 2695 178 2740 rra
200 2676 280 2736 enim
301 2676 358 2736 luit
379 2675 408 2735 iu
434 2691 481 2747 m,
505 2696 550 2736 me
567 2686 726 2737 nascente:
752 2677 829 2736 alius
846 2675 933 2735 situs.
981 2674 1128 2753 Nuspiam
1147 2668 1238 2753 igitur
1256 2676 1312 2737 lroc
1329 2695 1438 2737 ascen-

130 2782 169 2842 us,
193 2765 251 2826 uisi
276 2766 304 2826 in
329 2765 519 2838 charactere,
546 2767 593 2844 qui
619 2784 684 2825 meo
709 2765 807 2824 animo
832 2772 880 2824 est
904 2764 1080 2841 impressus,
1115 2764 1199 2841 cujus
1228 2772 1276 2824 est
1299 2765 1441 2843 analogia

130 2872 245 2917 muum
269 2873 336 2915 cum
360 2853 505 2914 similibus
530 2855 605 2914 coeli
631 2854 778 2933 partibus.
822 2853 892 2913 Sole
918 2870 988 2930 ergo
1014 2851 1148 2930 geminos
1164 2851 1347 2927 ambulante,
1372 2872 1440 2913 mea

130 2938 213 3006 tultus
237 2942 377 3004 animalis
402 2962 558 3004 accessum
575 2942 656 3004 Solis
680 2941 883 3003 characteritii
909 2940 1090 3018 imaginatur
1109 2939 1146 2999 ad
1162 2946 1260 3001 ortum
1276 2941 1437 3002 characte-

130 3030 193 3096 ium
233 3033 393 3093 Modilicas
418 3033 566 3093 actionem
591 3033 670 3093 Solis
698 3049 882 3109 repercussu.
932 3027 1074 3101 Omnino,
1107 3028 1146 3088 mi
1169 3028 1305 3102 Fabrici,
1340 3029 1437 3109 primo

130 3130 214 3201 pactu
240 3121 374 3186 calfacit.
419 3121 578 3199 Distingue
603 3122 680 3182 inter
699 3129 798 3179 ustum
814 3128 845 3179 et
860 3125 987 3178 aestum.
1035 3116 1227 3194 Repertussu
1252 3119 1299 3191 (et
1322 3136 1357 3179 eo
1379 3136 1437 3179 uon
1504 3116 1505 3119 ’

130 3211 227 3293 uplici,
266 3211 320 3271 sed
354 3218 500 3289 quatenus
535 3211 630 3271 lucem
654 3211 765 3269 'l‘errae
798 3205 1040 3278 communicavit,
1078 3223 1154 3285 qnae
1178 3205 1244 3285 jam
1269 3225 1327 3266 non
1351 3214 1384 3268 ut
1408 3208 1436 3268 in

130 3312 259 3379 percussu
292 3299 322 3360 in
347 3318 436 3359 unum
462 3307 604 3377 puuctum
633 3297 748 3371 radiat,
784 3297 837 3356 sed
860 3296 950 3376 plane
983 3294 1010 3355 in
1036 3294 1156 3367 orbem)
1180 3301 1285 3357 aestus
1319 3305 1439 3357 creatur

130 3386 182 3465 ἡ,
208 3389 341 3468 impactu
364 3389 473 3467 primo..
488 3389 556 3449 urit.
606 3389 700 3448 Totus
734 3386 893 3446 haeresin
925 3403 1031 3445 crassa
1061 3384 1115 3445 illa
1138 3384 1327 3462 operatione,
1362 3403 1438 3464 quae

130 3492 190 3538 utus
213 3477 357 3550 incurrit;
383 3496 532 3555 nunqnam
557 3480 656 3555 aperis
682 3475 790 3535 ruentis
815 3475 941 3546 oculum,
967 3491 1024 3551 quo
1048 3473 1251 3534 harmonicam
1276 3472 1438 3534 connexio-

130 3582 155 3627 ω
174 3566 346 3627 animalium
370 3566 547 3626 facultatum
573 3575 641 3626 cum¹
663 3565 813 3625 coelorum
828 3562 957 3623 motibus
972 3562 1127 3640 inspicias,
1153 3581 1228 3642 quae
1249 3563 1278 3622 in
1295 3561 1436 3623 directio-

130 3649 184 3731 lus,
206 3656 401 3728 transitibus,
432 3655 682 3722 revolutionibus,
717 3653 890 3730 spaectibus
916 3650 1151 3729 meteorologica
1173 3669 1249 3730 pene
1273 3651 1357 3711 unice
1381 3649 1437 3712 do-

130 3738 219 3807 haur.

155 3848 328 3900 Fabricius:
358 3848 387 3897 ln
407 3847 624 3897 dissertatiuncula
642 3853 687 3895 tua
706 3845 790 3894 scribis
809 3841 894 3904 (Thes.
915 3843 946 3891 V.
966 3839 1029 3908 ιφ),
1055 3843 1136 3894 Solem
1159 3859 1209 3893 non
1227 3845 1379 3907 potissimum
1399 3858 1437 3894 re·

130 3916 186 3971 time
203 3921 241 3970 rel
260 3920 392 3970 altitudine
411 3934 485 3982 supra
502 3918 662 3974 horizontem,
682 3917 726 3965 sed
745 3916 848 3979 longiori
866 3916 947 3978 potius
967 3928 1036 3963 mora
1055 3914 1202 3975 caleiacere,
1221 3915 1391 3965 demonstraus
1410 3916 1436 3964 id

130 3992 166 4040 ω
179 3994 296 4057 temporis
315 3990 476 4054 pomeridiani
496 3995 655 4052 augescente.
694 3987 719 4037 Si
739 3987 785 4035 hoc
805 3985 928 4034 interdum
947 3985 1052 4040 eccidit,
1082 4000 1131 4034 non
1150 3992 1217 4034 certe
1236 3987 1261 4034 iu
1279 3985 1438 4049 hyperboreis

130 4059 208 4123 hebi
231 4064 285 4113 dies
310 4069 349 4111 ert
367 4059 383 4108 6
402 4063 530 4110 mensium.
569 4059 633 4107 Nam
663 4060 694 4108 ibi
720 4061 745 4106 in
765 4063 862 4106 aestate
891 4057 1075 4121 frigidissimum
1095 4064 1140 4105 ert.
1178 4056 1243 4121 Ergo
1263 4057 1375 4107 adducta
1391 4064 1439 4107 tua

130 4132 272 4185 biuralida
289 4140 336 4184 est.

169 4222 370 4303 Keplerus:
405 4220 539 4281 Tandem
568 4237 665 4277 meam
694 4215 992 4277 dissertatiunculam
1015 4215 1157 4288 adoriris,
1192 4217 1246 4277 sed
1271 4216 1458 4298 oscitanter*

140 4309 245 4375 infelici
268 4311 413 4390 auspicio.
462 4307 495 4368 Si
515 4307 568 4367 Sol
598 4325 681 4366 mora
704 4306 884 4378 calfaceret,
915 4305 1011 4382 major
1035 4313 1138 4365 aestus
1163 4305 1191 4365 in
1216 4305 1348 4366 hibernie
1370 4305 1435 4364 Ba-

130 4399 343 4463 immersat?
390 4397 560 4459 Succenseo
585 4395 654 4466 tibi,
687 4395 736 4474 qui
761 4413 818 4453 uon
842 4393 1054 4454 totamthesin
1079 4392 1189 4472 legisti.
1237 4394 1342 4454 Mora
1364 4411 1436 4471 pars

130 4506 190 4553 tere
208 4499 271 4565 eet,
296 4486 605 4563 incidentia'pars
630 4492 690 4551 est,
716 4483 817 4543 aeris
842 4482 1038 4543 crassities
1062 4501 1134 4562 pars
1154 4490 1214 4554 est,
1239 4482 1435 4560 impactum

144 4576 253 4642 'l'erra
280 4577 402 4657 frigus
424 4575 518 4636 multo
542 4572 765 4657 maximepars
789 4579 847 4631 est.
889 4569 988 4631 Pudet
1012 4590 1067 4646 me,
1097 4578 1234 4650 repetere
1259 4587 1296 4628 ex
1320 4567 1435 4629 disser-

130 4660 255 4731 limcula
302 4668 409 4746 Itaque
434 4662 602 4726 circumduc
628 4660 699 4721 mihi
715 4659 818 4721 Solem
842 4660 870 4719 iu
893 4657 954 4720 illis
979 4659 1111 4721 hibernis
1135 4666 1198 4719 tam
1219 4656 1322 4732 altum,
1347 4674 1437 4737 quam

130 4754 163 4819 d
179 4776 236 4821 uos
259 4764 319 4830 eet,
342 4754 461 4817 videbis
484 4751 645 4812 veritatem
669 4748 869 4832 pronunciati.
