3366 5482
619 266 741 317 derebus
760 267 920 334 astrologicis.
1382 270 1446 339 325

132 432 181 541 puna
210 429 237 471 et
262 421 481 472 electionibus
500 422 609 472 statuis?
645 424 717 474 Multi
743 440 861 491 magnam
887 427 933 476 illis
961 427 1100 479 efficaciam
1129 430 1246 481 tribuunt.
1284 387 1337 497 ligo
1362 440 1449 484 coutn

155 506 178 541 o.

178 580 389 661 Keplerus:
430 581 476 642 De
511 583 764 646 inclinationibus.
817 584 1065 659 Consideremus,
1098 587 1166 669 qnid
1200 589 1240 650 sit
1272 590 1445 654 inclinatio:

132 669 248 733 :binatio
278 681 325 731 est
343 671 526 748 promtitudo
557 672 594 731 ad
620 681 732 734 certum
762 675 882 754 aliquod
913 676 1064 755 negotium
1093 677 1139 738 vel
1165 678 1323 752 affectum,
1351 689 1386 741 ut
1408 682 1446 741 ad

135 778 181 834 nr,
215 760 359 830 caedem,
395 759 506 820 furtum
531 761 583 822 dre.
631 762 728 822 Vides
753 764 790 823 ad
817 764 885 824 illas
914 763 1102 826 occasionem
1137 766 1260 844 requiri;
1294 787 1364 847 ergo
1389 789 1446 830 non

132 867 173 910 ac
197 848 236 908 ab
261 847 393 910 humore.
444 849 485 908 At
510 850 538 910 in
563 869 682 928 genere,
707 853 731 913 si
759 850 883 913 definias
908 853 1122 932 promtitudine
1142 854 1179 913 ad
1204 874 1252 916 res
1272 855 1445 918 melancho-

132 957 163 999 as
187 938 258 1008 fre,
288 936 366 996 idern
392 938 545 1016 peridem
570 939 757 1020 explicatum
795 940 866 1002 nihil
902 961 1005 1020 nempe
1040 943 1112 1002 hunt
1136 943 1232 1012 aliud,
1269 949 1358 1024 qnam
1381 945 1446 1025 ipse

130 1045 204 1088 mor.
251 1025 407 1086 Austriaci
432 1026 552 1088 dicunt:
587 1029 652 1089 llas
676 1028 803 1090 istacin
828 1030 951 1092 Humor.
993 1030 1109 1092 Humor
1133 1032 1243 1092 transit
1268 1053 1285 1093 a
1308 1034 1445 1113 parenti-

132 1135 154 1189 s,
180 1114 376 1194 implantatur
398 1115 672 1194 imaginationibus,
698 1118 835 1195 provenit
850 1119 940 1180 certis
955 1119 1039 1191 locis,
1064 1127 1191 1198 augetur
1205 1120 1294 1195 victu,
1321 1130 1354 1182 at
1373 1130 1445 1183 tan·

132 1203 241 1265 nmodo
265 1202 462 1266 materialiter
485 1214 516 1265 et
540 1206 635 1284 magis
658 1206 890 1285 particulariter.
939 1207 1034 1269 Astra
1052 1227 1121 1268 roro
1141 1227 1247 1269 revera
1267 1219 1446 1272 concurrunt

132 1291 373 1373 agencrationis
398 1293 513 1355 formali
539 1295 665 1355 ratione.
712 1295 792 1356 Nam
822 1296 847 1355 si
873 1294 936 1355 rita
968 1296 1094 1357 hominis
1120 1297 1187 1356 fusa
1219 1297 1260 1357 sit
1283 1298 1382 1359 Marte
1416 1298 1445 1360 in

132 1401 157 1443 ’,ιι
180 1389 332 1455 versante,
357 1381 487 1444 facultas
513 1383 623 1457 vitalis,
648 1394 769 1463 recepto
786 1385 841 1444 hoc
861 1384 1045 1456 charactere,
1072 1385 1181 1445 format
1197 1386 1351 1446 consimile
1374 1406 1444 1448 cor-

132 1491 144 1531 s
168 1483 200 1531 et
224 1471 392 1541 humorern;
426 1490 483 1531 non
509 1482 609 1531 tamen
635 1483 667 1533 ut
694 1473 813 1551 penitus
838 1473 920 1532 eluat
945 1483 1099 1551 acceptum
1124 1475 1353 1551 aparentibus,
1380 1476 1444 1548 sed,

132 1558 322 1637 alemcunque
351 1558 393 1618 sit
421 1568 526 1631 nacta,
561 1560 686 1620 inflectit
717 1568 748 1621 ct
773 1571 860 1639 aptat
891 1561 927 1621 ad
953 1562 1113 1622 coelestem
1139 1562 1352 1624 characterem.
1400 1563 1443 1624 Tu

132 1666 174 1709 rra
197 1647 307 1726 insigni
330 1657 417 1726 parte
437 1648 523 1727 ponis
544 1649 786 1710 exordinatione
807 1649 921 1722 divina;
947 1668 1001 1729 ego
1026 1649 1136 1728 insigni
1159 1658 1245 1729 parte
1271 1672 1306 1711 ex
1333 1652 1443 1730 imagi·

132 1735 229 1809 tione,
253 1736 464 1815 impressione,
490 1737 676 1816 receptione,
705 1737 881 1798 formatione
907 1738 1084 1799 facultatum
1104 1737 1287 1814 animalium,
1313 1740 1443 1800 indidem

132 1824 277 1887 linatione
302 1824 412 1885 divina.
461 1824 604 1899 Quaeris,
634 1845 686 1888 cur
709 1845 766 1886 noa
792 1826 819 1886 in
849 1844 956 1904 corpus
982 1826 1187 1906 imprimatur?
1234 1826 1314 1897 Quia
1337 1847 1443 1907 corpus

132 1913 246 1975 serrare
279 1922 310 1974 et
338 1914 470 1975 crassius
503 1923 559 1975 est.
608 1915 719 1993 Figura
749 1915 824 1975 coeli
858 1923 978 1975 constat
1007 1915 1172 1976 rationibus
1201 1916 1379 1978 harmonicis
1413 1924 1444 1977 et

132 2000 337 2081 elligibilibus.
386 2001 471 2082 Opus
497 2003 587 2082 igitur
610 2002 652 2064 illi
678 2004 824 2066 consimili
849 2002 994 2080 subjecto,
1020 2004 1066 2065 cui
1102 2003 1301 2083 imprimatur3
1336 2005 1365 2066 id
1397 2014 1443 2065 est

132 2089 217 2153 :uitas
242 2091 379 2152 animalis
403 2091 461 2152 luci
486 2103 517 2152 et
541 2092 703 2154 harmoniis
728 2100 866 2171 cognata.

179 2178 506 2258 Interrogationes
531 2181 657 2241 damnas
682 2189 714 2242 ut
738 2200 811 2260 opus
827 2180 938 2241 liberae
955 2180 1127 2241 voluntatis.
1176 2181 1259 2241 Nota
1275 2183 1350 2242 hanc
1366 2202 1440 2242 cau-

132 2274 170 2342 ri,
203 2286 411 2348 necunquam
436 2270 641 2331 contrahanc
666 2269 776 2342 facias;
811 2270 854 2330 sic
877 2287 992 2329 mecum
1015 2269 1104 2346 plane
1130 2269 1231 2329 facies.
1274 2269 1443 2330 Electio-

135 2374 246 2417 srero
280 2376 316 2416 ne
349 2357 377 2417 in
403 2359 527 2419 eundem
552 2378 673 2419 censum
702 2358 854 2437 conjicias.
903 2356 1019 2437 Scripsi
1046 2359 1081 2417 de
1107 2356 1142 2417 iis
1176 2367 1276 2419 antea.
1323 2359 1368 2418 De
1394 2358 1442 2418 in-

132 2445 244 2507 msibus
269 2453 299 2505 et
323 2446 525 2507 lunationibus
549 2448 617 2507 vide
642 2466 737 2507 meam
762 2446 1068 2508 dissertatiunculam.

159 2532 368 2582 Fabricius:
398 2534 545 2594 Quaeritur,
570 2550 602 2583 an
621 2535 776 2598 planetamm
795 2536 859 2584 vires
878 2534 909 2583 ab
928 2534 979 2582 alia
996 2534 1069 2583 stella
1088 2535 1173 2597 augeri
1192 2534 1229 2582 rel
1248 2534 1369 2583 debilitari
1387 2550 1442 2597 pos-

132 2602 160 2653 ti
198 2603 277 2653 Credo
296 2619 381 2653 omnes
400 2605 484 2654 stellas
504 2613 529 2655 et
548 2607 662 2669 planetas
682 2621 736 2656 esse
755 2606 861 2663 calidas,
888 2612 914 2653 et
932 2605 1024 2654 nullum
1043 2605 1157 2668 frigidum
1176 2604 1214 2653 rel
1233 2605 1358 2653 humidum
1377 2620 1443 2660 esse,

151 2681 222 2726 urta
240 2676 336 2724 ratione
354 2678 476 2739 respicere
496 2677 604 2740 aliquam
622 2677 767 2741 qualitatem
792 2679 817 2725 in
837 2676 1028 2726 elementaribus
1047 2676 1131 2733 rebus,
1160 2690 1234 2739 quam
1253 2676 1339 2725 astreli
1358 2677 1381 2724 ri
1400 2690 1442 2726 ex-

132 2750 195 2796 stet
213 2746 315 2801 animet,
335 2754 363 2795 ut
381 2748 503 2810 quaedam
522 2748 622 2807 herbae,
642 2763 706 2811 quae
725 2748 807 2797 Solem
826 2748 967 2810 respiciunt,
986 2746 1109 2810 quaedam
1125 2747 1212 2796 Lunae
1231 2755 1325 2796 motum
1343 2747 1442 2796 imitan-

145 2822 173 2867 οι
190 2822 318 2866 mutantur
335 2818 418 2880 quovis
436 2833 529 2875 mense,
560 2826 632 2869 utet
651 2820 714 2882 lapis
733 2819 863 2868 selenites:
887 2818 987 2866 minime
1007 2817 1138 2866 absurdum
1157 2819 1217 2876 erit,
1245 2818 1340 2866 calidas
1356 2817 1443 2867 stellas

132 2887 199 2938 ture
219 2894 263 2936 aut
281 2895 397 2953 vegetare
416 2889 573 2952 qualitatem,
603 2905 658 2938 curn
677 2891 702 2938 in
720 2890 844 2938 medicina
862 2889 987 2937 rideamus
1007 2887 1089 2936 calida
1118 2901 1193 2949 saepe
1213 2888 1322 2936 animare
1341 2888 1441 2951 frigidos

132 2972 209 3007 norm.
247 2957 273 3006 Si
297 2973 359 3022 quas
377 2974 482 3024 geneses
501 2974 557 3009 cnm
575 2960 745 3010 accidentibus
763 2960 886 3010 nonnullis
905 2959 1039 3022 collegeris.
1060 2971 1152 3021 quaeso
1170 2957 1229 3005 mihi
1249 2958 1304 3006 illas
1322 2958 1354 3007 ad
1374 2973 1441 3007 com·

132 3042 162 3079 ne
186 3029 277 3077 bonurn
301 3031 491 3091 promerendum
515 3033 687 3082 communicer.
724 3030 830 3094 Tempus
855 3031 938 3078 mortis
958 3029 1066 3078 Cardani
1093 3030 1155 3077 scire
1180 3028 1299 3077 desidero.
1344 3028 1442 3078 Fratres

137 3098 190 3162 Bry
208 3100 339 3149 edidemnt
356 3101 430 3149 libros
449 3103 542 3166 aliquot
560 3104 657 3152 iconum
676 3103 803 3151 doctorum
830 3102 948 3153 virorum.
978 3099 1069 3148 inillis
1098 3099 1158 3147 forte
1178 3106 1274 3161 tempus
1293 3099 1440 3149 invenietur.

177 3170 383 3248 Keplerus:
419 3172 477 3233 Vis
501 3173 582 3234 Solis
606 3175 644 3234 ad
670 3193 724 3234 nos
749 3171 889 3233 debiliter
911 3171 1062 3248 pervenit,
1088 3189 1153 3230 cnm
1178 3171 1203 3231 is
1228 3171 1351 3230 declivis
1375 3180 1440 3243 est3

132 3258 277 3339 .quidem
310 3260 391 3338 prior
422 3261 475 3322 illa
505 3263 533 3322 in
558 3282 625 3322 mea
657 3260 930 3322 dissertatiuncula.
980 3259 1035 3319 Vis
1060 3257 1185 3320 Saturni
1208 3260 1306 3319 altera
1336 3258 1390 3319 illa
1413 3259 1442 3319 in

132 3368 156 3411 a
178 3347 447 3409 dissertatiuncula
470 3350 611 3412 debiliter
636 3352 673 3411 ad
697 3370 751 3410 nos
776 3349 921 3428 pervenit,
947 3368 1012 3409 cum
1028 3367 1094 3421 non,
1122 3349 1169 3408 vel
1193 3367 1259 3408 cum
1283 3349 1351 3408 laxe
1368 3366 1441 3408 con-

132 3444 233 3498 nratur
258 3437 331 3497 locis
354 3438 529 3517 insignibus.
578 3440 621 3501 Ut
644 3440 771 3499 alterum
797 3439 876 3499 alter
899 3446 1061 3516 oppugnat,
1086 3437 1165 3498 alter
1180 3437 1242 3498 fieri
1258 3442 1316 3497 nori
1330 3443 1443 3514 potest,

132 3524 146 3586 i
168 3533 204 3586 nt
227 3525 334 3586 fortius
358 3527 453 3588 altero
477 3527 507 3588 in
532 3528 610 3588 idem
634 3527 803 3605 subjectum
827 3535 966 3605 operetur
991 3544 1163 3605 quocunque
1182 3524 1326 3604 operandi
1345 3524 1442 3585 modo.

176 3612 308 3676 Nullam'
325 3613 463 3693 frigidam
487 3617 608 3678 stellam
623 3616 761 3677 absolute
778 3615 964 3677 crediderim.
1012 3615 1095 3692 Lege
1114 3632 1212 3674 meam
1227 3612 1442 3675 dissertatiun-

132 3703 197 3764 hrm.
244 3702 273 3762 A
298 3703 387 3764 simili
411 3723 483 3766 vero
507 3725 565 3765 nou
590 3705 665 3766 bene
691 3704 801 3766 videris
826 3704 1038 3782 argumentari,
1064 3702 1209 3781 quomodo
1234 3701 1333 3762 calida
1349 3700 1443 3780 frigus

132 3789 232 3855 iciant.
262 3790 358 3866 ,Nam
383 3793 412 3852 in
437 3785 585 3855 medicina
609 3812 675 3853 cum
699 3794 754 3853 hoc
778 3794 820 3863 tit,
850 3811 944 3853 causa
967 3790 1120 3871 quaeritur
1144 3800 1174 3850 et
1196 3790 1370 3869 plerumque
1394 3791 1442 3850 in-

132 3878 217 3941 uitur.
266 3876 438 3941 Consimilis
464 3883 522 3943 erit
546 3883 582 3942 de
607 3883 697 3942 astris
714 3881 868 3942 reddenda
891 3889 945 3940 aut
959 3878 1143 3941 claudicabit
1162 3878 1335 3939 similitudo.
1373 3878 1442 3939 Fri·

132 3976 269 4030 stamen
294 3978 428 4031 nostrum
459 3990 545 4032 omne
570 3992 588 4031 a
611 3971 740 4031 materia
762 3989 830 4031 esse
854 3977 942 4048 puto,
976 3977 1058 4029 certe
1093 3967 1237 4039 hiemale,
1271 3985 1338 4027 cum
1362 3967 1444 4027 calor

132 4056 170 4121 lis
193 4076 249 4119 nos
274 4057 396 4119 deserit.
443 4059 541 4121 Nocte
572 4059 699 4121 brumali
729 4060 810 4119 altae
836 4057 929 4118 aedes
954 4077 972 4116 a
997 4056 1107 4133 frigore
1136 4063 1257 4116 tuentur
1281 4055 1443 4116 avertendo

132 4144 244 4218 stulos,
277 4147 433 4208 retinendo
458 4156 558 4209 aerem
582 4148 761 4209 halituosnm
796 4167 831 4207 ne
856 4146 1040 4225 coaguletur.
1089 4144 1171 4205 Idem
1200 4144 1294 4205 nubes
1320 4143 1442 4205 faciunt.

132 4252 195 4297 eme
224 4234 319 4313 frigus
347 4236 433 4297 nobis
461 4237 645 4316 proximum,
670 4245 788 4298 aestate
818 4233 962 4296 remotius
994 4242 1026 4294 et
1050 4233 1140 4293 altius
1174 4233 1212 4292 ob
1235 4232 1443 4312 profundiores

132 4322 220 4397 litus,
253 4323 362 4386 caloris
386 4324 468 4387 Solis
492 4326 628 4387 comites.
676 4325 788 4403 Frigidi
822 4324 931 4385 aestivi
965 4323 1030 4384 dies
1063 4344 1082 4382 a
1106 4321 1218 4400 pluviis
1247 4333 1277 4381 et
1306 4321 1443 4381 diuturna

132 4411 171 4474 lis
195 4412 406 4487 occultatione,
432 4434 451 4473 a
475 4416 581 4483 ventis,
606 4413 655 4492 qui
680 4433 718 4474 es
742 4412 851 4491 frigida
874 4412 1004 4490 regione,
1030 4432 1049 4471 a
1064 4409 1162 4471 tenaci
1186 4418 1218 4470 et
1235 4409 1359 4489 limpida
1376 4426 1442 4467 ma-

132 4499 176 4570 ia,
201 4519 277 4580 qnae
301 4501 531 4579 pulcherrimam
556 4503 648 4563 efficit
671 4501 878 4568 serenitatem,
904 4501 958 4561 sed
978 4508 1081 4561 tamen
1105 4498 1275 4558 claritatem
1295 4494 1442 4574 perstrin-

132 4631 146 4658 ,
170 4589 300 4650 calorem
325 4589 441 4663 minuit,
466 4591 564 4670 qualis
588 4592 642 4652 sub
666 4585 816 4663 amicasii
841 4587 912 4658 etQ
938 4585 1189 4667 configurationes
1214 4604 1298 4646 arne
1323 4584 1443 4661 saepius

132 4677 303 4740 imadversa
328 4688 385 4740 est.
