3366 5482
164 289 228 361 150
675 279 1007 347 “ffifflwffl

159 448 406 532 occupationibus
429 447 585 508 detentum
609 461 719 522 magno
742 449 776 502 et
802 439 917 501 difficili
939 448 1032 520 atque
1060 444 1194 507 molesto
1219 446 1328 513 labore
1352 452 1554 519 motusue.

160 538 260 612 Quam
283 537 418 600 tabulam
442 535 509 615 ipso
532 532 727 611 permittente
751 535 874 589 auctore
897 537 1014 603 tecum,
1041 531 1153 608 lector,
1177 538 1388 616 communico,
1422 542 1552 626 tibique·

160 629 204 692 sic
228 647 296 689 eam
318 623 505 695 commendo,
530 629 563 709 ut
587 638 663 701 quae
687 635 744 677 nou
769 624 885 676 tantum
909 616 937 677 in
958 621 1114 695 praesenti
1131 625 1256 702 negotio
1280 627 1341 689 tibi
1365 632 1541 708 profutura,

78 770 82 777 ,
159 718 213 781 sed
238 715 331 777 etiam
353 709 613 775 intricatissimum
636 706 744 767 nodum
769 703 807 765 ad
831 704 949 765 oculum
973 706 1119 783 solutura,
1145 718 1239 791 atque
1253 715 1336 776 adeo
1360 725 1395 778 te
1418 708 1454 781 iu
1473 720 1540 800 ipsa

159 804 387 868 Prutcnicarurn
421 807 511 879 atque
535 793 694 876 Copernici
728 794 822 874 adyta
854 793 940 872 quasi
972 813 1064 857 manu
1103 798 1233 861 ductura
1266 797 1367 875 sit⁸).
1415 807 1538 873 Etenim

158 913 197 956 ex
220 913 258 954 ea
277 889 441 971 jucundum
465 895 514 947 est
537 885 668 956 discere,
693 881 840 962 quomodo
864 899 957 960 auges
981 883 1172 961 planetarum
1197 889 1342 953 diversas
1368 894 1400 957 iu
1416 896 1539 961 dim

159 980 274 1045 zodiaci
299 980 367 1041 loca
389 977 517 1038 cadant:
542 974 620 1055 quod
643 971 673 1032 iu
693 971 812 1031 Venere
835 971 903 1050 plus
927 971 1036 1050 integri
1059 973 1180 1037 trientis
1201 978 1422 1046 diversitatem
1445 985 1536 1065 parit.

159 1072 239 1135 Nam
268 1068 334 1148 ejus
363 1082 530 1146 apogaeum
553 1071 603 1123 est
625 1059 706 1134 in&
735 1067 767 1118 et
789 1063 837 1130 Π,
865 1057 989 1137 ἀφηλιον
1016 1060 1046 1122 in
1070 1068 1104 1135 ᾗ
1127 1072 1161 1124 et
1183 1082 1241 1126 m.
1292 1070 1415 1135 Videre
1443 1075 1536 1139 etiam

160 1168 217 1234 est,
243 1159 331 1236 longe
364 1156 440 1216 alias
469 1171 539 1213 esse
570 1151 667 1211 lineas
699 1147 910 1209 distantiarum
936 1170 957 1209 a
980 1149 1071 1224 Sole,
1103 1171 1194 1231 quam
1225 1175 1246 1216 a
1272 1161 1385 1222 centro
1409 1162 1534 1227 Terreni

160 1246 251 1308 orbis.
299 1243 386 1315 Quae
415 1241 578 1303 diversitas
607 1237 636 1298 iu
659 1232 681 1311 b
706 1235 836 1296 maxima
864 1244 927 1306 est,
954 1246 1117 1317 propterea
1144 1245 1224 1320 quod
1254 1245 1380 1327 integra
1403 1250 1536 1316 Telluris

159 1335 345 1414 ἅμιηροςης
364 1332 429 1411 ejus
453 1327 618 1391 distantiae
643 1324 769 1385 accedit.
817 1324 851 1384 Iu
875 1325 952 1386 Jove
977 1336 1079 1389 autem
1101 1346 1209 1407 parum
1232 1344 1387 1411 mutatur,
1414 1341 1535 1421 qniais

161 1442 219 1487 unu
245 1432 278 1485 ut
300 1420 450 1483 Saturnus
475 1436 491 1477 e
514 1416 636 1495 regione
661 1410 741 1475 Solis
764 1413 799 1472 lit
821 1413 1000 1488 altissimus,
1022 1410 1080 1477 'sed
1103 1417 1134 1478 in
1159 1429 1222 1490 2,
1248 1423 1300 1485 ubi
1325 1426 1392 1488 fere
1417 1447 1532 1509 aequa·

161 1514 231 1576 liter
254 1512 344 1572 abest
367 1511 405 1570 ab
429 1516 555 1585 utroque
579 1511 682 1565 centro
707 1501 788 1564 Solis
819 1511 850 1563 et
873 1503 956 1565 orbis
978 1506 1089 1584 magni.
1138 1511 1241 1588 Atque
1272 1513 1344 1574 iude
1375 1517 1471 1579 etiam
1494 1519 1530 1580 ad

159 1601 278 1663 oculum
302 1607 388 1679 patet
412 1593 629 1658 demonstratio
653 1591 727 1668 ejus,
753 1592 830 1670 quod
852 1589 1035 1671 Copernicus
1061 1594 1111 1655 lib.
1130 1597 1169 1658 V.
1195 1597 1306 1662 Revol.
1333 1623 1405 1684 cap.
1423 1603 1456 1669 4.
1481 1602 1529 1669 ld.

161 1697 192 1751 et
215 1687 258 1751 22
282 1687 338 1748 sub
361 1686 464 1753 finem,
495 1683 532 1742 de
555 1680 691 1742 mutabili
716 1681 940 1743 eccentrioitate
964 1683 1075 1745 Martis
1100 1692 1132 1746 et
1155 1685 1288 1750 Veneris
1313 1692 1354 1753 ad
1380 1696 1528 1757 mutatio·

161 1797 227 1840 uem
252 1778 413 1847 Temenos,
439 1770 623 1834 brevissimis
648 1769 747 1830 verbis
772 1769 885 1844 innuit,
920 1771 1067 1834 Rhetieus
1096 1791 1168 1835 vero
1199 1776 1228 1836 in
1261 1797 1319 1839 sua
1342 1781 1529 1847 Narratione

161 1866 312 1946 copiosius
336 1862 534 1943 persequitur.
582 1858 674 1920 Aliud
698 1858 789 1918 etiam
815 1869 877 1932 est,
911 1862 993 1940 cujus
1019 1880 1072 1921 nos
1098 1861 1215 1925 isthaec
1240 1867 1350 1930 tabula
1374 1872 1527 1948 admouet,

161 1956 239 2034 quod
265 1954 334 2034 quia
358 1949 543 2012 commodius
567 1948 626 2007 alio
652 1948 715 2007 loco
741 1948 799 2007 dici
829 1956 946 2027 potest,
976 1969 1052 2010 nunc
1082 1951 1226 2013 differam.
1274 1955 1365 2018 Nunc
1390 1962 1527 2023 adrem.

160 2043 298 2104 Pandam
322 2049 423 2101 autem
447 2036 671 2118 quadruplicem
701 2036 835 2097 ordinem
864 2057 1059 2100 numerorum.
1108 2041 1141 2100 In
1174 2042 1271 2118 primo
1300 2057 1391 2108 eruut
1420 2049 1526 2129 plane·

162 2143 261 2191 tarum
285 2129 446 2189 abscessus
472 2145 491 2184 a
520 2132 623 2184 centro
657 2124 756 2202 magni
786 2125 884 2193 orbis,
920 2128 998 2188 sicut
1031 2128 1050 2188 ii
1084 2130 1246 2191 abscessus
1280 2141 1313 2194 et
1346 2140 1463 2200 numeri
1492 2158 1526 2200 ex

163 2218 332 2297 Copernico
356 2224 388 2276 et
402 2212 571 2275 Protenicis
595 2210 771 2290 simpliciter
794 2223 826 2275 et
849 2216 912 2276 siue
937 2216 1103 2277 mutatione
1127 2219 1297 2282 eliciuntur.
1336 2225 1370 2284 lu
1396 2229 1525 2289 secundo

164 2314 252 2368 erunt
275 2307 437 2366 abscessus
468 2300 582 2380 orbium
610 2321 629 2361 3
656 2309 759 2365 centro
782 2301 879 2377 Solis,
913 2306 961 2385 qui
988 2306 1168 2384 proveniunt
1195 2326 1233 2368 ex
1258 2308 1431 2389 Copernico
1459 2325 1526 2394 post

165 2395 248 2457 illam
271 2391 485 2456 resolutionem
508 2408 708 2463 numerorum,
740 2392 775 2451 de
801 2412 858 2472 qua
881 2394 969 2454 modo
992 2394 1096 2455 vidisti
1120 2396 1254 2458 tabulam
1279 2400 1323 2472 (in
1349 2412 1454 2465 annot.
1479 2405 1521 2479 b).

164 2486 197 2545 lu
224 2483 313 2547 tertio
336 2490 368 2543 et
392 2487 500 2561 quarto
523 2479 644 2540 venient
662 2499 777 2541 rursum
797 2483 956 2543 abscessus
974 2483 1164 2563 planetarum
1179 2505 1198 2545 a
1213 2483 1265 2562 Θ,
1290 2498 1380 2567 prout
1405 2492 1448 2554 illi
1472 2511 1525 2574 per

163 2571 424 2652 interpositionem
456 2586 610 2649 corpomm
647 2569 753 2630 mutati
787 2579 865 2632 sunt.
922 2571 964 2632 Et
995 2571 1104 2633 tertius
1137 2574 1255 2653 quidem
1289 2577 1363 2639 ordo
1397 2580 1456 2643 erit
1487 2601 1527 2643 ea

164 2668 316 2724 structura
338 2657 439 2721 mundi
463 2677 513 2732 ea,
544 2676 619 2737 quae
647 2677 700 2738 pro
730 2658 922 2720 fundamento
945 2659 1071 2722 habebit
1097 2661 1179 2723 orbis
1202 2663 1327 2724 Terreni
1352 2669 1528 2732 crassitiem

164 2749 346 2831 simplicem,
374 2767 433 2809 non
458 2747 609 2809 accensito
633 2755 798 2829 systemate
823 2749 945 2810 Lunari.
993 2746 1129 2819 Quartus
1152 2751 1279 2831 denique
1303 2756 1416 2832 prodet
1437 2777 1528 2820 cras-

164 2838 263 2919 sitiem
288 2837 369 2901 orbis
393 2836 514 2899 Terreni
539 2845 669 2909 tantum,
699 2855 774 2916 quae
803 2856 895 2916 supra
917 2846 947 2898 et
972 2837 1050 2898 iufra
1073 2838 1328 2902 semidiametrum
1352 2844 1435 2909 orbis
1458 2847 1533 2910 Lu·-

163 2926 245 2991 uaris
267 2936 429 3007 contegere
452 2925 559 3006 possit.
581 2922 623 2999 ⁸¹)

359 3307 469 3370 altiss.
492 3304 524 3372 3
570 3305 612 3371 88
658 3216 1464 3381 88888888-88Ἑ88-88Π8

360 3395 526 3460 nuans
571 3395 613 3461 33
681 3394 864 3460 8888
901 3391 954 3459 30
1003 3395 1024 3460 8
1071 3396 1108 3460 88
1181 3397 1364 3466 8888
1411 3400 1453 3467 88

337 3501 613 3515 ,-.-.-........
673 3500 1466 3514 ,-‚.....-——-———-.-----..-.-‹

259 3588 289 3663 Ἃ
360 3539 469 3642 arara.
493 3503 524 3602 ’8
558 3501 702 3603 ’8888
754 3536 773 3600 8
821 3533 863 3598 88
910 3532 952 3598 88
1004 3538 1024 3601 8
1093 3536 1113 3602 8
1160 3537 1202 3602 88
1255 3540 1274 3605 8
1323 3540 1365 3605 88
1433 3542 1454 3607 8

361 3625 527 3691 namna
573 3626 616 3693 88
661 3624 703 3691 88
754 3623 776 3688 8
822 3622 865 3690 88
911 3622 954 3687 88
1005 3624 1025 3690 8
1073 3625 1114 3691 88
1182 3627 1363 3695 8888
1411 3630 1452 3698 88

689 3733 708 3738 ..
730 3731 960 3742 --....--
982 3733 1343 3745 ——---.-.—.--..-.
1371 3740 1447 3749 .—

361 3769 522 3834 anrss.1
573 3733 704 3834 8888
758 3770 769 3832 8
821 3767 864 3833 88
910 3746 1018 3830 52¹1
1071 3767 1113 3832 33
1183 3770 1202 3833 2
1258 3760 1365 3840 1'33
1414 3773 1452 3839 88

260 3829 521 3923 duamani
572 3858 614 3923 88
661 3857 703 3922 88
758 3858 841 3923 88
911 3853 952 3921 88
1008 3858 1019 3921 8
1075 3857 1114 3923 88
1162 3857 1204 3923 88
1260 3861 1270 3924 8
1322 3860 1365 3926 88
1412 3862 1452 3927 88

222 3975 228 3978 ’
331 4004 471 4067 artas.
496 3966 525 4064 ’8
594 4001 616 4066 8
683 3965 705 4063 8
723 3961 954 4063 TW
1008 4001 1022 4062 8
1094 3998 1114 4062 8
1229 3968 1262 3978 ”
1309 3968 1459 4072 ‘'s-'0

263 4055 521 4155 &luamus
594 4086 616 4156 0
684 4084 954 4154 888888
1005 4086 1113 4152 888
1323 4094 1365 4162 88
1411 4093 1451 4161 88

1312 4202 1460 4302 ’8888

1414 4323 1451 4391 88

336 4197 576 4208 ’,α-μισ-
585 4194 712 4205 ...-..-.ι
729 4190 964 4204 ..n-*⁴
977 4192 1213 4201 ———-—

360 4236 470 4299 Altiss.
505 4234 526 4299 0
572 4231 614 4298 45
661 4230 705 4297 30
755 4231 776 4294 0
822 4227 865 4295 tl
912 4226 954 4293 29
1004 4228 1026 4292 0
1070 4228 1114 4294 tn
1160 4228 1197 4294 41

1259 3970 1300 4069 s.

1255 4094 1276 4159 8

264 4281 288 4351 9
1233 4199 1308 4300 ,ff

331 4323 526 4417 ,numero
572 4320 705 4387 8888
755 4320 776 4384 8
823 4316 859 4382 88
912 4316 954 4382 88
1005 4318 1026 4383 8
1073 4316 1115 4382 88
1161 4318 1203 4383 88
1253 4324 1276 4388 8
1322 4322 1366 4390 8ο

135 4490 143 4503 ·
226 4422 334 4437 „...
361 4465 470 4530 aloa.
504 4430 702 4530 88888
756 4463 777 4528 8
823 4460 866 4527 88
917 4459 1026 4527 888
1072 4458 1115 4523 88
1161 4460 1198 4524 88
1254 4466 1276 4530 8

266 4516 616 4619 Q·1311111i1.018
683 4534 1115 4670 88-88-88888
1183 4549 1275 4618 88
1327 4553 1451 4650 888

223 4657 709 4670 ...ὤμῳ-ι»...
973 4653 1462 4671 ——m

223 4741 296 4899 „a
361 4694 779 4850 888888
846 4735 868 4799 0
934 4662 1028 4885 olo
1094 4738 1115 4803 0

692 4423 1209 4439 ——.——-—-———¹·—·-——···-
1228 4429 1426 4439 ——o—m-

1322 4466 1365 4531 88
1410 4431 1457 4531 88
