3366 5482
166 259 228 325 ¹22
674 252 788 319 nysam
807 193 1006 321 coimaginata

160 440 265 493 easque
287 418 472 490 persimilem
492 418 720 487 praeventionem
742 416 954 471 translocabiles
976 417 1085 470 deloco
1106 415 1133 468 in
1153 416 1241 468 locum
1255 417 1307 470 sub
1324 415 1405 476 lixis:
1430 432 1469 469 ex
1482 414 1524 469 bis

162 502 283 557 obtentis
305 501 431 570 sequitur
445 500 519 552 ultro
543 497 602 549 siue
621 498 681 550 ulla
701 500 825 567 polorum
845 498 1000 559 libratione,
1024 505 1053 549 et
1072 496 1284 549 declinationem
1305 495 1453 566 eclipticas
1468 511 1524 549 mu·

161 584 224 646 tari,
250 588 279 634 et
304 579 480 650 aequinoctia
503 578 626 631 nonnihil
651 595 722 630 nunc
743 578 861 639 incitari,
887 594 958 629 nunc
980 577 1132 635 retardari:
1162 576 1227 646 quin
1249 574 1302 630 imo
1326 575 1454 646 sequitur
1473 575 1525 629 hoc

160 664 244 717 etiarn
269 661 401 730 amplius,
434 660 504 728 quod
530 657 680 727 Copernico
714 659 960 711 inanimadrersum
992 656 1086 727 Tycho
1110 656 1237 708 Braneus
1271 663 1301 709 et
1328 654 1529 724 Landgrtwiua'

160 743 279 797 Hassiae
296 735 335 807 ³⁶)
356 742 536 800 detexerunt,
561 738 679 791 fixarum
700 739 800 792 mutari
824 736 993 790 latitudines.
1036 735 1096 789 Etsi
1116 753 1182 788 sero
1204 736 1316 789 libratio
1336 735 1524 806 aequinoctio·

159 840 220 877 rum
239 840 292 876 non
314 827 395 873 tanta
416 836 467 871 nec
486 828 542 870 tam
557 818 654 871 celeris
671 826 736 871 tunc
750 818 867 879 elicitur,
883 826 989 886 quanta
1002 835 1038 869 ex
1054 815 1247 868 librationibus
1263 814 1422 886 Copernici:
1446 815 1525 869 atde

160 903 211 956 illa
224 901 383 973 quantitate
404 916 459 951 nou
474 904 583 950 tantum
598 900 715 951 nondum
731 899 825 968 liquet,
851 898 897 949 sed
919 905 1048 950 constans
1072 897 1230 965 aequalitas
1253 904 1319 949 ante
1334 903 1364 949 et-
1378 900 1445 965 post
1458 896 1523 949 Pto·

161 985 297 1036 lemaeum
319 980 494 1048 deprehensa
522 984 611 1030 totum
644 979 785 1048 negotium
819 994 875 1031 una
897 993 957 1030 cum
981 975 1221 1030 observationibus
1245 975 1401 1031 Ptolemaei
1424 991 1524 1045 propc-

160 1065 268 1116 modum
282 1061 310 1115 in
324 1060 435 1112 dubium
448 1064 539 1111 vocat.
580 1058 648 1111 Sola
661 1058 732 1111 enim
748 1067 827 1113 aetas
842 1057 996 1110 Ptolemaei
1010 1064 1062 1119 est,
1084 1072 1156 1126 quae
1175 1056 1333 1111 exorbitat:
1354 1055 1522 1126 reliquarum

160 1150 285 1197 aetatum
301 1138 508 1193 observationes
524 1145 681 1208 congruunt
696 1141 731 1191 ad
746 1138 920 1208 aequabilem
934 1138 1077 1207 regulam3
1101 1136 1279 1205 Copernicum
1295 1136 1376 1199 enim,
1393 1136 1441 1206 qui
1454 1152 1522 1189 suae

161 1222 265 1276 aetatis
289 1219 474 1274 associatione
496 1218 670 1271 librationem
694 1220 764 1272 hanc
786 1219 884 1271 enixus
909 1227 965 1278 est,
992 1217 1108 1285 proximi
1131 1223 1226 1269 aetate
1250 1218 1448 1271 observatores
1471 1217 1523 1270 tide

160 1301 312 1373 dignissimi
333 1300 466 1352 refutant.
510 1298 577 1349 Vide
597 1298 651 1350 hac
672 1301 705 1351 de
726 1316 756 1352 re
781 1314 842 1352 mea
856 1297 1059 1352 commentaria
1082 1299 1116 1349 de
1131 1296 1223 1349 Marte
1246 1297 1387 1366 capitibus
1409 1295 1520 1359 ultimis.

161 1390 192 1436 et
211 1382 331 1451 Epitom.
347 1382 461 1432 Astron.
484 1377 545 1432 libr.
568 1378 628 1430 Vll.

736 1688 864 1818 'Caput
890 1719 938 1793 Π.

499 1881 687 1943 Prtmurr'oe
710 1881 987 1943 demonstrationis
1009 1877 1188 1942 delineatio.

251 2021 367 2092 Quibus
392 2024 435 2083 ita
458 2025 632 2103 praemissis
658 2032 690 2084 ut
710 2025 747 2083 ad
770 2024 955 2102 propositum
975 2021 1103 2094 veniant,
1129 2032 1219 2100 atque
1245 2022 1331 2081 ruodo
1356 2021 1521 2082 recensitas

162 2110 321 2191 Cuperniei
344 2112 528 2192 hypotheses
548 2113 709 2173 demando
733 2132 809 2173 novo
834 2130 910 2172 noro
933 2122 1108 2189 argumento
1130 2111 1263 2190 probem,
1288 2129 1350 2170 reni
1376 2131 1395 2170 a
1419 2110 1521 2189 primo,

160 2201 237 2280 quud
263 2199 360 2271 aiunt,
385 2218 441 2260 ovo
466 2220 525 2278 qua
548 2200 698 2261 brevitate
722 2202 784 2261 lieri
809 2201 921 2279 poterit
944 2210 1087 2278 repetam.

180 2307 185 2314 ·
250 2286 369 2367 Corpus
393 2298 459 2348 erat
484 2289 522 2361 id,
549 2289 626 2368 quod
651 2289 734 2350 initio
756 2291 837 2350 Deus
861 2290 993 2350 crearit:
1019 2290 1104 2367 rrrjus
1129 2287 1332 2348 definitionem
1356 2285 1382 2346 si
1407 2286 1520 2347 habea·

160 2397 235 2449 mus,
260 2376 399 2437 existimo
415 2378 605 2438 mediocriter
619 2379 732 2438 clarum
752 2379 824 2451 fore,
850 2398 901 2439 cur
926 2377 1011 2438 initio
1035 2397 1143 2457 eorpus
1167 2395 1224 2437 non
1250 2377 1341 2437 aliam
1362 2395 1425 2436 rem
1441 2377 1520 2437 llens

159 2465 337 2526 creaverit·
366 2466 442 2526 Dico
467 2467 668 2544 quantitatem
690 2467 756 2527 Deo
781 2468 873 2527 fuisse
903 2467 1107 2546 propositam:
1141 2467 1181 2526 ad
1209 2485 1297 2544 quarn
1327 2465 1521 2526 obtinendam

161 2555 297 2614 omnibus
321 2573 395 2632 opus
424 2555 495 2624 fuit,
524 2575 599 2635 quae
628 2557 666 2616 ad
690 2557 823 2634 eorporis
847 2557 1011 2617 essentiam
1036 2556 1207 2633 pertinent:
1242 2564 1275 2615 ut
1297 2555 1342 2614 ita
1365 2555 1520 2632 quantitas

161 2643 305 2720 corporis,
330 2654 477 2721 quatenns
501 2664 617 2722 eorpus,
644 2646 789 2724 quaedam
815 2646 919 2717 torma,
946 2645 1184 2724 delinitionisque
1208 2644 1291 2722 origo
1316 2643 1368 2703 sit.
1414 2640 1520 2712 Quan-

161 2732 281 2792 titatenr
305 2742 405 2792 autern
430 2733 513 2793 Deus
537 2734 604 2794 ideo
628 2744 698 2793 ante
723 2736 822 2794 onmia
849 2734 982 2794 existere
1012 2734 1124 2802 voluit,
1158 2742 1191 2793 ut
1224 2743 1309 2792 esset
1345 2733 1445 2792 curvi
1484 2730 1521 2792 ad

161 2828 296 2882 rectum
326 2822 522 2898 comparatio.
571 2824 635 2883 Hae
667 2825 744 2884 enirn
774 2843 832 2883 una
864 2843 896 2883 re
930 2823 1046 2883 divinus
1081 2823 1151 2883 mihi
1181 2816 1382 2894 Cusanus⁸⁶)
1413 2821 1521 2900 aliique

159 2909 307 2981 videntur,
332 2911 410 2989 quod
434 2913 509 2971 recti
533 2912 673 2991 eurrique
698 2911 736 2971 ad
761 2911 886 2972 invicem
910 2912 1114 2972 habitudinem
1138 2910 1216 2971 tanti
1237 2911 1382 2983 feceruut,
1409 2917 1440 2970 et
1455 2928 1523 2971 cur-

158 3016 228 3058 vum
251 2998 330 3069 Deo,
363 3008 477 3060 rectum
501 3002 647 3061 creaturis
672 3001 737 3061 ausi
762 3010 832 3061 sunt
860 3020 1053 3079 eorrrparare:
1087 3010 1119 3060 ut
1146 3000 1225 3059 barad
1255 2999 1348 3059 multo
1374 2998 1524 3060 utiliorem

160 3105 282 3165 operam
305 3088 521 3165 praestiterint,
548 3089 596 3169 qui
622 3088 799 3151 Creatorem
823 3091 987 3161 creaturis,
1011 3089 1108 3149 Deum
1132 3088 1258 3160 homini,
1280 3087 1398 3166 judicia
1422 3087 1525 3149 divina

159 3175 309 3250 humanis,
335 3195 424 3256 quam
449 3176 497 3256 qui
522 3197 642 3239 currum
667 3187 757 3251 recto,
785 3178 925 3239 circulum
941 3179 1089 3258 quadrato
1105 3178 1301 3257 aequiparare
1317 3176 1420 3237 conati
1444 3182 1522 3238 sunt

248 3262 393 3343 Cumque·
407 3266 454 3325 rel
479 3266 507 3327 in
532 3267 587 3328 hoe
611 3267 675 3328 solo
690 3267 768 3328 satis
783 3268 970 3327 corrstitisset
988 3286 1080 3345 penes
1095 3268 1192 3327 Deum
1211 3266 1417 3344 quantitatum
1440 3264 1523 3345 apti·

158 3354 230 3413 tudo
255 3362 286 3413 et
310 3354 391 3414 curvi
415 3354 569 3429 nobilitas,
595 3356 726 3416 accessit
749 3365 850 3416 tannen
875 3365 907 3416 et
930 3358 1057 3418 alterum
1077 3357 1164 3434 longe
1187 3356 1301 3432 majus:
1333 3353 1391 3415 Dei
1413 3353 1523 3415 trinuui

159 3441 259 3519 imago
284 3441 311 3502 in
337 3443 496 3521 sphaerica
520 3444 689 3523 superficie,
720 3445 821 3504 Patris
844 3444 962 3505 scilieet
990 3445 1020 3505 iu
1049 3454 1166 3517 centro,
1198 3443 1267 3504 Filii
1296 3443 1324 3503 in
1354 3442 1523 3522 superficie,

158 3529 291 3609 Spiritus
316 3531 344 3590 in
370 3532 556 3610 aequalitate
580 3554 711 3613 σχεσεως
735 3533 813 3594 inter
836 3542 977 3611 punctum
1002 3544 1033 3593 et
1056 3534 1210 3609 ainttitum,
1252 3533 1332 3593 Nam
1357 3551 1434 3611 quae
1460 3530 1523 3594 Cu-

158 3638 250 3680 sauus
275 3620 400 3693 circulo,
430 3620 481 3681 alii
506 3623 584 3683 forte
608 3621 697 3700 globo
722 3622 904 3691 tribuerent,
930 3643 966 3682 ea
990 3641 1045 3699 eqo
1070 3622 1126 3683 soli
1151 3621 1328 3701 sphaericae
1353 3620 1523 3700 superficiei

159 3726 277 3787 arrogo.
320 3709 385 3769 Nec
408 3712 583 3787 persuaderi
607 3730 740 3789 possum,
765 3730 920 3772 curvorum
944 3712 1102 3791 quicquam
1126 3711 1255 3771 nobilius
1280 3729 1349 3770 esse
1373 3721 1429 3771 aut
1451 3728 1523 3790 per·

158 3797 267 3858 tectius
291 3796 358 3877 ipsa
382 3799 541 3876 sphaerica
560 3800 725 3878 superficie.
765 3797 882 3860 Globus
907 3801 984 3861 enim
1008 3803 1077 3879 plus
1101 3808 1150 3859 est
1172 3798 1331 3878 sphaerica
1354 3798 1521 3879 superficie,

158 3895 190 3946 et
212 3886 324 3948 mixtus
348 3886 536 3962 rectitudini,
562 3909 621 3968 qua
644 3890 711 3949 sola
735 3889 875 3966 impletur
898 3891 989 3951 intus.
1038 3887 1175 3950 Circulus
1200 3907 1271 3949 vero
1295 3886 1353 3948 nisi
1377 3890 1409 3948 in
1432 3889 1522 3967 planu

158 3984 240 4037 recto
266 3977 390 4046 existat,
414 3977 470 4038 hoc
493 3989 551 4051 est,
576 3978 634 4038 nisi
657 3978 816 4057 sphaerica
839 3979 1012 4056 superficies
1037 3986 1091 4039 aut
1113 3978 1219 4055 globus
1246 3978 1338 4056 plano
1362 3985 1448 4039 recto
1472 3994 1524 4039 se-

158 4072 251 4137 cetur,
276 4065 405 4126 circulus
430 4067 527 4127 nullus
552 4068 619 4128 erit.
659 4068 746 4128 Unde
770 4066 872 4127 videre
897 4077 954 4141 est,
979 4067 1089 4128 multas
1114 4067 1174 4126 illic
1199 4067 1311 4127 a-cubo
1336 4067 1365 4126 in
1391 4066 1522 4146 globum,
1538 4118 1553 4141 ,

159 4153 206 4213 hic
231 4174 250 4214 a
273 4155 421 4233 quadrato
446 4155 473 4216 in
499 4156 641 4218 circulum
665 4155 843 4217 secundario
862 4156 992 4217 defluere
1007 4156 1220 4235 proprietates,
1244 4164 1368 4234 propter
1382 4152 1525 4217 diametri

158 4243 376 4304 rectitudinem.

247 4329 309 4392 Sed
333 4349 385 4391 cnr
408 4332 534 4411 deniqne
559 4332 641 4393 curvi
665 4342 697 4394 et
727 4333 801 4393 reeti
832 4332 1002 4394 discrimina
1031 4332 1172 4410 curvique
1196 4331 1340 4392 nobilitas
1364 4331 1431 4393 Deo
1455 4333 1527 4394 tue-

158 4427 226 4481 runt
249 4420 406 4499 proposita
430 4421 458 4481 in
483 4423 656 4482 exornando
682 4423 809 4482 rrrundo?
848 4420 909 4483 Cur
929 4421 1028 4482 enirn?
1053 4421 1110 4481 nisi
1135 4419 1205 4498 quia
1229 4441 1247 4479 a
1271 4419 1428 4482 conditore
1450 4440 1528 4500 per-

158 4509 324 4570 rectissimo
349 4527 473 4571 necesse
506 4510 625 4570 ornnino
655 4511 712 4571 fuit
745 4519 778 4571 ut
806 4511 1035 4590 pulcherrimum
1069 4528 1143 4587 opus
1168 4510 1414 4571 constitueretur.
1462 4511 1530 4571 aas

157 4598 236 4659 enim
260 4617 314 4659 nec
339 4606 387 4658 est
420 4618 473 4660 nec
508 4618 634 4679 unquam
664 4599 720 4660 tuit
752 4602 800 4671 (ut
829 4599 958 4679 loquitur
987 4618 1024 4658 ex
1048 4599 1172 4659 Timaeo
1195 4597 1334 4659 Platonis
1359 4595 1468 4660 Cicero
1491 4598 1528 4659 ir·

158 4687 234 4750 libro
250 4688 286 4749 de
302 4686 516 4761 universitate)
541 4688 698 4768 quiequam
714 4688 770 4748 nisi
785 4688 1014 4767 pulehenirturn
1036 4688 1134 4748 faeere
1154 4706 1231 4758 euru,
1257 4685 1307 4766 qui
1332 4697 1416 4747 esset
1438 4685 1530 4766 opti-

157 4794 231 4839 mus.
279 4774 355 4840 Cum
383 4778 475 4859 igitur
507 4777 606 4839 ideam
638 4778 739 4841 mundi
768 4776 915 4839 Conditor
947 4777 1046 4838 auimo
1079 4775 1327 4857 praeconceperit
1358 4774 1534 4859 (loquimur
