3366 5482
152 225 219 296 m
635 219 952 296 *normannos

245 384 445 450 Differentiae
469 401 540 462 ergo
565 381 596 443 in
619 379 790 441 universum
815 377 992 459 quindecim.
1038 376 1108 441 Jam
1127 376 1297 457 videamus,
1321 379 1450 463 quinam
1473 380 1521 443 in·

155 487 203 542 ter
226 478 281 538 has
305 475 452 546 delectus,
475 479 508 532 et
531 488 678 551 quaenam
701 469 764 529 sint
786 468 968 530 naturaliter
990 467 1164 530 dovoram

695 556 826 617 Thesis
849 556 969 618 XXIII.

246 651 379 713 Primum
404 648 517 709 nullum
541 665 697 707 excessum
725 646 771 705 vel
804 645 954 706 defectum
978 643 1147 705 solitarium
1175 646 1241 707 sine
1270 647 1522 726 compensatione

157 741 326 805 consistere
351 756 478 815 aequum
502 743 559 796 est.
606 735 653 794 Ex
676 733 820 794 solitariis
844 734 946 812 itaque
971 752 1039 806 sex,
1072 740 1200 812 quatuor
1227 735 1354 796 cadunt.
1402 736 1522 798 Medio-

159 830 254 892 critas
280 846 350 887 vero
374 824 484 886 caloris
509 823 764 895 (mediocritatem
788 822 980 901 proportione
1003 822 1115 897 mundi,
1140 842 1198 884 non
1223 823 1403 903 quantitate
1427 825 1522 887 aesti-

157 917 321 989 mabimus)
346 915 459 975 collata
482 913 581 973 estin
606 930 714 989 corpus
731 909 848 984 Solate,
875 910 924 990 qui
948 929 1028 970 mere
1052 911 1174 989 propria
1187 911 1252 974 lnce
1269 912 1382 975 utitur:
1408 915 1524 976 medio-

74 1079 80 1088 ‚
158 1007 251 1069 critas
275 1003 466 1066 humectandi
489 1002 518 1063 in
544 1019 651 1078 corpus
675 1000 804 1070 Lunam,
830 1018 905 1078 quae
922 1018 1002 1060 mere
1027 1001 1203 1062 mutuatitia
1224 1000 1310 1064 Solis
1334 1010 1369 1062 et
1393 1001 1523 1065 sidemm

157 1096 224 1159 lnce
248 1095 351 1155 utitur.

695 1174 828 1235 Thesis
851 1174 971 1236 XXIV.

248 1269 365 1332 Deinde
390 1286 485 1347 neque
510 1283 653 1326 excessus
678 1263 822 1324 cumulari
851 1263 1034 1343 expediebat
1062 1263 1111 1325 vel
1139 1263 1288 1327 deiectus.
1339 1261 1424 1327 Sunt
1448 1268 1522 1330 enim

163 1383 182 1423 a
206 1367 316 1420 natura
338 1358 427 1437 paulo
452 1353 627 1426 alieniores,
659 1371 714 1412 nec
738 1351 795 1412 nisi
819 1353 1038 1431 contemperati
1062 1371 1206 1414 excessus
1230 1371 1300 1415 cum
1324 1354 1451 1417 defectu
1474 1376 1522 1419 re-

161 1448 319 1528 cipiuntur.
366 1448 472 1523 ltaque
497 1443 595 1503 nullus
619 1442 742 1521 planeta
765 1441 864 1502 factus
889 1449 945 1515 est,
971 1441 1020 1520 qni
1044 1450 1202 1521 utmmque
1226 1443 1276 1504 vel
1292 1462 1457 1506 excessum
1479 1448 1523 1508 vel

161 1537 313 1600 deiectum
338 1533 534 1611 suscepisset.
581 1531 713 1591 Restant
732 1548 803 1608 ergo
829 1529 1017 1591 differentiae
1041 1550 1078 1590 ex
1097 1530 1377 1593 combinationibus
1398 1543 1522 1614 septem.

160 1626 257 1690 Porro
281 1644 319 1685 ex
342 1623 389 1684 his
412 1622 459 1682 bis
483 1620 570 1680 binae
595 1619 700 1679 eodem
724 1618 871 1679 recidunt.
917 1617 1034 1679 Eadem
1058 1619 1137 1680 enim
1160 1626 1210 1680 est
1231 1621 1392 1703 proportio
1418 1642 1522 1686 exces-

161 1734 213 1777 sus
242 1713 351 1774 caloris
380 1712 418 1771 ad
450 1708 690 1770 mediocritatem
720 1707 866 1779 humoris,
902 1725 978 1785 quae
1009 1708 1232 1770 mediocritatis
1261 1709 1377 1771 caloris
1407 1712 1449 1773 ad
1471 1713 1522 1774 de-

162 1799 274 1867 sectum
308 1800 456 1862 humoris:
491 1797 595 1857 eadem
624 1797 760 1857 defectus
789 1795 899 1856 caloris
927 1797 966 1856 ad
1000 1797 1240 1859 mediocritatem
1264 1797 1421 1875 humoris,
1451 1820 1522 1881 quse

163 1890 383 1955 mediocritatis
407 1886 517 1949 caloris
542 1886 581 1946 ad
605 1904 762 1946 excessum
786 1883 932 1958 humoris,
967 1885 1046 1965 qnod
1069 1886 1118 1947 vel
1151 1887 1180 1947 in
1210 1887 1310 1965 ligura
1339 1887 1441 1951 lineae
1469 1909 1523 1970 pa·

168 1980 267 2046 ralleli
283 1979 455 2040 ostendunt.
504 1976 586 2036 Idem
603 1975 639 2034 de
660 1974 775 2052 junctis
791 1973 966 2033 excessibus
981 1974 1132 2052 judicium,
1156 1974 1205 2036 vel
1226 1976 1411 2039 defectibus.
1451 1978 1526 2042 Sunt

164 2089 237 2149 ergo
260 2087 349 2128 verae
374 2064 563 2127 differentiae
587 2062 723 2144 quinque,
749 2072 812 2123 tres
828 2061 989 2140 simplices,
1016 2063 1092 2124 duae
1108 2072 1141 2125 ut
1160 2064 1226 2142 jam
1250 2066 1354 2145 patuit
1378 2068 1524 2144 quodam-

164 2158 253 2221 modo
284 2155 431 2235 duplices,
465 2172 518 2213 seu
550 2152 649 2230 potius
684 2152 807 2212 duorum
841 2151 1007 2225 nominum,
1042 2171 1101 2212 uua
1134 2154 1234 2214 trium.
1282 2155 1331 2216 Ac
1366 2174 1436 2217 curn
1466 2158 1524 2218 sint

165 2246 328 2309 inmundo
358 2244 485 2323 quinque
510 2242 601 2302 etiam
625 2242 779 2319 planetae,
813 2246 875 2300 tres
899 2239 1069 2318 superiores
1093 2249 1125 2303 et
1153 2242 1211 2303 duo
1236 2243 1418 2318 inferiores,
1452 2266 1523 2308 con-

165 2343 342 2398 sentaneum
368 2332 503 2412 equidem
529 2339 586 2403 est,
612 2330 659 2390 vel
682 2330 719 2390 ob
743 2330 820 2389 hanc
844 2329 939 2390 solam
963 2347 1086 2390 causam
1110 2331 1264 2410 (quamvis
1290 2339 1324 2393 et
1348 2332 1429 2395 aliae
1453 2353 1522 2414 sup-

165 2427 286 2505 petant)
312 2430 358 2484 tot
380 2440 502 2482 numero
528 2421 625 2479 tactos
650 2438 737 2478 esse:
768 2417 844 2477 adeo
869 2417 941 2477 nihil
965 2418 1065 2497 aptius
1098 2438 1167 2481 esse
1196 2421 1299 2499 potuit
1327 2422 1385 2482 hac
1410 2424 1520 2485 combi-

164 2513 318 2576 nationum
343 2512 420 2573 inter
444 2509 526 2590 ipsos
551 2507 776 2569 distributione:
802 2525 890 2585 quam
914 2507 971 2567 hac
996 2506 1111 2568 tabella
1134 2509 1172 2570 ob
1196 2509 1301 2571 oculos
1324 2529 1417 2590 pono.

326 2688 480 2751 Excessus
586 2684 601 2745 I
646 2682 676 2744 V
722 2683 747 2745 P
792 2683 807 2744 1
852 2683 878 2743 T
922 2680 949 2742 Ε
994 2682 1024 2745 R
1141 2683 1298 2749 Excessus

509 2772 532 2836 S
560 2791 624 2835 mer
997 2770 1021 2834 S
1067 2771 1091 2836 S

571 2861 600 2922 A
712 2879 749 2921 cu
848 2859 879 2919 V
919 2902 930 2912 -
991 2859 1022 2922 R
1180 2888 1186 2914 r

264 2975 296 3024 0
647 2950 673 3010 Τ
716 2947 746 3010 N
845 2947 871 3010 ri
920 2948 951 3011 A
1385 2968 1417 3029 m

265 3031 295 3090 ἱ
568 3037 626 3113 VE
716 3037 746 3096 V
841 3036 875 3097 M
983 3057 1018 3099 us
1385 3032 1407 3129 ξ

265 3094 472 3227 ξξΜθᾱῑοοι.
581 3128 597 3187 1
641 3127 672 3187 v
716 3125 743 3276 p
788 3126 803 3187 1
842 3125 874 3274 lq
918 3123 946 3185 n
990 3125 1021 3276 p
1143 3127 1345 3191 usurarias
1384 3132 1413 3270 tp
1429 3131 1517 3193 nun..

265 3230 285 3248 ··
554 3234 617 3277 mer

174 3133 237 3196 Sol.

265 3253 295 3392 Ξ.
646 3303 743 3366 neu
838 3303 869 3364 v
919 3302 949 3365 n
1386 3271 1418 3372 ’ἐ

577 3393 608 3456 Α
705 3392 735 3455 N
839 3389 865 3452 ri
985 3392 1016 3453 V

510 3482 545 3544 M
569 3481 627 3543 VE
972 3501 1008 3542 ns
1052 3479 1076 3543 S

331 3571 477 3633 Defectus
566 3572 581 3633 1
626 3571 656 3631 V
701 3569 727 3630 P
773 3568 788 3629 1
835 3569 861 3629 T
906 3568 933 3631 E
978 3568 1009 3631 R
1146 3569 1296 3634 Defectus
1388 3627 1405 3642 ,

711 3744 846 3807 Thesis
869 3743 972 3808 XXV.

254 3839 303 3902 Ex
326 3838 372 3901 his
404 3835 551 3915 sequitur,
585 3835 725 3915 planetas
758 3834 887 3914 quinque
911 3854 969 3896 non
998 3839 1117 3896 tantum
1150 3827 1330 3902 mutuatitia
1354 3840 1439 3904 Solis
1461 3842 1520 3904 lnce

167 3929 235 3999 imi,
262 3930 314 3991 sed
339 3928 431 3989 etiam
456 3926 492 3987 de
517 3943 571 3985 sno
595 3924 709 4002 aliquid
731 3924 860 3985 addere:
886 3925 965 4002 quod
989 3923 1107 4003 quidem
1132 3932 1163 3986 et
1187 3925 1431 4008 aliastrationes
1454 3951 1520 3993 sus·

169 4021 252 4083 dent.
297 4018 377 4080 Nam
402 4016 428 4077 si
452 4014 547 4076 multa
570 4013 648 4093 apud
672 4033 726 4073 nos
750 4012 875 4094 physica
899 4032 1026 4092 corpora
1045 4013 1141 4074 lucem
1155 4013 1272 4078 habent
1291 4002 1433 4095 insitam,
1458 4020 1521 4101 quid

170 4108 325 4190 prohibet,
351 4106 463 4168 habere
489 4105 628 4176 eandem,
659 4110 780 4182 praeter
804 4101 920 4175 Solem,
945 4111 978 4163 et
1002 4102 1077 4164 alios
1101 4101 1209 4181 globos
1233 4106 1411 4172 coelestes?
1456 4112 1523 4172 'lbm

168 4199 195 4261 si
219 4205 358 4260 carerent
381 4196 521 4275 planetae
545 4195 609 4255 luce
633 4191 771 4270 propria,
796 4190 936 4252 videntur
959 4193 1049 4254 etiam
1074 4191 1196 4268 faciem,
1222 4204 1256 4257 ut
1280 4196 1387 4272 Luna,
1413 4208 1521 4262 mutare

169 4287 289 4351 debere.
336 4283 473 4362 Denique
497 4281 639 4343 credibile
664 4289 721 4356 est,
747 4281 894 4360 fulgorem
918 4288 949 4342 et
968 4281 1217 4346 scintillationem
1231 4295 1447 4365 argumentum
1461 4307 1521 4352 esse

168 4377 244 4442 lucis
267 4374 418 4457 propriae,
442 4371 675 4433 nebulositatem
699 4378 732 4430 et
754 4368 906 4450 pigritiem
931 4370 1058 4432 alienae.

707 4458 844 4520 Thesis
867 4457 987 4521 xxvi.

258 4547 516 4616 Considerandum
541 4567 616 4610 nnnc
641 4547 732 4609 etiam
756 4549 812 4609 hoc
837 4557 897 4622 est,
924 4548 1066 4628 quidnam
1090 4547 1121 4609 id
1143 4547 1200 4621 sit,
1233 4552 1313 4632 qnod
1336 4554 1521 4633 planetarum

168 4642 224 4704 ha's
246 4642 327 4704 vires
356 4641 386 4702 in
411 4656 567 4700 excessum
596 4638 724 4700 medium
753 4647 784 4699 et
817 4637 967 4701 deiectum
998 4637 1183 4717 distinguere
1217 4641 1327 4718 possit.
1374 4641 1520 4706 Mutuati·

169 4730 243 4794 tiam
266 4731 367 4812 itaque
391 4730 487 4793 lucem
511 4746 577 4789 cum
601 4748 620 4788 a
643 4726 804 4790 reflexione
828 4727 1049 4796 deduxerimus,
1074 4726 1287 4793 considerandi
1306 4737 1381 4795 sunt
1401 4749 1457 4815 pro
1470 4732 1521 4794 bro
1574 4761 1577 4764 >
