3366 5482
1084 178 1108 225 a

169 277 234 346 sed
768 278 930 329 Prooemium.

260 440 411 517 Keplems
434 457 523 518 quum
557 438 586 499 in
611 438 709 499 indice
733 455 879 499 summam
908 437 1001 499 libelli
1025 437 1072 499 sni
1096 436 1160 516 ipse
1187 436 1370 519 prodiderit,
1398 436 1440 499 nil
1462 457 1525 499 anr-

170 529 248 608 pllus
272 526 441 587 addendum
464 526 523 586 rati
548 544 649 586 snmus
674 527 711 585 de
735 526 787 599 iis,
820 544 897 605 quae
921 526 1021 586 insunt
1045 523 1114 586 hnic
1137 526 1222 587 suavi
1248 526 1410 605 opnscnlo,
1439 543 1528 605 prae·

173 618 259 695 cipue
275 635 342 675 cum
367 617 481 688 eadem,
508 633 584 693 quae
600 615 630 674 in
646 614 721 675 libro
736 615 772 675 de
788 612 888 676 Stella
904 614 993 675 Nora
1007 613 1179 693 conscripto
1202 633 1262 675 non
1277 614 1380 676 omitti
1393 623 1527 693 possunt,

171 706 219 768 hic
243 703 350 764 iisdem
380 704 441 764 lere
463 702 570 772 ,verbis
597 702 820 781 praemittenda
853 703 990 764 luissent.
1037 703 1103 763 Hoo
1130 711 1263 777 tantum,
1298 703 1378 783 qnod
1409 701 1529 780 saepius

172 793 316 864 diximus,
348 810 515 861 monemus,
549 810 586 850 ea
614 792 694 863 loca,
724 791 752 851 in
782 790 887 870 quibus
917 790 1135 853 defendendam
1166 792 1306 871 suscepit
1331 791 1527 869 astrologiam

172 881 331 960 Keplems,
357 898 414 939 non
440 880 468 938 in
491 879 578 959 pejus
602 879 628 939 ei
653 880 800 940 vertenda
824 899 900 947 esse,
925 878 996 959 qnia
1019 888 1050 942 et
1073 899 1179 941 mnnns
1202 880 1339 942 habebat
1361 877 1527 942 aCaesare

173 970 399 1040 demandatum,
431 966 548 1045 etipse
577 987 628 1038 ea,
661 968 768 1047 quibus
801 967 984 1047 astrologiae
1019 968 1119 1042 „filiae
1151 976 1280 1030 matrem
1311 968 1526 1031 astronomiam

175 1057 305 1119 alentis“
330 1057 397 1135 plus
416 1057 501 1134 justo
526 1056 656 1117 tribuere
680 1056 812 1126 videtur,
835 1055 1005 1135 restringit,
1035 1075 1154 1137 semper
1177 1075 1358 1136 comparans
1381 1056 1528 1118 rationem

173 1145 359 1222 astrologiae
383 1164 449 1206 oum
474 1144 526 1205 illa
549 1143 725 1217 medicinae,
750 1164 839 1224 quam
863 1145 999 1205 Feselius
1022 1146 1214 1225 profiteatur,
1237 1146 1285 1207 cni
1309 1164 1401 1225 qnam
1425 1162 1526 1224 pamm

172 1244 258 1296 serta
280 1235 355 1294 fides
380 1241 508 1305 constet,
533 1251 587 1311 per
606 1232 678 1312 joca
700 1239 733 1293 et
754 1233 836 1295 seria
857 1233 979 1313 probat.

260 1322 336 1401 Agit
359 1322 396 1382 de
421 1322 476 1381 hoo
500 1321 607 1382 libello
623 1320 662 1382 E.
687 1318 878 1383 Scbeibolins
901 1320 930 1382 in
957 1318 1219 1391 ,Oekonomisohe
1242 1320 1452 1384 Naohrichten
1475 1321 1526 1382 der

168 1411 379 1473 Schlesiselren
404 1409 627 1470 Patriotisolren
652 1407 879 1472 Gesellschait“
904 1412 968 1479 (an.
998 1403 1112 1482 1776),
1136 1411 1275 1471 refutans
1300 1409 1448 1472 vaticinia
1463 1407 1525 1472 Ca·

169 1499 296 1561 lendarii
320 1547 328 1572 ,
354 1498 432 1578 quod
458 1504 564 1561 vocant
587 1499 732 1560 seculare.
779 1496 969 1560 seheioetius
993 1498 1121 1558 landans
1143 1498 1263 1576 quidem
1287 1499 1416 1578 Kepleri
1440 1498 1525 1577 inge-

55 1659 65 1672 ,
168 1589 259 1661 nium,
282 1606 348 1648 cum
373 1588 460 1666 longe
484 1587 545 1648 alia
568 1585 626 1665 ipsi
649 1587 690 1648 sit
713 1585 864 1648 sententia
887 1586 975 1647 nimis
998 1585 1109 1666 premit
1131 1604 1177 1658 ea,
1202 1605 1280 1666 qnae
1304 1587 1343 1647 de
1358 1585 1525 1665 astrologia

168 1677 319 1756 Keplerns
353 1676 381 1736 in
415 1675 471 1736 hoc
503 1673 604 1736 libello
637 1675 792 1754 proponit,
826 1674 946 1737 minime
979 1674 1128 1737 rationem
1155 1675 1271 1737 habens
1294 1694 1416 1750 eornm,
1451 1693 1525 1756 qnae

168 1765 256 1826 modo
279 1765 409 1825 diximus
432 1764 469 1824 de
492 1762 546 1826 illa
568 1763 692 1842 Kepleri
714 1763 895 1825 conditione.

257 1852 433 1914 Schiireri
458 1853 683 1930 responsionem
706 1852 745 1913 ad
768 1851 881 1914 Feselii
904 1851 1047 1925 libellum,
1071 1850 1162 1912 nimis
1183 1850 1324 1913 diffusam
1348 1847 1434 1924 (2²0
1454 1869 1521 1931 pag.

168 1944 197 2004 in
220 1938 285 2016 4.),
310 1942 338 2002 in
363 1960 423 2020 qna
444 1941 644 2019 astrologiam
666 1940 755 2002 anxie
780 1940 930 2015 delendit,
961 1957 1042 2000 anno
1068 1935 1164 2002 1611.
1188 1939 1353 2018 prodiisse,
1373 1940 1523 2002 monuisse

167 2029 308 2092 sufficiat.
355 2030 420 2091 Eoo
444 2038 562 2091 tantum
584 2028 733 2100 addimus,
757 2026 939 2090 &bererum
961 2029 992 2089 in
1015 2027 1100 2090 calos
1124 2027 1193 2089 libri
1207 2028 1253 2090 sni
1277 2039 1430 2092 mortnnm
1447 2046 1519 2090 nnn·

167 2118 248 2181 oiare
271 2118 423 2181 Feselinm
445 2136 549 2180 mense
570 2113 867 2196 Septembrillilll.
962 2124 965 2131 '
