3366 5482
171 228 236 299 ιω
686 228 1018 295 ωσι-ψ·

168 389 419 457 ὐῆιᾱίιοεᾶ.
462 387 1579 474 Rheiubolquuidemiupmteuieisomniadiligsntissinedio..

165 479 279 563 ponit
298 477 381 540 ·Sed
404 477 497 539 nolim
519 476 628 556 aliquis
651 477 709 538 bae
732 477 834 554 speeie
857 479 1103 555 scrupulositatis
1130 480 1287 544 neuros
1316 484 1548 551 trabeculas

167 586 308 633 numeros
336 566 365 627 in
394 566 582 628 astronomia
613 565 773 626 fastidiat:
807 584 871 625 rem
902 567 1040 627 exactius
1073 580 1210 629 censeat.
1257 571 1319 633 Illa
1345 575 1460 637 suuni
1488 575 1548 639 riri

167 656 286 721 minuta
307 666 340 718 et
362 654 539 734 scmpnlosa
562 672 635 714 cura
657 663 712 714 aut
733 664 783 714 est
804 662 930 732 propter
946 656 1162 718 certitudinem
1175 659 1296 733 calculi,
1320 669 1377 722 ant
1399 680 1463 724 nou
1485 683 1547 727 no-

168 744 304 807 ccssaria
325 744 355 805 iu
378 742 517 823 partibus
541 760 747 813 numerorum,
770 742 854 821 ipsos
877 761 950 802 reru
971 752 1057 804 totos
1079 765 1234 820 numeros,
1259 766 1338 827 quos
1361 758 1430 813 tam
1452 771 1546 816 anm.

168 832 274 914 pulora
297 831 429 905 diduxit,
452 851 469 891 c
493 828 660 909 Copemico
684 830 837 908 excerpsit
859 830 948 890 sicuti
971 831 1040 893 illos
1063 834 1189 912 reperit.

257 922 306 984 Ac
329 921 395 1000 ipse
419 919 538 998 quidem
562 916 747 997 Copemieus
770 937 860 997 qnam
882 918 1030 982 bumanus
1052 921 1093 982 sit
1117 923 1146 983 iu
1170 924 1354 1004 recipiendis
1379 928 1545 1008 qualibus-

167 1028 284 1091 ounqne
306 1008 452 1082 numeria,
480 1008 531 1088 qui
554 1008 773 1087 quadamtenus
797 1025 835 1067 ex
868 1016 939 1068 roto
970 1010 1136 1072 obveniunt
1163 1021 1197 1073 et
1223 1013 1263 1074 ad
1286 1013 1467 1079 institutum
1492 1020 1544 1081 ia-

168 1098 270 1172 eiurrt,
304 1099 334 1159 id
358 1096 530 1176 experietur
552 1094 681 1174 diligens
704 1093 864 1174 Copernici
888 1097 992 1157 lector.
1039 1098 1210 1175 Numeros,
1242 1102 1294 1181 qui
1318 1122 1375 1183 per
1397 1104 1545 1173 diversas

168 1187 360 1267 operationes
382 1186 414 1247 ri
443 1183 711 1245 demonstrationis
738 1184 858 1263 penitus
890 1186 1050 1247 convenire
1081 1187 1255 1257 debebant.
1288 1210 1350 1253 uon
1383 1196 1543 1274 repudiat,

168 1275 308 1357 quamvis
338 1276 511 1352 discrepent
544 1271 660 1352 aliquot
696 1273 855 1351 scmpulis.
910 1271 1150 1337 Observationes
1185 1278 1213 1339 in
1246 1278 1412 1356 waltero,
1429 1278 1479 1357 ⁸³)
1512 1285 1544 1350 in

167 1363 343 1427 Ptolemaeo
366 1370 400 1423 et
422 1361 494 1423 alibi
518 1360 561 1423 sic
585 1360 668 1438 legit,
693 1369 726 1422 ut
748 1360 786 1422 iis
802 1380 839 1421 eo
853 1363 1103 1425 commodioribus
1127 1374 1231 1427 utatur
1252 1368 1293 1428 ad
1315 1374 1543 1439 manendum

167 1450 325 1526 calculum,
349 1452 427 1512 uode
450 1451 480 1511 in
504 1459 640 1527 tempore
664 1449 765 1522 boras,
789 1449 818 1510 iu
841 1450 970 1512 arcubus
984 1453 1169 1531 quadrantes
1183 1457 1329 1534 graduum
1345 1467 1379 1521 et
1401 1463 1542 1542 amplius

166 1541 318 1605 interdum
348 1540 504 1619 negligere
534 1538 582 1599 vel
611 1547 729 1598 mutare
760 1538 843 1599 nulla
874 1539 918 1598 illi
951 1540 1065 1620 religio.
1112 1543 1254 1616 Alicubi,
1287 1552 1322 1607 ut
1352 1546 1385 1608 iu
1419 1560 1544 1616 mutata

166 1629 395 1695 ecceutricitate
410 1627 521 1690 Martis
537 1634 571 1687 et
584 1625 726 1698 Veneris,
750 1627 832 1687 sinus
847 1627 938 1687 etiam
953 1629 1161 1709 discrepantes
1181 1652 1201 1693 a
1222 1633 1356 1696 veritate
1365 1648 1540 1719 ,acceptat

166 1725 286 1783 tantum
308 1718 387 1792 idco,
413 1716 484 1796 qnia
506 1732 667 1795 parumper
691 1715 731 1775 ad
754 1733 817 1789 eos,
840 1734 916 1795 quos
940 1728 1038 1796 optat,
1062 1719 1191 1798 digitum
1214 1720 1388 1787 intendunt.
1436 1727 1543 1792 Multa

166 1827 244 1890 qnae
266 1828 304 1869 cx
328 1807 424 1885 ipsius
448 1803 638 1866 confessione
661 1805 848 1865 emendanda
871 1805 1010 1879 fuissent,
1036 1808 1157 1886 integra
1179 1818 1212 1871 et
1233 1811 1355 1874 sincera
1373 1833 1414 1877 ex
1428 1816 1541 1882 Ptole.

166 1916 253 1961 maso
267 1895 429 1975 depromit,
453 1892 579 1955 mutatis
593 1893 704 1953 ceteris
719 1893 883 1955 similibus:
908 1904 998 1975 atque
1022 1895 1059 1957 iis
1082 1906 1192 1977 postea
1215 1899 1417 1966 fundamenta
1440 1925 1541 1973 norae

165 1985 368 2051 mmouomiae
392 1982 533 2043 exstruit
568 1978 702 2049 Quomm
725 1981 856 2043 omnium
879 1983 950 2044 mihi
973 1985 1103 2064 plurima
1116 1987 1297 2073 documenta
1311 1989 1399 2054 dedit
1413 1994 1540 2059 Manat„

165 2076 255 2148 linus,
280 2091 357 2152 quac
381 2069 540 2132 brevitatis
564 2087 658 2128 cansa
680 2069 767 2129 mitto
786 2071 948 2132 ascribere.
987 2074 1089 2154 Atque
1114 2075 1191 2138 adeo
1214 2077 1246 2138 in
1268 2081 1541 2158 reprehensionem

166 2165 317 2225 incurrere
336 2159 407 2238 jure
430 2157 601 2218 videretur:
632 2156 689 2218 uisi
712 2159 848 2220 consulto
872 2159 1010 2235 lecisset,
1039 2182 1075 2224 eo
1100 2164 1179 2244 quod
1202 2176 1392 2246 praestaret,
1418 2171 1539 2254 imper.

159 2241 278 2314 ⁸lectam
302 2245 523 2328 quodammodo
546 2243 657 2306 babere
681 2247 904 2318 asuenomiam,
928 2267 1018 2329 quam
1036 2254 1157 2331 penitus
1176 2254 1301 2317 nullam.
1339 2257 1423 2323 Nam
1448 2263 1536 2342 ejus-

165 2339 245 2403 modi
269 2338 389 2416 quidem
412 2333 610 2395 difficultates
633 2342 804 2410 occurrent,
829 2336 898 2398 dum
921 2339 1023 2401 sidera
1044 2351 1185 2404 current:
1210 2362 1287 2423 quas
1310 2363 1479 2426 superero,
1504 2362 1539 2416 et

164 2445 224 2489 nou
247 2424 424 2506 impeditum
448 2421 488 2483 ad
510 2421 755 2484 constitutionem
779 2426 924 2487 scientiae
948 2447 1015 2489 curu
1038 2430 1159 2492 minimo
1187 2432 1299 2494 damno
1328 2436 1473 2514 aspirare
1501 2450 1537 2505 ut

165 2534 257 2579 ausus
282 2521 331 2575 est
355 2509 553 2591 Coporuicus,
578 2510 608 2572 id
632 2511 687 2572 riri
711 2512 798 2574 fortis
821 2523 889 2589 cst;
921 2515 1021 2595 ignari
1044 2519 1269 2601 subterfugere,
1293 2521 1394 2586 timidi
1419 2527 1535 2610 despe-

165 2622 233 2667 rare
262 2610 295 2666 et
321 2619 439 2663 omnem
472 2599 549 2661 hauc
581 2619 682 2662 curam
714 2601 855 2680 abjicere.
901 2602 1162 2673 Quemadmodum
1190 2617 1223 2670 et
1250 2609 1316 2689 ipse
1341 2609 1536 2694 Copernions

164 2694 241 2756 baec
264 2691 352 2753 modo
377 2688 527 2750 recensita
551 2691 713 2766 coaluere
736 2690 773 2753 de
796 2711 829 2752 sc
853 2711 948 2772 ueque
972 2694 1164 2771 dissimulat,
1197 2718 1294 2779 neque
1325 2719 1393 2763 curu
1416 2706 1535 2783 pudore

166 2783 289 2844 latetur.
335 2776 483 2856 Exemplo
506 2777 674 2840 Ptolemaei
701 2789 733 2842 et
760 2789 895 2842 veterum
922 2801 956 2842 se
987 2785 1101 2858 munit,
1136 2785 1315 2849 difficultate
1348 2790 1535 2858 observandi

166 2876 300 2942 excusat,
326 2878 418 2948 atque
443 2866 550 2946 ubique
575 2867 644 2929 aliia
668 2869 804 2948 exemplo
826 2870 933 2948 praeit,
958 2870 988 2931 in
1006 2875 1230 2950 praeclaromm
1248 2876 1441 2944 inventorum
1456 2903 1534 2947 cou-

165 2957 333 3021 firmatioue
357 2956 520 3019 minutulos
544 2956 636 3017 hosce
660 2957 798 3018 delectus
827 2960 1057 3022 contemnendi:
1091 2964 1171 3043 quod
1203 2964 1262 3026 uisi
1295 2966 1410 3031 lactum
1438 2981 1536 3035 antea

165 3045 289 3121 fuisset,
317 3064 466 3125 nunquam
489 3044 684 3106 Ptolemaeus
708 3045 790 3107 illam
812 3049 936 3126 populos
958 3047 1108 3124 conules,
1132 3051 1318 3133 Copemieus
1340 3079 1402 3119 cns
1422 3059 1535 3124 duno.

161 3158 263 3217 aanor
285 3136 394 3209 libres,
417 3133 624 3196 Rheiuboldus
647 3134 824 3197 Pmteuicas
848 3137 934 3197 nobis
959 3138 1115 3201 edidisset.

251 3224 359 3308 Neque
383 3224 496 3285 nullam
521 3223 747 3286 excusationem
770 3225 841 3286 mihi
865 3235 973 3307 quarto
1002 3227 1067 3289 loco
1096 3230 1272 3310 suppeditat
1294 3233 1349 3295 ills
1371 3233 1533 3303 Maestlini

165 3314 270 3377 tabula
297 3316 326 3376 iu
351 3332 419 3393 cap.
447 3310 497 3374 15.
528 3313 651 3373 inserta
698 3310 883 3393 Copemico,
917 3336 983 3378 curu
1011 3319 1252 3382 ecceutricitates
1284 3322 1480 3402 planetarum
1515 3351 1535 3392 a

163 3402 341 3467 Ptolemaeo
365 3410 562 3468 mutuaretur,
587 3400 660 3463 nibil
683 3403 780 3464 miuus
804 3423 892 3484 quam
916 3405 953 3465 de
972 3404 1029 3468 hac
1050 3407 1153 3470 diviua
1170 3409 1321 3473 coelorum
1334 3418 1532 3494 proportione

163 3491 315 3555 soboluit:
340 3501 374 3554 ut
397 3509 454 3553 uon
480 3490 587 3569 injuria
611 3490 805 3555 vehementer
828 3493 896 3572 quis
914 3494 1047 3567 miretur,
1071 3496 1168 3576 ipsum
1191 3506 1256 3560 tam
1278 3518 1373 3579 prope
1397 3504 1439 3567 ad
1462 3525 1532 3571 eam

162 3581 352 3645 accessisse:
387 3599 482 3660 neque
508 3579 571 3640 fore
595 3580 737 3659 putavit,
767 3590 801 3643 ut
824 3582 993 3644 necessitas
1017 3584 1179 3664 aliquando
1207 3598 1351 3667 cogeret,
1375 3590 1530 3672 inquirere

105 3703 110 3710 ·
161 3671 327 3734 distantias
352 3668 466 3732 escle
491 3677 523 3730 et
545 3667 677 3746 doricus
701 3670 776 3731 loca.
822 3668 901 3741 Quid
926 3672 1031 3734 mirum
1054 3673 1153 3753 igitur,
1177 3677 1204 3738 si
1227 3677 1257 3738 iu
1281 3677 1338 3739 bac
1362 3680 1402 3740 ad
1427 3683 1531 3749 vivum

159 3759 328 3822 resectione
352 3767 385 3821 et
407 3756 546 3820 ἀναλυσει
575 3758 674 3819 mundi
703 3759 799 3820 multa
827 3760 1089 3840 deprehendantur
1116 3764 1222 3838 rudia,
1255 3784 1322 3828 cum
1351 3769 1466 3834 artilex
1490 3772 1530 3837 ad

159 3846 284 3913 minima
306 3869 364 3911 uon
389 3847 580 3927 respexerit?
623 3844 718 3917 Quasi
742 3847 771 3910 iu
795 3868 891 3928 parva
914 3849 1042 3928 pictura,
1067 3870 1143 3930 quae
1167 3853 1218 3914 vir
1242 3855 1395 3933 integram
1418 3859 1530 3927 faciem

160 3936 344 4001 adsensum
368 3938 520 4017 exprimit,
545 3936 570 3998 si
595 3937 661 4018 quis
685 3937 762 3999 oculi
786 3947 839 4000 aut
861 3938 993 4018 pupillae
1013 3959 1115 4002 veram
1139 3945 1362 4023 proportionem
1387 3961 1528 4030 quaerat,

160 4046 229 4092 eum
252 4029 318 4090 lolli
343 4046 468 4089 necesse
492 4034 550 4088 est.
597 4026 742 4105 Neglerit
764 4027 843 4089 enim
866 4027 944 4089 hauc
967 4029 1065 4106 pictor
1087 4030 1126 4092 ob
1149 4033 1328 4107 exilitatem,
1352 4047 1527 4119 contentus,

158 4117 196 4193 si,
220 4136 298 4198 quae
322 4125 393 4179 suut
412 4116 608 4190 evidentiora,
633 4116 853 4196 quodammodo
872 4127 1126 4195 repraesentaret.
1160 4119 1212 4184 Sic
1227 4123 1268 4186 ad
1281 4122 1360 4186 banc
1383 4125 1529 4193 heleno

159 4206 297 4287 quamvis
322 4205 439 4285 optima
461 4206 577 4267 ratione
602 4204 795 4279 accesserim,
825 4214 953 4285 cogente
975 4226 1022 4269 me
1045 4209 1075 4268 vi
1101 4208 1369 4275 demonstrationis
1393 4224 1427 4279 et
1448 4237 1526 4283 con·

158 4292 272 4357 ditione
296 4294 339 4358 rei
363 4295 558 4373 propositae:
593 4294 683 4356 nolim
707 4303 808 4356 tamen
834 4304 867 4356 ut
891 4296 957 4376 quis
981 4296 1038 4358 sibi
1061 4299 1257 4376 persuadeat,
1287 4300 1430 4366 absolute
1454 4326 1527 4372 cor-

159 4380 294 4447 tissimos
319 4400 458 4444 numeros
482 4403 514 4444 se
539 4382 607 4445 iude
631 4384 780 4445 retulisse.
827 4383 906 4445 Fieri
931 4404 1058 4466 namque
1081 4395 1198 4465 potest,
1223 4398 1259 4452 ut
1279 4390 1355 4451 haec
1379 4392 1452 4473 ipsa
1474 4414 1527 4460 ro.

158 4471 254 4536 sectio
279 4472 388 4534 erroris
413 4473 564 4534 ulterioris
588 4492 682 4534 causa
706 4473 805 4534 luerit.
848 4472 928 4535 Ecce
953 4492 1009 4535 uon
1035 4475 1114 4537 levis
1137 4475 1259 4540 iudicia.
1301 4477 1448 4558 Causam,
1473 4502 1527 4549 cnr

156 4570 308 4625 mutentur
332 4561 575 4623 eccentricitates
598 4562 707 4623 Martis
733 4570 763 4623 et
789 4562 931 4637 Veneris,
959 4561 1143 4642 Copemicus
1168 4566 1196 4626 iu
1221 4566 1420 4635 mutationem
1445 4573 1525 4637 Ter.

156 4670 247 4714 renas
271 4650 396 4714 confert.
431 4651 499 4713 Nou
523 4649 615 4730 igitur
637 4660 772 4713 mutatur
794 4669 867 4712 vera
890 4670 991 4713 eornm
1015 4674 1034 4713 a
1049 4651 1120 4714 Sole
1139 4656 1369 4731 ecceutricitas;
1393 4662 1525 4726 demon.

157 4739 338 4805 rossanen
362 4741 400 4803 ad
425 4740 543 4804 oculum
567 4738 661 4801 babes
685 4743 714 4801 in
739 4739 853 4802 tabula.
901 4737 990 4814 Quod
1014 4741 1039 4803 si
1063 4741 1108 4805 ita
1136 4751 1198 4817 est,
1227 4746 1389 4830 oportebat
1411 4769 1525 4821 eccon.
