3366 5482
603 235 761 302 mustoque
778 227 932 288 amenum?
1378 236 1444 306 427

88 393 149 455 sint
182 409 220 454 au
254 390 393 457 humiles.
443 392 512 456 Alti
544 394 665 474 placent
698 394 875 474 astrologis,
914 395 1042 458 humiles
1073 397 1217 481 physicis.
1265 395 1444 463 Statuamus

88 482 365 562 compensationem
389 481 436 543 hic
461 502 540 550 esse,
564 492 599 545 ut
622 502 679 562 quo
704 484 818 562 majore
842 493 1003 546 cernantur
1026 487 1134 565 angulo
1159 487 1300 561 (humiles
1322 493 1445 569 nempe)

88 571 142 632 hoc
164 572 234 649 plus
257 571 432 646 calfaciunt,
456 581 579 651 propter
598 572 674 633 hanc
699 573 817 652 quidem
843 572 999 635 visionem.
1046 575 1154 636 Virtus
1179 594 1250 638 vero
1274 596 1313 638 ex
1335 579 1443 641 altitu·

89 660 155 721 diue
180 669 272 722 aucta
295 678 418 722 causam
442 661 535 723 habet
557 661 658 721 aliam.

612 749 744 811 Thesis
768 750 920 811 XXXIII.

175 835 308 898 Ratione
339 837 493 917 utriusque
521 838 642 899 virtutis
673 840 861 900 calfacientis
893 847 923 900 et
951 839 1153 900 humectantis
1186 836 1445 910 considerandum,

89 925 200 1006 quoin
224 925 311 1004 signo
336 934 497 987 versentur
520 928 673 1007 planetae.
719 928 799 989 Nam
823 936 854 989 et
877 929 1017 1007 planetae
1041 935 1073 987 et
1086 929 1174 989 Luna
1197 929 1225 989 in
1251 943 1358 988 cancro
1377 924 1447 1003 plu·

90 1014 195 1076 ninum
219 1022 393 1093 operantur,
418 1015 488 1094 qnia
512 1016 679 1076 diutissime
704 1025 775 1077 sunt
798 1036 889 1095 supra
912 1017 1045 1088 Terram,
1072 1024 1104 1077 et
1126 1026 1249 1097 propter
1273 1014 1350 1073 alias
1374 1031 1447 1074 cau-

91 1123 142 1166 sas
165 1102 253 1165 initio
277 1111 540 1177 commemoratas,
565 1124 632 1164 cum
657 1106 693 1165 de
717 1103 788 1165 Sole
813 1124 981 1185 ageremus.
1029 1106 1075 1165 lta
1099 1106 1204 1177 etiam,
1229 1123 1294 1165 cum
1319 1107 1448 1180 aparte

88 1200 160 1254 sunt
189 1191 420 1270 septentrionis,
454 1193 521 1271 plns
549 1194 666 1254 habent
692 1193 824 1255 virtutis.
872 1193 949 1254 Hine
977 1193 1143 1272 plenilunia
1171 1191 1320 1254 brumalia
1348 1189 1446 1250 burni-

87 1282 175 1343 diora
197 1289 269 1341 sunt
292 1280 428 1345 aestivis.
477 1282 509 1341 ln
535 1283 618 1343 zonis
643 1282 744 1362 itaque
765 1282 1059 1361 septentrionalibus
1077 1283 1157 1344 circa
1171 1283 1248 1343 hunc
1269 1289 1301 1341 et
1314 1297 1446 1358 sequen-

86 1382 136 1432 tes
164 1370 281 1449 aliquot
311 1388 407 1430 annos
431 1367 556 1431 Saturni
585 1380 616 1431 et
639 1369 740 1444 Jovis,
767 1372 835 1449 quin
865 1379 896 1431 et
920 1372 1030 1432 Martis
1060 1371 1089 1431 in
1118 1373 1174 1432 fine
1199 1371 1286 1439 anni,
1317 1368 1446 1428 virtutes

80 1460 150 1537 jam
174 1458 346 1537 explicatae
369 1458 535 1519 imbecilles
560 1468 660 1520 erunt:
691 1460 761 1538 qnia
785 1460 984 1521 versabuntur
1013 1460 1041 1520 in
1066 1460 1162 1539 signis
1185 1458 1356 1522 humilibus.
1403 1456 1448 1517 At

85 1548 116 1609 in
141 1547 225 1609 zonis
249 1547 433 1609 australibus
452 1556 538 1609 tanto
562 1555 650 1609 erunt
674 1549 823 1610 fortiores.

614 1637 746 1698 Thesis
769 1636 919 1698 XXXIV.

178 1725 213 1785 In
237 1730 320 1785 motu
348 1741 415 1784 cum
445 1724 601 1786 videamus
634 1726 840 1787 tardissimum
865 1744 1012 1805 quemque
1042 1722 1202 1803 plurimum
1236 1740 1344 1802 posse:
1379 1720 1448 1782 hinc

82 1833 199 1876 causas
222 1812 414 1886 deducemus,
439 1833 491 1875 cur
514 1815 685 1876 stationarii
705 1822 767 1876 tam
792 1816 854 1875 sint
868 1815 986 1892 operosi
1011 1825 1042 1874 et
1065 1814 1094 1874 in
1115 1813 1260 1893 apogaeis
1275 1819 1445 1874 versantes.

84 1902 150 1967 Ubi
173 1902 319 1963 Mercurii
350 1902 443 1963 statio
472 1903 601 1963 omniurn
626 1905 755 1966 maxime
780 1913 828 1964 est
851 1905 974 1965 efficax:
1008 1904 1034 1963 is
1059 1901 1152 1975 enirn,
1184 1908 1217 1962 nt
1240 1899 1447 1960 velocissimus

83 1992 178 2065 alins,
203 1990 362 2070 plurimum
386 1991 422 2052 de
446 1999 529 2052 motu
553 1992 676 2053 amittit.
724 1991 848 2054 Saturni
872 2011 943 2053 vero
968 1992 1060 2052 statio
1085 1991 1234 2050 minimum
1251 1989 1352 2062 efficit,
1379 1987 1449 2067 quia

82 2100 196 2160 parum
219 2079 321 2154 habet,
346 2081 425 2159 quod
448 2081 479 2141 in
503 2081 634 2142 statione
658 2083 776 2160 perdat.
824 2081 963 2143 Mercurii
980 2081 1097 2161 quidem
1122 2079 1215 2140 statio
1242 2077 1448 2155 utplurimum

86 2177 209 2242 ventos,
235 2176 286 2229 est
307 2168 357 2231 ubi
381 2177 412 2230 et
435 2170 520 2231 nives
544 2171 744 2251 vellpiuvias,
769 2171 798 2230 iu
823 2189 931 2249 genere
955 2171 1094 2249 copiosos
1117 2186 1245 2246 vapores
1270 2166 1340 2227 ciet.
1383 2164 1449 2225 Hos

85 2259 183 2336 igitur
206 2258 449 2336 exspectabimus
476 2258 556 2320 circa
583 2257 632 2320 17.
657 2260 748 2321 Jauu.
774 2257 826 2322 20.
851 2260 926 2337 Apu.
955 2257 1004 2322 12.
1030 2259 1114 2332 Maii,
1144 2255 1194 2319 15.
1211 2258 1291 2335 Aug.
1317 2250 1347 2316 6.
1369 2253 1450 2333 Sep·

86 2356 163 2409 tem.
189 2343 218 2409 9.
245 2357 278 2407 et
299 2342 353 2409 31.
372 2347 496 2409 Decem.
544 2347 607 2409 Sed
630 2349 762 2410 incertus
786 2348 949 2410 etiamnum
965 2348 1105 2409 Mercurii
1129 2355 1228 2407 motus
1252 2364 1311 2406 non
1334 2343 1450 2422 patitur

85 2434 295 2498 certissimum
319 2435 397 2497 diem
422 2437 589 2515 praefinire.

627 2526 756 2587 Thesis
780 2525 916 2587 XXXV.
1310 2595 1313 2616 Ι

182 2610 284 2681 Quas
314 2612 493 2673 haetenus
526 2615 693 2693 explicui
726 2634 858 2675 causas
892 2615 1099 2675 futurorum
1133 2621 1340 2683 eventuum,
1380 2609 1450 2671 illae

87 2701 152 2764 etsi
175 2701 301 2762 multum
325 2702 443 2781 quidem
467 2702 635 2764 divinitatis
659 2703 782 2777 habent,
807 2723 909 2765 omnes
934 2713 1034 2764 tamen
1059 2702 1203 2763 materiae
1219 2709 1357 2761 naturam
1378 2717 1450 2778 pro-

90 2791 161 2871 pius
193 2789 365 2863 imitantur,
398 2809 486 2869 quam
518 2811 593 2871 quae
624 2793 686 2872 jam
720 2801 891 2873 sequentur.
939 2793 1018 2854 Nam
1053 2793 1184 2869 ipsarum
1214 2788 1323 2868 agendi
1347 2787 1451 2858 modus

93 2882 125 2941 in
151 2880 264 2940 effluxu
295 2879 423 2958 quodam
455 2880 529 2941 lucis
560 2882 701 2942 consistit
725 2902 816 2961 usque
841 2881 977 2942 adhaec
1002 2880 1175 2942 sublunaria
1199 2896 1326 2955 corpora
1349 2877 1450 2938 conti·

30 3010 43 3026 ι
94 2976 224 3032 nuatae:
249 2967 298 3048 qui
323 2969 460 3042 efflurus,
487 2970 622 3048 quamvis
647 2970 710 3031 sine
735 2970 862 3031 materia
891 2978 922 3030 et
946 2977 1079 3047 ternpore
1103 2978 1159 3040 est,
1194 2985 1252 3026 non
1277 2973 1378 3025 tamen
1402 2974 1452 3025 est

91 3059 161 3120 sine
190 3057 392 3135 quantitatum
416 3057 659 3119 dimensionibus.
706 3060 757 3121 Fit
787 3059 866 3119 enim
890 3077 943 3136 per
971 3058 1080 3118 lineam
1108 3046 1452 3127 rectam,'attenuatnr

91 3165 163 3208 cunr
192 3145 341 3206 distantia
369 3167 388 3206 a
410 3147 523 3220 sidere,
559 3149 671 3209 crescit
704 3149 751 3209 vel
781 3147 930 3208 decrescit
962 3165 1029 3206 cnm
1059 3146 1125 3225 ipsa
1156 3143 1282 3205 lucentis
1312 3143 1452 3221 planetae

90 3235 187 3306 facie,
212 3234 373 3313 impeditur
397 3236 516 3313 objectu
540 3238 673 3315 corporis
698 3237 797 3315 opaci,
824 3245 855 3297 et
878 3235 1025 3308 vicissim,
1051 3235 1152 3314 posita
1175 3232 1284 3293 sideris
1308 3238 1452 3309 aspecta·

90 3324 147 3386 bili
170 3325 371 3404 praestantia,
396 3325 535 3385 continue
559 3327 689 3404 ponitur.
737 3327 800 3388 Nec
825 3325 855 3385 id
879 3332 997 3385 tantum
1021 3324 1051 3384 in
1075 3342 1133 3384 uuo
1158 3331 1189 3386 et
1212 3321 1317 3381 eodem
1342 3320 1451 3394 sidere,

88 3413 149 3474 sed
174 3413 268 3474 etiam
296 3413 325 3473 in
349 3415 573 3491 comparatione
602 3414 787 3476 diversorum
812 3414 904 3475 habet
929 3415 1043 3474 locum:
1073 3422 1106 3473 ut
1137 3412 1208 3491 quia
1232 3409 1285 3472 Sol
1311 3418 1343 3470 et
1365 3410 1453 3470 Luna

89 3509 166 3565 sunt
189 3510 316 3582 aspectu
339 3502 475 3575 maximi,
511 3502 539 3562 iu
564 3503 624 3563 iilis
649 3522 763 3582 quoqne
794 3502 1039 3565 evidentissimae
1064 3510 1134 3579 sunt
1161 3504 1218 3563 hae
1243 3499 1387 3559 virtutes:
1421 3497 1451 3557 in

89 3591 216 3664 ceteris,
242 3609 366 3670 quarum
391 3591 538 3652 diameter
561 3611 628 3653 cum
652 3592 733 3653 Solis
758 3601 790 3653 et
814 3594 917 3653 Lunae
940 3592 1094 3653 diametris
1119 3590 1267 3669 inparve
1292 3605 1452 3666 compara-

90 3681 175 3742 tione
201 3688 258 3753 est,
283 3680 443 3742 admodum
462 3681 572 3753 exiles,
599 3681 732 3760 adeoque
756 3682 808 3742 vix
832 3700 867 3741 ac
891 3700 928 3741 ne
951 3681 1002 3740 vix
1026 3680 1145 3760 quidem
1169 3676 1339 3740 sensibiles.
1383 3674 1477 3736 Ita·-

90 3788 151 3849 quc
176 3769 269 3830 etiam
293 3769 331 3830 ab
356 3770 575 3845 astrologorum
605 3771 693 3831 turba
716 3764 909 3852 {variationes
947 3770 1052 3831 harum
1077 3769 1267 3830 affectionum
1292 3764 1454 3826 secundum

87 3858 192 3920 dictos
217 3858 322 3919 modos
346 3859 408 3920 iere
432 3859 633 3937 negliguntur.
676 3927 678 3931 .

621 3946 753 4008 Thesis
777 3945 927 4008 XXXVI.
1411 3983 1414 3986 ι

184 4033 326 4113 Sequitur
342 4054 412 4115 ergo
437 4035 497 4096 alia
521 4056 622 4111 causa,
649 4056 724 4117 quae
749 4055 851 4096 omnes
866 4036 1006 4114 planetas
1027 4032 1195 4113 aequaliter
1213 4031 1340 4104 attinet3
1366 4030 1454 4109 longe

88 4143 184 4206 quam
208 4124 292 4203 prior
314 4125 368 4185 illa
391 4124 528 4193 nobilior,
555 4145 689 4205 quaeque
705 4126 798 4185 multo
815 4126 881 4204 plus
898 4123 1105 4184 admirationis
1131 4121 1233 4182 habet.
1282 4122 1360 4181 Nam
1379 4120 1455 4180 haec

87 4213 167 4276 nihil
191 4213 385 4275 materiatum
408 4213 505 4293 sapit,
537 4216 590 4274 sed
621 4215 734 4275 formae
762 4214 911 4276 rationem
935 4211 1041 4284 habet,
1072 4230 1128 4272 neo
1157 4211 1271 4271 formae
1296 4207 1452 4287 simplicis,

88 4302 151 4364 sed
174 4302 314 4364 animalis
337 4303 504 4377 facultatis,
530 4305 583 4364 sed
609 4302 835 4374 intellectionis,
859 4302 914 4362 sed
938 4301 1123 4380 geometriae
1149 4299 1341 4378 cognitionis.
1384 4296 1453 4357 Non

87 4392 173 4454 enim
199 4391 287 4453 lineis
311 4393 403 4453 rectis
429 4411 465 4453 ex
488 4390 638 4453 sideribus
662 4393 789 4471 siugulis
813 4392 956 4452 virtutem
980 4390 1072 4459 elicit,
1097 4389 1150 4450 sed
1167 4388 1302 4449 binorurn
1321 4385 1454 4457 siderum

89 4486 241 4542 coeuntes
266 4480 295 4541 in
321 4481 415 4542 Terra
437 4480 540 4541 radios
566 4481 718 4551 aestimat,
744 4480 925 4559 geometrice
941 4478 1076 4552 coierint,
1103 4497 1139 4538 an
1161 4476 1291 4554 alaysa
1317 4492 1371 4534 uec
1386 4490 1453 4533 cum

88 4568 163 4648 ipsa
185 4568 303 4631 silentis
327 4571 432 4630 Lunae
458 4569 543 4643 faeie,
570 4572 688 4649 qnando
713 4570 784 4630 nulli
810 4569 848 4629 ad
868 4569 993 4629 Terram
1016 4566 1202 4628 descendunt
1220 4564 1307 4637 radii,
1333 4560 1451 4622 exstin-

90 4658 206 4737 guitur,
232 4657 287 4719 sed
310 4658 426 4720 radium
442 4666 513 4720 tuuc
532 4660 766 4721 descendentem
780 4657 978 4737 imaginatum
1004 4674 1061 4716 uun
1079 4654 1248 4733 impeditur,
1275 4671 1341 4713 cum
1356 4651 1451 4711 Terra

89 4764 148 4809 uos
171 4745 251 4810 inter
280 4755 313 4809 e't
335 4748 443 4810 stellas
467 4747 683 4830 interponitur,
713 4748 768 4812 sed
800 4747 878 4811 iufra
907 4747 1038 4809 latentes
1066 4763 1160 4824 supra
1187 4741 1280 4805 etiam
1303 4758 1448 4820 operosas
