3366 5482
160 258 228 327 att
579 263 1094 328 Mfflfflmtffl

160 422 323 501 abjectum.
371 422 414 484 Ut
436 441 508 484 vero
532 424 635 485 oculus
658 423 698 483 ad
723 424 829 494 lucem,
852 424 933 484 auris
953 424 991 483 ad
1016 441 1136 497 sonum,
1160 423 1207 483 ita
1230 422 1348 483 animus
1371 427 1422 480 est
1444 437 1518 480 con-

161 511 306 572 formatus
330 510 369 571 ad
393 511 468 573 haec
491 516 577 588 παθη
599 513 761 583 coelestia,
787 521 930 591 tanquam
953 531 1010 572 sua
1032 511 1153 593 propria
1176 511 1306 591 objecta
1353 508 1398 570 Et
1419 517 1519 570 tamen

160 599 281 679 genesis
304 600 385 660 nuda
408 608 440 660 et
463 620 560 662 vacua
584 601 679 661 forma
703 607 770 673 est;
801 603 917 662 animus
940 620 1005 661 cum
1030 601 1209 673 infunditur,
1234 599 1264 661 b.
1289 619 1316 662 e.
1341 616 1409 659 cum
1433 597 1520 658 bomo

161 689 303 760 nascitur,
328 707 387 749 non
411 689 517 751 statim
542 698 623 750 totus
644 690 754 768 accipit
778 691 921 761 formam3
945 698 1106 749 contumax
1124 697 1183 763 est,
1207 697 1241 749 et
1262 690 1359 750 multa
1382 687 1421 747 de
1444 687 1520 746 ima·

160 776 384 854 ginationibus,
422 779 557 857 adeoque
590 779 629 838 de
661 779 870 839 allectionibus
903 778 1008 838 matris
1042 778 1153 838 retinet
1184 778 1350 856 miscetque
1383 772 1520 837 themati,

161 866 286 927 Format
308 864 400 944 igitur
424 875 456 926 et
479 867 565 945 tingit
584 868 712 927 animum
737 867 856 940 thema,
893 868 1028 927 sednon
1062 867 1159 946 gignit
1182 886 1303 939 norum,
1339 883 1398 926 non
1422 873 1520 925 totum

160 963 277 1026 mutat,
305 954 484 1032 lingituero
508 963 610 1015 natum
635 975 673 1016 ex
696 956 767 1026 boc,
801 965 897 1017 matre
926 956 970 1016 sic
995 956 1121 1028 affecta,
1154 956 1223 1016 dnm
1247 963 1367 1034 gereret
1391 962 1519 1015 uterum.

161 1042 304 1121 Sequitur
327 1043 395 1103 dein
418 1043 588 1118 institutio,
613 1064 689 1125 qnae
713 1063 821 1105 novam
846 1046 1058 1106 alterationem
1082 1045 1198 1124 utrique
1222 1044 1313 1122 priori
1345 1043 1457 1115 infert,
1489 1049 1519 1101 at

161 1140 298 1192 neutrum
321 1131 429 1192 tollere
451 1141 572 1210 potest,
606 1134 659 1194 sed
691 1133 724 1193 lit
754 1134 881 1213 deniqne
914 1133 1160 1212 contemperatio.
1207 1133 1341 1193 Variant
1370 1131 1520 1192 bominem

160 1228 266 1293 mater,
286 1220 410 1294 coelum,
430 1220 586 1299 magister,
611 1223 762 1282 mediante
782 1231 881 1301 epate,
906 1221 1006 1293 corde,
1031 1223 1164 1296 cerebro,
1191 1230 1271 1294 ante,
1297 1220 1336 1295 in,
1360 1228 1435 1301 post
1448 1238 1520 1300 par-

160 1316 233 1382 tum,
258 1317 401 1387 tempore,
427 1320 577 1370 momento
601 1311 756 1389 temporis.

231 1396 416 1445 Fabricius:
447 1397 570 1447 Planetaa
588 1399 701 1447 humores
720 1397 759 1447 vel
777 1398 924 1462 qualitates,
953 1398 998 1446 sibi
1027 1397 1117 1447 aDeo
1143 1399 1328 1461 appropriata.
1356 1397 1396 1447 rel
1415 1397 1522 1446 dominio

163 1483 207 1516 suo
225 1467 360 1530 subjectas,
379 1469 465 1516 astreli
484 1483 531 1518 sua
548 1471 571 1517 ri
591 1472 710 1526 excitant,
728 1477 856 1533 vegetant,
876 1469 1010 1526 vivificant,
1030 1477 1055 1518 et
1073 1470 1143 1533 quasi
1162 1472 1283 1518 animant.

252 1539 456 1618 Keplerus:
481 1539 550 1600 Etsi
575 1560 632 1600 non
657 1540 770 1614 dubito,
796 1540 863 1619 quin
885 1541 968 1600 blars
993 1541 1059 1600 ideo
1083 1541 1172 1601 ruber
1195 1541 1236 1602 sit
1260 1541 1373 1610 iactus,
1399 1547 1435 1600 ut
1457 1547 1521 1599 ter·

163 1646 227 1689 rere
251 1627 350 1707 possit
379 1647 432 1708 pro
460 1628 579 1688 modulo
612 1647 684 1703 suo,
713 1631 814 1708 itaque
847 1628 876 1689 in
905 1649 938 1688 se
962 1630 1035 1707 ipsis
1060 1629 1193 1690 habeant
1216 1630 1317 1690 sidera
1340 1627 1520 1707 principium

166 1716 296 1776 actionis
319 1736 402 1789 suae,
427 1717 588 1795 potissima
611 1726 711 1777 tamen
736 1717 782 1778 ris
807 1718 834 1777 in
858 1719 1019 1795 genesibns
1044 1718 1185 1778 consistit
1209 1717 1367 1789 inanimo,
1394 1716 1446 1793 qni
1469 1734 1521 1776 oc-

164 1804 245 1865 culto
278 1822 426 1866 consensu
464 1808 514 1877 (ut
545 1806 649 1867 rustici
683 1826 772 1866 aures
804 1806 975 1885 intelligunt
1008 1807 1240 1870 concinnitatem
1274 1805 1472 1867 dimensionis
1493 1805 1523 1864 in

163 1893 302 1967 vocibus)
336 1893 539 1967 &ruborem
573 1891 763 1974 iipallorem
788 1895 842 1955 irc.
867 1894 1018 1956 intueatur
1049 1907 1079 1954 et
1103 1896 1264 1957 secundum
1289 1895 1381 1955 situm
1406 1890 1523 1971 illorum

164 1981 192 2043 in
219 2001 251 2042 se
275 1982 340 2061 ipso
366 1982 592 2061 impressionem
616 1983 745 2044 formet:
781 1996 812 2043 ut
837 2003 942 2044 manus
971 2007 989 2044 a
1014 1984 1152 2044 claritate
1178 1983 1257 2045 Solis
1290 1982 1363 2044 nihil
1397 1982 1522 2060 patitur,

166 2071 219 2130 sed
243 2071 356 2131 oculus.

234 2159 419 2208 Fabricius:
450 2156 678 2207 Profectiones
698 2161 860 2223 astrologicae
878 2161 904 2208 in
922 2167 1002 2208 totum
1021 2161 1091 2223 quasi
1110 2160 1199 2221 rejicis,
1219 2159 1284 2223 qnod
1301 2160 1443 2221 subjectum
1456 2157 1522 2207 reale

165 2236 245 2278 motus
263 2245 313 2278 non
331 2229 449 2279 babeant.
487 2230 520 2277 At
538 2244 586 2278 nec
605 2229 752 2279 directimes
771 2244 870 2280 annuae
888 2231 982 2280 habent
1000 2231 1067 2280 reale
1086 2232 1238 2292 subjectum,
1265 2232 1313 2279 nisi
1332 2232 1412 2293 ipsum
1432 2229 1522 2292 princi·

162 2303 228 2365 pium
247 2306 328 2350 motus
347 2305 372 2349 et
391 2313 492 2349 causam
511 2306 599 2348 motus.
638 2301 682 2349 Est
700 2316 756 2350 vero
775 2303 853 2350 fluxus
872 2303 972 2365 quidam
992 2302 1092 2351 astralia
1112 2302 1206 2350 anatis
1226 2316 1242 2350 a
1259 2302 1338 2364 prima
1358 2315 1447 2358 causa,
1466 2307 1522 2349 tan·

161 2385 235 2436 qnam
254 2372 357 2421 alonte
376 2385 419 2420 sno
437 2371 601 2434 procedentis.
639 2372 671 2420 Et
689 2379 716 2421 ut
734 2380 815 2420 motus
835 2375 966 2421 continuus
985 2381 1036 2429 est,
1064 2375 1101 2422 ita
1126 2380 1152 2422 et
1170 2374 1265 2421 nunus
1290 2373 1371 2421 fluxus
1390 2373 1523 2421 continuus

163 2449 209 2492 est.
246 2442 332 2491 Virtus
351 2442 449 2491 astralis
466 2443 562 2506 proprio
581 2457 625 2491 suo
644 2451 721 2499 motu,
741 2451 767 2493 et
785 2445 854 2507 quasi
876 2445 1011 2506 aplaneta
1024 2452 1151 2507 separata,
1170 2450 1289 2499 movetur,
1309 2450 1338 2492 ιιι
1350 2457 1457 2508 magnes
1475 2444 1524 2491 rim

163 2527 234 2562 suam
252 2514 316 2563 terro
335 2514 467 2576 separatim
487 2515 664 2572 communicat,
693 2530 739 2564 nec
763 2517 810 2563 rim
835 2529 919 2564 secum
942 2516 1059 2572 retrahit,
1085 2515 1130 2564 sed
1148 2516 1219 2578 quasi
1238 2514 1391 2564 abstractam
1409 2515 1526 2577 relinquit

164 2586 235 2633 ferro.
272 2584 308 2634 Ut
325 2599 381 2635 roro
399 2591 480 2633 motus
498 2584 654 2648 planetarum
680 2596 738 2634 sunt
761 2587 835 2641 varii,
864 2587 899 2635 sic
923 2593 1004 2634 motus
1028 2588 1123 2634 virtutis
1147 2586 1245 2634 astralis
1268 2586 1427 2648 planetarum
1452 2587 1525 2633 variis

163 2655 324 2705 directionum
343 2661 370 2704 et
387 2655 579 2719 profectionum,
605 2671 661 2705 cnm
680 2671 819 2705 annuarum
838 2664 891 2705 turn
910 2658 1096 2706 menstrualinm
1115 2664 1141 2706 ει
1160 2657 1317 2713 diurnarum,
1343 2657 1452 2705 motibus
1469 2671 1523 2720 per·

162 2727 252 2775 licitur.
290 2726 392 2791 Siquid
412 2732 498 2775 contra
517 2726 580 2775 baec
599 2727 685 2784 babes,
705 2727 777 2776 velim
790 2728 857 2777 clare
876 2729 992 2792 explices,
1011 2744 1058 2778 nec
1079 2730 1159 2777 nimiis
1179 2728 1356 2777 subtilitatibus
1374 2743 1427 2776 rem
1445 2728 1525 2791 potius

163 2798 286 2854 obscures,
305 2812 380 2862 quam
399 2797 514 2847 illustres
551 2798 604 2862 Ego
623 2813 719 2861 semper
738 2813 838 2863 operam
858 2800 926 2857 dedi,
951 2807 979 2848 ut
996 2814 1036 2849 res
1055 2814 1127 2849 veras
1146 2806 1172 2849 et
1189 2799 1324 2848 rationales
1336 2798 1524 2863 ‘simplicissime

156 2865 322 2919 'declararem
360 2869 432 2918 Haec
451 2876 550 2927 muron,
570 2871 602 2918 mi
622 2869 744 2933 Keplere,
773 2886 822 2918 non
842 2873 940 2919 sinistre
959 2871 1031 2920 velim
1049 2871 1182 2934 intelligas,
1202 2870 1245 2918 sed
1264 2872 1344 2918 amico
1365 2872 1449 2919 animo
1467 2876 1523 2918 tan·

162 2946 214 2988 tum
232 2955 355 3004 propono,
384 2954 415 2988 ne
439 2941 528 2994 nimius
553 2943 586 2989 sis
612 2942 636 2988 in
661 2941 708 2988 illis
732 2941 919 2998 subtilitatibus
949 2943 1013 3004 qnod
1032 2945 1108 2990 nostri
1127 2942 1219 3005 ingenii
1238 2941 1382 3004 simplicitas
1401 2941 1457 2990 illas
1476 2955 1525 2989 nou

210 3012 254 3060 iat.

162 3025 209 3075 0⁸1>
250 3082 456 3161 Keplerus:
496 3078 598 3154 Suda,
634 3081 708 3141 suda
741 3082 778 3142 de
803 3081 1039 3160 profectionibus
1074 3090 1106 3142 et
1129 3080 1363 3154 directionibus,
1399 3090 1525 3143 namet

162 3189 218 3249 ego
242 3171 358 3232 sudavi.
408 3169 568 3232 Genesis
593 3169 686 3230 habet
709 3171 767 3231 rim
792 3190 829 3230 ex
853 3171 932 3239 situ,
967 3179 1071 3249 estque
1095 3180 1259 3250 perpetua,
1293 3168 1364 3250 quia
1397 3171 1431 3231 tit
1463 3172 1521 3233 im·

161 3260 278 3338 pressio
302 3278 491 3339 permanens.
539 3259 741 3320 Transitns
775 3269 806 3320 et
838 3259 1024 3320 revolutio
1057 3259 1172 3320 lrabent
1196 3259 1316 3319 rimer
1340 3268 1424 3320 motu
1448 3261 1524 3321 reali

162 3348 200 3409 ad
225 3349 292 3410 loca
314 3367 481 3426 geneseos3
515 3349 674 3427 quaejam
707 3347 803 3408 officia
832 3366 870 3407 ex
894 3348 1115 3408 consentientia
1139 3348 1284 3426 subjectis
1318 3347 1381 3408 suis
1405 3349 1521 3430 reliqui.

161 3437 399 3499 Directiones
424 3436 537 3499 habent
560 3438 620 3497 vim
645 3456 681 3496 ex
707 3437 790 3515 qnasi
815 3444 897 3498 motu
911 3457 919 3509 3
945 3437 1055 3497 etenim
1080 3437 1189 3517 aliquis
1212 3447 1312 3497 motus
1337 3436 1420 3512 talis,
1446 3457 1521 3518 qna·

68 3550 71 3554 ⁴
162 3526 231 3587 liter
255 3526 385 3606 aphetae
409 3526 594 3604 diriguntur,
629 3533 660 3585 et
683 3525 709 3586 is
733 3525 824 3586 realis
858 3534 906 3586 est
940 3533 971 3585 et
1004 3544 1073 3586 vere
1097 3527 1149 3600 lit,
1185 3526 1289 3586 statim
1322 3535 1395 3604 post
1417 3535 1523 3607 partus

160 3623 342 3695 momentum
366 3614 521 3693 incipiens.
568 3614 789 3675 Dissimilitudo
815 3634 833 3674 a
856 3615 946 3696 priori
972 3624 1071 3675 temen
1098 3615 1126 3675 in
1152 3633 1197 3688 eo,
1225 3614 1304 3693 quod
1319 3614 1447 3677 effectus
1464 3634 1521 3677 uon

156 3704 293 3785 jungitur
316 3704 408 3765 motui
433 3712 465 3764 et
488 3723 598 3764 causac
624 3704 741 3765 ratione
766 3704 924 3785 temporis,
949 3704 1001 3763 sed
1026 3703 1156 3764 discedit
1180 3704 1217 3764 ab
1243 3723 1293 3777 eo,
1319 3711 1352 3763 et
1373 3704 1523 3785 multipli-

161 3800 212 3854 cat
235 3800 373 3872 tempora
395 3791 676 3873 proportionaliter,
701 3793 892 3871 proportione
917 3793 1041 3864 iterum,
1072 3812 1147 3871 quae
1173 3793 1200 3852 in
1234 3800 1343 3852 natura
1372 3793 1524 3873 invenitur

161 3890 193 3942 ει
216 3882 283 3943 hnic
307 3882 398 3942 motui
423 3881 545 3961 propria
568 3891 617 3942 est
626 3901 636 3955 ;
660 3889 694 3942 ut
717 3900 774 3958 ego
799 3883 915 3961 quidem
941 3881 1046 3960 dirigo,
1073 3882 1121 3941 die
1145 3881 1173 3941 in
1199 3899 1306 3942 annum
1332 3889 1364 3942 et
1387 3901 1523 3962 quocun-

161 3990 217 4050 qne
250 3981 386 4050 tempore
420 3980 490 4049 post
523 3979 641 4050 partum
675 3970 703 4030 in
729 3965 793 4033 365
818 3971 1017 4049 multiplicato
1050 3970 1078 4030 in
1103 3970 1249 4031 infinitum
1273 3988 1377 4050 nsque.
1428 3971 1522 4033 Pro·

161 4059 293 4121 lectio
327 4077 422 4138 neque
448 4059 524 4120 situs
548 4068 612 4131 est,
638 4078 733 4139 neque
758 4067 866 4132 motus,
892 4058 920 4119 in
946 4059 1075 4120 iutumm
1100 4078 1239 4137 operans,
1264 4059 1347 4138 cujus
1371 4059 1402 4121 in
1427 4079 1524 4122 rerum

160 4155 268 4208 natura
292 4146 363 4208 nibil
388 4157 436 4209 est
459 4167 553 4226 neque
578 4148 674 4209 simile
698 4165 793 4228 neque
817 4146 1051 4227 porportionale.
1080 4180 1120 4188 -

251 4236 286 4297 In
310 4236 505 4315 sequentibus
529 4236 642 4298 transis
667 4245 698 4297 tu
722 4258 741 4297 a
765 4237 938 4298 defensione
973 4238 1011 4297 ad
1035 4236 1292 4316 impugnationem
1317 4254 1452 4298 mearum
1476 4237 1522 4299 di-

161 4324 337 4399 rectionum,
362 4333 534 4403 propterea,
560 4326 637 4404 qnod
663 4326 807 4387 obscurus
833 4326 888 4386 sim
914 4326 942 4387 in
968 4326 1016 4387 iis.
1065 4326 1143 4386 Puto
1158 4345 1204 4386 me
1225 4326 1291 4404 jam
1307 4324 1356 4385 hio
1371 4345 1441 4387 esse
1456 4326 1522 4387 cla-

160 4415 278 4477 riorem.
304 4446 346 4456 —
371 4411 451 4483 Quid
476 4414 532 4474 hoc
555 4414 599 4475 rei
623 4424 682 4488 est,
719 4416 796 4495 qnod
821 4434 884 4476 rem
908 4417 1080 4486 obscuram,
1115 4433 1169 4475 nec
1199 4433 1321 4486 novam,
1352 4415 1408 4475 sed
1433 4434 1522 4495 qnam

161 4514 284 4585 uterque
308 4503 424 4583 pridem
448 4523 551 4564 snmus
575 4504 722 4582 amplexi,
753 4512 785 4564 tu
809 4503 910 4584 potius
935 4504 980 4563 vis
1009 4513 1151 4581 tanquam
1176 4501 1349 4581 παραδοξω
1379 4503 1521 4576 retinere,

160 4612 250 4672 quam
274 4593 441 4655 confirmari
465 4592 638 4664 obscurius,
668 4611 722 4655 nec
745 4592 859 4671 pateris
884 4592 1101 4672 qualiacunque
1126 4591 1200 4665 dici,
1224 4612 1290 4652 curn
1314 4591 1443 4654 meliora
1465 4610 1521 4653 ne-

161 4684 292 4759 queant?
337 4680 418 4744 Jnva
436 4682 558 4761 potins,
591 4688 624 4742 ut
647 4682 728 4742 clare
751 4682 923 4761 loquamur,
957 4700 1046 4759 qnam
1070 4687 1104 4741 ut
1126 4680 1202 4741 haec
1226 4678 1409 4760 supprimas.
1456 4680 1521 4742 Hoc

160 4779 262 4834 umen
293 4781 344 4833 sat
367 4773 465 4832 clare:
498 4771 529 4833 in
558 4770 694 4833 omnibns
717 4769 808 4832 rebus
841 4769 910 4831 inde
943 4790 963 4831 a
986 4769 1157 4832 divinitatis
1189 4770 1304 4849 origine
1337 4779 1388 4831 est
1419 4769 1522 4850 aliqua
