3366 5482
758 238 920 291 Prooemium.
1479 237 1522 313 ω

159 399 237 441 menta
254 401 302 441 aut
320 409 440 456 sensuum
459 395 580 444 subtilitas
599 396 644 445 hoc
664 398 811 462 investigare
831 399 937 459 poterit,
963 397 1028 461 qnod
1047 397 1169 462 Kepierus
1186 398 1308 457 intendit;
1337 411 1396 449 nam
1418 400 1440 448 si
1463 413 1521 449 con·

159 464 253 512 tracium
271 462 378 512 tirmiter
395 465 523 527 probetur,
545 468 624 514 omnis
644 465 772 530 Copemici
791 469 942 517 astronomia
958 467 1030 517 valde
1049 476 1166 532 suspecta
1189 469 1243 517 erit.
1269 468 1362 518 Dubito
1381 474 1523 533 praeterea,

160 547 189 583 ιι
204 534 262 582 talis
281 536 410 598 inquisitio
430 534 462 583 ad
481 539 657 586 astronomiam
676 539 806 602 quicquam
826 545 954 602 apportet,
985 539 1032 587 nisi
1057 552 1089 588 aa
1117 539 1149 589 ad
1167 540 1290 602 periectas
1309 541 1427 590 scientias
1446 536 1523 604 (quod

126 622 134 641 ·
159 605 250 655 raama
268 605 370 663 ιιιιιί)
389 612 554 657 convertatur.

224 675 293 725 Huic
312 677 411 727 innixus
420 676 514 738 jndicio
535 677 721 727 Bernartns
738 679 866 742 respondit
882 677 990 742 Ksplero
1010 679 1032 727 d.
1056 678 1096 727 15.
1113 679 1169 729 Oct.
1191 677 1260 730 toas
1278 681 1343 731 hunc
1362 682 1388 731 in
1405 681 1522 733 medum:

160 748 208 799 llas
225 745 272 796 Ich
291 747 349 797 dem
366 745 449 797 Herm
467 748 512 797 atri
527 749 581 797 sein
599 763 632 798 an
650 749 716 798 mich
732 752 820 815 jitngst
838 749 931 815 gathan
951 749 1085 800 Schreiben
1113 766 1140 800 so
1166 751 1240 816 lango
1259 751 1316 801 Zsit
1341 752 1411 801 nicht
1433 758 1522 817 gaunt-

159 825 250 874 sartet,
269 819 304 868 ist
323 831 369 867 ana
388 818 566 885 eingeiallaner
584 818 739 876 Kraniheit,
758 821 837 870 damit
854 820 894 870 ich
912 820 1018 871 baladon
1037 836 1152 885 genesen
1170 822 1222 870 und
1241 821 1331 871 darani
1348 823 1525 887 anbeiohlener

159 889 242 948 Baias,
263 889 346 938 daron
363 888 405 938 icis
424 896 474 938 arat
491 890 583 939 wieder
600 889 666 939 nach
684 891 754 940 iiaus
773 892 890 957 galanga,
918 890 1014 941 bisbcro
1039 892 1187 941 rerbiieben.
1225 891 1282 942 Und
1301 892 1361 942 tirue
1378 893 1446 944 mich
1459 885 1525 945 'aber

160 962 236 1011 ιιίιιι
263 974 299 1009 ιι
324 959 391 1009 mich
419 961 618 1025 abgeqanganeu
644 961 804 1021 Schreibens,
834 963 956 1012 dannnen
983 977 1010 1011 er
1037 962 1102 1011 mich
1126 964 1195 1012 seina
1222 963 1377 1014 rorhabsnde
1396 964 1480 1014 studia
1496 979 1524 1014 ιι

160 1030 308 1082 ιιτιιιιίἰιι
325 1028 455 1087 hesichtet,
475 1045 540 1096 gana
559 1032 658 1082 heund-
677 1034 729 1083 und
749 1033 880 1082 disustlich
898 1032 1038 1082 bedanken.

226 1102 284 1152 Wia
303 1101 344 1151 ich
363 1102 406 1151 des
425 1101 505 1151 Herm
524 1097 728 1168 vcrganommene
752 1105 937 1154 observationes
961 1104 1090 1157 sersteha.
1120 1104 1220 1155 viirden
1247 1104 1376 1165 dadurch,
1405 1105 1451 1155 atti
1475 1106 1523 1175 dap

160 1172 209 1223 isli
227 1172 264 1222 Er
283 1173 424 1222 sensibilem
442 1172 607 1222 differentiam
626 1189 656 1222 ex
675 1176 844 1224 observatione
864 1173 1057 1238 deprehendiren
1079 1175 1189 1229 hiante.
1219 1175 1263 1225 des
1292 1175 1421 1239 Gopamici
1446 1176 1522 1241 hypo·

161 1244 241 1294 theses
259 1244 379 1300 evertirt,
399 1244 513 1293 sintamal
533 1243 683 1308 Copsmicus
702 1247 903 1310 praesupponirt,
933 1245 996 1310 qood
1025 1245 1145 1295 distantia
1171 1247 1236 1295 inter
1263 1244 1346 1296 Salem
1371 1254 1397 1296 et
1421 1245 1524 1297 Terram

162 1316 189 1365 td
215 1315 411 1365 immensitatem
438 1314 565 1364 stellarum
591 1314 695 1365 fixarum
715 1318 848 1366 ematimari
875 1323 991 1381 nequeat.
1029 1316 1086 1366 Uod
1111 1316 1231 1381 gehbrten
1263 1316 1328 1367 datu
1359 1319 1524 1367 instrumenta

162 1400 269 1451 uana,
290 1393 382 1435 exacta
400 1392 426 1433 et
444 1387 659 1444 rectificatissima,
679 1388 791 1437 dadnrcb
818 1401 877 1436 man
900 1387 965 1437 auch
984 1387 1016 1436 ad
1035 1387 1151 1450 scrupula
1168 1389 1260 1451 prima,
1288 1389 1325 1439 rel
1344 1391 1421 1439 etiam
1440 1395 1524 1452 partes

164 1456 254 1522 aliquas
272 1454 381 1519 scrupuli
399 1457 470 1519 primi
488 1458 601 1520 praecise
620 1459 758 1508 obsarriren
777 1458 878 1508 tonnas.
906 1457 949 1507 Da
967 1458 1010 1507 der
1029 1457 1092 1507 Herr
1111 1458 1268 1524 dergleichen
1285 1460 1338 1516 hat,
1358 1461 1446 1509 nimmt
1457 1458 1524 1510 mich

163 1526 284 1583 Wunder,
303 1542 341 1575 rso
360 1526 420 1575 oder
437 1529 482 1591 via
502 1543 528 1576 ar
547 1528 587 1577 die
605 1529 709 1578 erobert.
746 1529 837 1578 Woilte
855 1544 916 1593 gero
934 1531 1036 1587 missen,
1057 1532 1100 1588 ob,
1124 1533 1170 1580 trie
1189 1530 1240 1579 und
1258 1531 1283 1578 in
1303 1545 1354 1581 tras
1372 1529 1461 1580 Wehrt
1477 1544 1522 1580 un·

166 1597 299 1665 peiahdich
317 1597 475 1662 derglaichen
494 1614 526 1648 tu
543 1598 689 1648 beltommen
709 1602 762 1649 sein
780 1600 905 1648 mlichten.
1203 1628 1206 1634 ·

229 1669 316 1719 Wann
335 1669 391 1717 dam
408 1667 490 1718 Herm
508 1671 534 1718 in
553 1669 624 1718 rebus
642 1670 826 1720 mathematicis
853 1671 912 1720 oder
935 1669 1000 1719 anch
1022 1671 1073 1718 suis
1092 1671 1178 1720 studiis
1202 1677 1228 1720 et
1245 1671 1455 1721 observationibus
1472 1684 1524 1721 tras

167 1739 299 1805 mimpst,
318 1738 375 1788 tbnt
393 1739 427 1789 Er
444 1742 490 1789 mir
508 1742 548 1790 ein
566 1741 728 1791 sonderbares
742 1741 865 1799 Geiallen,
885 1742 917 1791 da
935 1742 969 1790 Er
987 1741 1053 1791 mich
1071 1742 1159 1791 dassen
1177 1742 1343 1808 remtandlgt,
1363 1742 1414 1791 und
1432 1742 1466 1792 da
1482 1740 1524 1793 lah

167 1810 212 1861 lma
230 1812 301 1860 kann
319 1810 392 1859 hieto
411 1812 437 1859 in
456 1813 504 1860 eim
524 1811 583 1861 oder
601 1812 678 1861 ander
696 1812 760 1877 Weg
779 1812 902 1861 verbulien
922 1827 996 1874 noyn,
1015 1812 1112 1862 hstiis
1130 1811 1195 1862 mich
1214 1813 1278 1863 daza
1296 1814 1378 1877 villig.
1416 1812 1524 1864 witich

168 1880 213 1933 itue
232 1882 301 1931 daun
320 1881 472 1931 heundliche
491 1881 708 1947 Dienstsriliiglreit
726 1899 756 1932 zo
776 1884 893 1933 erweiscu
912 1885 1015 1948 genaigt
1033 1883 1162 1933 rerbleiba.
1236 1883 1331 1934 Datum
1349 1882 1394 1933 aa.

232 2040 254 2089 i:
272 2039 411 2104 Kapleri
429 2042 588 2104 responsione
606 2041 670 2091 haec
689 2040 819 2092 addimus:

251 2232 388 2295 Salutem
413 2234 443 2294 in
469 2232 589 2296 Christo
612 2234 782 2295 Mediatore
805 2242 838 2296 et
859 2233 1043 2297 Redemtore
1067 2243 1170 2297 nostro
1195 2235 1291 2297 unico.

251 2358 375 2420 Literas
397 2370 477 2432 tuas,
501 2358 605 2437 Magn.
630 2357 696 2431 Vir,
726 2355 774 2420 to.
801 2356 870 2420 Oct
894 2358 1034 2438 scriptas,
1058 2355 1089 2421 5.
1114 2358 1188 2421 Dec.
1213 2359 1324 2437 accepi.
1349 2357 1524 2440 Recupera-

173 2454 226 2508 ltm
249 2446 354 2526 itaque
377 2445 591 2520 valetudinem,
617 2447 785 2508 conlectum
810 2447 938 2510 feliciter
961 2449 1033 2516 iter,
1058 2455 1090 2507 et
1112 2448 1240 2508 reditum
1264 2449 1302 2508 ad
1327 2448 1443 2508 nobiles
1467 2446 1523 2506 de·

173 2535 249 2597 licias
272 2554 371 2597 rerum
394 2535 674 2597 mathematicorum
698 2534 753 2597 tibi
776 2536 921 2614 gratulor.

252 2622 343 2694 Quod
366 2643 450 2685 meas
473 2624 582 2686 stellae
606 2625 719 2703 polaris
744 2624 970 2687 observationes
994 2623 1114 2699 attinet,
1139 2624 1165 2684 si
1185 2623 1313 2685 antebac
1337 2643 1394 2685 ιιι
1416 2621 1524 2691 monui,

175 2720 247 2775 certe
266 2712 335 2791 jam
357 2714 522 2791 praeterire
551 2731 609 2773 ιιι
637 2732 775 2792 possum,
807 2713 962 2775 inductum
985 2731 1032 2772 me
1055 2711 1085 2773 iu
1110 2713 1186 2774 hanc
1216 2713 1415 2791 suspicionem
1439 2720 1525 2773 certa

173 2812 200 2863 et
213 2802 354 2862 dimensa
377 2802 479 2881 aliqua
496 2801 735 2875 ratiocinatione,
761 2802 888 2877 scilicet,
912 2810 947 2862 ιι
969 2819 1045 2880 quae
1069 2801 1146 2863 ratio
1171 2809 1220 2861 est
1242 2801 1323 2861 orbis
1338 2801 1461 2861 'l'erreui
1485 2801 1525 2861 ad

174 2890 266 2952 orbem
297 2889 487 2964 Saturnium,
517 2890 623 2951 eadem
654 2898 784 2970 ponatur
810 2891 888 2952 ratio
921 2890 1002 2951 orbis
1027 2888 1151 2951 Saturni
1179 2889 1217 2950 ad
1252 2888 1355 2949 orbcru
1389 2890 1523 2951 fixarum.

126 3015 130 3021 -
174 2976 259 3041 Esset
281 2978 375 3057 igitur
397 2978 620 3040 semidiameter
644 2979 738 3054 orbis,
764 2979 813 3059 qni
837 2979 961 3041 Terram
984 2978 1081 3051 vehit,
1105 2978 1144 3039 ad
1168 2977 1424 3039 semidiametrom
1446 2977 1525 3039 lixa-

135 3086 140 3090 ·
174 3086 229 3129 ruut
252 3068 461 3147 subcentupla,
483 3068 553 3148 quia
576 3078 625 3129 est
639 3068 676 3128 ad
697 3067 955 3130 semidiametrum
973 3065 1098 3130 Saturni
1116 3065 1308 3144 subdecupla.
1340 3065 1426 3129 Haec
1445 3066 1523 3127 ratio

174 3155 196 3216 si
214 3175 287 3219 vera
311 3157 368 3230 sit,
393 3156 563 3218 differentia
585 3155 777 3217 altitudinum
801 3157 986 3218 diversarum
1009 3155 1118 3217 stellae
1141 3154 1254 3234 polaris
1278 3154 1336 3215 erit
1358 3172 1450 3234 prope
1475 3154 1523 3228 di-

175 3245 285 3307 midiom
311 3245 449 3325 gradum.
494 3245 561 3305 Hac
583 3253 748 3324 praeeunte
772 3245 887 3306 ratione
912 3245 1028 3306 accinxi
1052 3262 1098 3304 me
1123 3244 1163 3305 ad
1186 3243 1413 3305 observandum.
1445 3243 1526 3304 Nam

175 3333 207 3394 ad
227 3333 381 3395 dimidium
406 3333 533 3413 gradum
555 3333 718 3395 uotandum
741 3354 799 3395 ιιι
824 3333 899 3395 adeo
923 3351 1032 3413 magno
1054 3333 1254 3395 instrumento
1278 3350 1352 3411 opus
1367 3341 1424 3394 est.
1457 3331 1524 3392 Da-

176 3420 214 3482 bis
238 3423 332 3502 igitur
362 3422 484 3483 veuiam
511 3421 597 3496 mibi,
633 3422 683 3502 qui
713 3423 752 3489 ad
781 3422 1017 3502 speculationem
1045 3422 1086 3493 (si
1116 3441 1170 3502 pro
1194 3421 1343 3501 dignitate
1365 3421 1433 3500 quis
1457 3439 1524 3480 eam

177 3516 298 3573 tractere
324 3510 414 3584 velit)
436 3510 679 3583 subtilissimam,
708 3511 772 3573 rudi
797 3512 994 3572 instrumento
1023 3510 1149 3572 accessi.
1195 3510 1275 3571 Nam
1304 3509 1443 3588 quotide
1467 3509 1524 3569 ob-

179 3601 332 3662 sarvatorio
366 3617 432 3660 meo
463 3600 601 3680 quaeris,
632 3600 818 3679 respondeo,
848 3600 997 3678 prodiisse
1027 3599 1100 3661 illud
1133 3618 1171 3659 ex
1199 3598 1305 3659 eadem
1328 3597 1461 3669 officina,
1486 3615 1525 3657 ex

180 3703 228 3764 qna
247 3687 409 3768 primorum
432 3695 589 3768 parentmu
612 3688 732 3767 tuguria
754 3688 902 3768 prodiere.
950 3687 1077 3751 Suffecit
1108 3687 1187 3749 euim
1214 3686 1286 3747 mibi
1311 3686 1524 3766 qualecumque

182 3771 396 3839 oruamentum
428 3775 469 3838 ad
500 3776 654 3839 dimidium
681 3778 808 3857 gradum
834 3778 883 3838 vel
907 3776 1102 3838 asserendum
1133 3777 1182 3838 vel
1206 3775 1387 3853 negandum.
1433 3773 1525 3834 Etsi

184 3863 239 3926 ulii
260 3884 317 3928 ιιι
341 3866 484 3938 sufficiat,
508 3874 609 3926 ιιιιιι
633 3867 794 3927 carendum
817 3873 866 3927 est
888 3865 1088 3946 exquisitiori,
1114 3864 1182 3945 quia
1205 3882 1300 3943 neque
1326 3863 1398 3923 mihi
1425 3861 1525 3924 Attali

186 3960 341 4034 sniapes,
365 3973 463 4035 neque
485 3953 661 4016 Alexander
684 3954 862 4034 discipulus,
887 3973 982 4035 neque
1007 3953 1175 4015 Praxiteles
1199 3952 1313 4031 opifex,
1339 3970 1434 4031 neque
1458 3950 1523 4011 Re-

187 4038 350 4114 simutant
373 4062 490 4105 manus.
535 4040 579 4104 Et
600 4050 702 4104 tamen
726 4043 901 4122 quantulum
924 4043 994 4104 mihi
1019 4061 1120 4104 arcum
1143 4041 1302 4116 indicavit,
1332 4041 1368 4101 de
1394 4059 1429 4100 eo
1453 4058 1524 4101 arcu

187 4137 267 4193 “aas
289 4151 365 4194 sum.
412 4131 449 4193 Id
481 4138 515 4192 ut
542 4139 629 4193 tanto
657 4131 799 4194 libentius
827 4131 898 4194 mihi
922 4132 1048 4205 credas,
1080 4130 1249 4193 describam
1281 4128 1522 4191 instrumentum.

189 4210 343 4293 Speculum
367 4219 493 4283 admissi
514 4219 608 4298 risum
630 4220 761 4282 teneatis
785 4220 893 4281 amici:
919 4219 996 4283 Com
1019 4238 1077 4281 ιιι
1092 4227 1176 4281 esset
1194 4218 1266 4280 mihi
1281 4219 1358 4280 alius
1378 4218 1524 4280 materiae

189 4305 257 4383 topia
277 4328 364 4390 quam
390 4307 472 4388 ligni,
497 4308 605 4370 scirem
627 4327 699 4370 vero
722 4316 872 4370 tumesere
896 4317 928 4370 ιι
950 4309 1066 4371 hiscere
1098 4308 1198 4370 omnia
1222 4306 1339 4369 omuino
1364 4307 1448 4385 ligna
1469 4325 1523 4384 pro

190 4393 387 4473 itineraria
410 4397 440 4459 iu
464 4397 578 4459 latum:
603 4398 671 4460 ideo
695 4397 884 4459 machinatus
908 4417 973 4459 sum
996 4397 1058 4459 tale
1080 4397 1322 4468 instrumentum,
1342 4397 1427 4475 cujus
1448 4413 1523 4476 quae

190 4493 270 4547 istae
290 4494 325 4549 at
344 4493 522 4549 constantes
545 4504 614 4547 asse
638 4487 792 4548 debebant
814 4487 926 4561 lineae,
964 4506 983 4547 a
1009 4484 1194 4565 longitudine
1227 4493 1260 4547 et
1281 4484 1363 4546 libris
1387 4484 1450 4545 sive
1473 4481 1522 4542 iilo

191 4562 245 4647 ligni
271 4575 503 4639 ιιιιίιιιιιιιι.
550 4574 744 4654 Triangulum
777 4575 879 4656 itaque
907 4571 947 4644 6,
971 4573 1008 4647 8,
1036 4573 1077 4636 ill
1106 4575 1215 4654 pedum
1238 4573 1344 4636 struxi.
1391 4573 1470 4632 Nam
1492 4568 1524 4629 hi

191 4663 282 4725 limari
302 4663 433 4729 omnium
456 4662 623 4726 certissime
646 4664 777 4745 produnt
797 4672 912 4726 rectum
935 4663 1087 4743 anguium.
1133 4662 1169 4724 Id
1190 4661 1372 4740 triangulum
1400 4680 1419 4719 a
1440 4664 1524 4719 recto

139 4805 143 4811 .
189 4750 279 4829 attalo
298 4750 454 4835 sumendi,
476 4752 558 4817 iilum
576 4771 644 4819 cum
665 4752 877 4835 perpendiculo
900 4772 940 4816 ex
962 4752 1068 4815 eodem
1089 4757 1173 4814 recto
1189 4751 1299 4831 angulo
1322 4747 1440 4824 demisi,
1464 4747 1523 4831 by·

1267 4853 1311 4906 5*
