3366 5482
687 279 800 342 ΠΜ
819 278 1020 344 counimus!

651 477 696 537 lu·
721 473 861 539 CAPUT
881 479 1052 540 ΙΙΙ-ΠΗ

710 597 804 649 sous
823 599 1002 650 sucroms.

250 702 282 776 a)
303 705 400 760 Plures
419 722 562 775 corporum
576 706 765 760 distinctiones
785 716 815 761 et
834 708 905 761 haec
924 708 986 777 ipsa
1005 707 1092 760 fusius
1114 705 1238 759 invenies
1257 703 1305 757 hb.
1320 701 1368 756 tv,
1382 700 1534 771 Epitomes,

169 788 264 858 aliqua
282 787 376 849 etiam,
399 792 488 839 ortum
508 794 538 839 et
556 786 785 841 combinationem
804 789 971 858 spectantia,
993 788 1041 840 lib.
1058 787 1091 840 V.
1111 785 1242 839 Hermon.
1258 784 1326 852 Cap.
1344 783 1384 845 l.‚
1412 787 1445 835 et
1463 780 1536 835 intas

169 869 197 923 in
217 869 271 922 hoc
290 867 351 936 ipso
370 865 466 920 libello
487 866 556 936 Cap.
578 866 654 921 1111.

755 979 948 987 0————-

743 1087 865 1186 Caput
891 1086 960 1160 IX.

201 1221 388 1285 Distsihato
406 1238 542 1301 corporo
560 1218 643 1280 inter
656 1217 819 1302 planetus,
837 1220 1047 1302 proprietates
1064 1225 1208 1300 optutus,
1228 1216 1446 1278 ammoto
1463 1231 1506 1289 υ

501 1309 686 1388 corporibus
703 1309 848 1391 copiatis
863 1307 1067 1393 planetarum
1084 1315 1203 1370 mum

256 1441 324 1504 h'on
348 1459 471 1519 possum
493 1440 670 1520 praeterire,
697 1440 768 1520 quin
791 1440 839 1502 hic
863 1440 965 1521 aliqua
985 1459 1023 1502 ex
1042 1461 1079 1501 ea
1097 1438 1239 1520 physices
1261 1445 1359 1517 parte,
1384 1453 1463 1515 quae
1487 1440 1534 1497 ast

169 1531 208 1593 de
230 1531 422 1610 planetarum
446 1529 654 1608 qualitatibus,
679 1529 825 1605 delibem,
850 1539 884 1591 ut
907 1539 1072 1610 appareat,
1097 1530 1190 1590 etiam
1214 1527 1294 1588 vires
1318 1525 1452 1604 ipsorum
1475 1540 1533 1585 us·

168 1620 283 1682 turales
316 1617 394 1680 huuc
428 1617 563 1679 ordinem
595 1637 717 1680 servare
750 1638 876 1699 eamque
907 1620 947 1680 ad
980 1619 1108 1680 invicem
1133 1615 1359 1698 proportionem
1390 1611 1532 1676 retinere.

167 1709 247 1771 liam
271 1709 298 1770 si
321 1726 374 1769 eos
397 1707 548 1788 planetas,
575 1707 625 1788 qui
644 1708 768 1770 Terram
788 1709 940 1783 amheunt,
966 1708 1028 1769 illis
1047 1707 1139 1769 etism
1163 1704 1346 1786 corporibus,
1372 1720 1451 1782 quae
1474 1699 1533 1763 eslii

168 1798 315 1877 iuscripta
338 1797 511 1870 continent,
543 1816 723 1872 accensens,
757 1797 881 1859 inclusis
905 1807 1006 1859 autem
1032 1796 1165 1876 planetis
1188 1815 1207 1855 a
1230 1791 1358 1855 Telluris
1383 1791 1457 1853 orbe
1480 1788 1533 1853 illa

166 1905 295 1967 corpora
317 1885 454 1960 tribuas,
487 1885 595 1965 quihus
619 1895 743 1966 uterque
775 1885 1046 1957 circumscribitur,
1080 1885 1159 1965 quod
1190 1882 1304 1962 optima
1326 1880 1446 1942 ratione
1469 1877 1532 1940 lieri

165 1993 256 2054 posse
281 1974 442 2036 existimo:
470 1973 620 2036 Saturnus
645 1975 771 2036 habebit
793 1975 910 2048 cubum,
934 1974 1055 2053 Jupiter
1076 1972 1244 2055 pyramide,
1268 1970 1353 2032 Mars
1377 1967 1531 2031 dodecad-

166 2064 251 2132 dron‚
277 2065 429 2124 Venerem
452 2063 642 2136 icosaedron,
665 2064 848 2125 Mercurium
872 2065 1046 2125 octaedron.
1088 2063 1184 2124 Terra
1206 2079 1278 2122 vero
1301 2077 1368 2121 cum
1392 2056 1469 2120 nihil
1491 2055 1532 2119 sil

165 2151 224 2212 uisi
256 2152 362 2224 limes,
395 2149 494 2211 uentri
523 2160 711 2212 accensetur.
759 2151 862 2213 Solem
890 2153 982 2213 etiam
1011 2161 1043 2213 et
1070 2153 1189 2214 Lunam
1219 2147 1368 2227 astrologi
1397 2144 1531 2208 maximo

166 2240 327 2302 intervallo
352 2238 500 2300 aceteris
515 2239 642 2319 quinque
658 2239 856 2318 distinguunt,
881 2249 915 2303 ut
938 2242 982 2302 ita
1005 2261 1063 2302 nou
1087 2258 1163 2320 opus
1185 2238 1228 2300 sit
1249 2237 1368 2299 illorum
1389 2235 1441 2298 hio
1464 2252 1529 2297 me·

166 2329 305 2403 minisse,
331 2336 363 2389 et
386 2346 526 2388 numerus
550 2346 707 2407 corporum
731 2329 854 2407 pulchre
878 2349 945 2391 cum
968 2328 988 2392 5
1012 2330 1145 2410 planetis
1168 2325 1339 2389 conveniat.

253 2416 375 2496 Jupiter
397 2417 490 2495 igitur
513 2417 541 2477 in
566 2417 664 2478 medio
692 2418 895 2480 maleficarum
923 2419 1074 2480 beneficus
1103 2418 1168 2496 ipse
1196 2416 1307 2478 multos
1337 2412 1368 2475 iu
1393 2412 1528 2475 admira-

164 2507 277 2568 tionem
300 2506 417 2586 rapuit,
451 2516 483 2567 et
505 2506 711 2568 Ptolemaeum
740 2507 833 2567 etiam
861 2508 900 2569 ad
924 2527 1083 2570 causarum
1107 2503 1372 2585 investigationem
1397 2501 1528 2564 extimu-

165 2596 250 2657 lavit.
267 2598 295 2669 ⁸)
342 2596 406 2656 b'os
434 2594 532 2655 simile
563 2595 634 2675 qnid
662 2596 797 2657 videmus
826 2596 855 2657 in
883 2597 1057 2677 pyramide,
1091 2614 1167 2675 quae
1200 2594 1279 2655 inter
1311 2592 1369 2654 duo
1402 2609 1530 2670 corpora

163 2684 273 2765 partim
297 2691 444 2764 cognata,
467 2684 579 2762 partim
602 2683 797 2746 abhorrentia
820 2684 948 2746 invicem
972 2686 1049 2746 adeo
1073 2686 1112 2746 ab
1137 2693 1263 2763 utroque
1292 2681 1465 2760 discrepat,
1496 2685 1528 2741 ut

165 2776 228 2835 t'ere
252 2774 289 2834 de
314 2774 380 2834 loco
402 2771 591 2851 periclitetur
614 2773 643 2834 in
673 2773 840 2835 ratiociniis
864 2774 1077 2853 superioribus.
1125 2772 1227 2834 Trium
1250 2770 1437 2850 superiomm
1460 2768 1527 2849 qui·

164 2863 240 2924 libet
261 2881 328 2924 cum
351 2861 475 2941 reliquis
498 2861 623 2923 hostilia
645 2872 768 2924 exercet
795 2863 874 2923 odia
889 2861 918 2936 ¹²)
964 2863 1073 2924 Tribus
1102 2863 1195 2923 etiam
1223 2878 1324 2923 eorum
1352 2857 1531 2940 corporibus

164 2951 238 3013 nihil
260 2951 381 3031 penitus
405 2951 547 3012 convenit
569 2969 685 3026 eorum,
711 2970 787 3032 quae
812 2959 969 3030 apparent
1017 2952 1101 3012 Mars
1125 2959 1226 3012 tamen
1249 2967 1317 3010 curu
1340 2946 1475 3010 Saturno
1498 2944 1527 3008 iu

161 3041 232 3108 sola
253 3039 374 3103 malitia
396 3039 560 3118 conspirat.
608 3040 685 3102 Huic
709 3059 765 3120 ego
790 3058 931 3120 comparo
954 3040 1191 3103 inconstantiam
1220 3038 1416 3118 angulomm,
1451 3052 1527 3117 quas

163 3128 282 3191 illorum
305 3128 427 3209 propria
450 3135 482 3189 et
504 3129 669 3191 communis
693 3136 744 3190 est
767 3129 895 3210 utrique.
946 3129 1043 3209 Igitur
1065 3127 1213 3191 bonitatis
1237 3135 1448 3207 argumentum
1471 3123 1529 3188 erit

164 3219 366 3292 contrarium,
401 3216 519 3277 scilicet
550 3217 704 3279 stabilitas
738 3218 915 3297 angulorum
943 3218 973 3280 in
1002 3219 1076 3280 solis
1100 3217 1258 3280 lateribus.
1304 3215 1528 3295 Argumentum

164 3327 217 3368 cur
238 3307 369 3386 Jupiter,
393 3306 498 3366 Venus
523 3312 555 3366 et
579 3306 747 3368 Mercurius
770 3307 895 3368 benefici
919 3307 990 3370 siut.
1029 3306 1143 3380 Cubus,
1167 3304 1293 3368 Saturni
1316 3322 1438 3384 corpus,
1463 3321 1527 3364 me·

163 3396 238 3458 titur
261 3395 361 3457 omnia
385 3394 502 3474 reliqua
524 3414 580 3454 sua
602 3396 793 3470 rectitudine,
819 3404 849 3457 et
871 3397 998 3475 planeta
1020 3396 1085 3476 ipse
1109 3413 1265 3456 mensores
1287 3393 1397 3466 efficit,
1421 3400 1528 3474 estque

165 3485 263 3564 quoad
287 3484 438 3563 ingenium
462 3483 587 3563 rigidus,
610 3485 685 3546 recti
709 3493 822 3556 custos,
845 3504 883 3546 ne
907 3486 1001 3547 latum
1023 3503 1152 3565 unguem
1175 3484 1296 3552 cedens,
1320 3481 1526 3555 inexorabilis,

163 3572 347 3634 inflexibilis.
395 3570 447 3633 Sic
471 3572 532 3634 fert
555 3574 656 3652 anguli
680 3573 840 3635 rectitudo.

253 3660 403 3741 Cognatio
428 3660 657 3722 evidentissima
680 3671 729 3724 est
751 3663 780 3723 ln
804 3662 939 3737 basibus,
964 3681 1024 3742 qua
1047 3681 1113 3723 cum
1137 3660 1271 3741 Jupiter,
1297 3659 1414 3733 Venus,
1440 3658 1526 3721 Mer·

162 3751 262 3812 curius
286 3751 456 3829 (planetam
480 3749 546 3811 dico
570 3769 624 3832 pro
648 3754 787 3832 corpore)
813 3752 920 3812 eadem
944 3759 1082 3824 utantur,
1107 3769 1230 3811 causatu
1253 3749 1400 3810 habemus
1424 3764 1528 3809 eorum

163 3840 323 3915 amicitiae,
349 3849 508 3918 utsupra.
556 3839 634 3900 Nam
659 3841 814 3902 stabilitas
838 3841 920 3902 inest
942 3841 1094 3920 triangulo
1116 3839 1254 3919 primum.
1302 3837 1393 3899 Alter
1414 3835 1528 3916 gradus

163 3937 211 3990 est
233 3930 355 4009 planum
378 3947 528 4007 apparens
553 3947 619 3990 cusu
644 3931 754 4009 angulo
780 3949 834 3991 ceu
858 3929 1009 3990 umbilico.
1049 3929 1095 3989 b'e
1119 3929 1259 3989 miremur
1280 3927 1375 4006 igitur
1398 3925 1527 4006 amplius

163 4018 270 4097 ecquid
293 4018 465 4079 delitiarum
489 4037 583 4097 penes
607 4018 712 4079 durum
737 4027 769 4079 et
792 4018 913 4098 igneum
932 4018 1064 4079 Martem
1089 4019 1196 4093 lateat,
1220 4017 1306 4096 cujus
1330 4033 1425 4077 causa
1448 4013 1526 4078 deli·

162 4108 264 4167 catulo
293 4107 398 4167 Venus
428 4107 529 4168 mariti
564 4110 711 4169 frustrata
743 4108 909 4168 thalamum
940 4126 1007 4168 curu
1036 4107 1137 4168 Marte
1168 4103 1400 4186 conspiraverit.
1447 4104 1527 4169 Nan

161 4194 272 4255 Martis
296 4195 549 4276 quinquangulum
580 4206 629 4257 est
657 4196 687 4256 in
712 4197 842 4258 Venere.
890 4194 941 4257 Sic
966 4194 1091 4257 Saturni
1120 4194 1359 4275 quadrangulum
1385 4193 1418 4256 iu
1441 4193 1527 4256 hier-

162 4283 244 4343 curio
267 4283 410 4345 couciliat
433 4285 555 4346 eosdem
579 4285 696 4365 utrique
720 4304 828 4346 mores.
875 4284 994 4344 Tertius
1019 4285 1131 4364 gradum
1156 4293 1217 4358 est,
1248 4282 1420 4345 cumidem
1443 4283 1526 4363 ejus·

162 4371 230 4433 dem
254 4370 283 4433 in
308 4372 424 4433 duobus
448 4382 496 4434 est
510 4375 558 4435 vel
574 4381 719 4454 apparet:
745 4382 778 4435 et
801 4384 863 4435 tum
885 4373 947 4435 illis
971 4373 1000 4434 in
1026 4372 1126 4434 causis
1150 4373 1316 4435 communis
1339 4371 1430 4435 amici
1452 4388 1526 4434 cou-

161 4461 254 4522 venit.
299 4459 395 4541 lgitur
419 4461 447 4522 in
471 4462 561 4524 rebus
585 4463 682 4524 Joviis
707 4464 848 4524 convenit
871 4462 984 4523 Veneri
1009 4481 1075 4522 cum
1099 4462 1260 4534 Mercurio,
1284 4461 1356 4541 quia
1378 4456 1525 4522 communi

157 4550 245 4612 Jovis
270 4558 395 4612 utuntur
418 4549 496 4612 basi.
543 4551 577 4614 lu
601 4550 753 4614 Saturniis
777 4551 928 4615 consentit
950 4551 1118 4612 Mercurius
1141 4570 1209 4612 cnm
1232 4551 1333 4612 Marte
1355 4566 1523 4630 parumper,

159 4641 229 4720 quia
253 4640 282 4702 in
306 4641 360 4702 illo
379 4637 502 4701 Saturni
526 4641 715 4720 quadratum,
739 4642 769 4703 ln
789 4641 845 4703 hoc
863 4649 962 4702 tectus
981 4640 1073 4701 cubus
1089 4647 1147 4701 est.
1180 4641 1322 4720 Apparet
1338 4638 1432 4702 etiam
1447 4639 1524 4710 nina

88 4765 89 4768 =
159 4745 212 4791 cur
234 4729 348 4793 Veneri
372 4748 439 4812 cum
461 4729 593 4791 Saturno
617 4731 698 4792 nulla
722 4730 875 4809 cognatio,
900 4738 932 4791 et
955 4749 1031 4810 quae
1054 4729 1229 4808 potissima,
1254 4738 1286 4790 et
1308 4746 1361 4790 our
1383 4723 1525 4792 Mercurii

159 4818 303 4882 versatile
326 4819 479 4902 ingenium
503 4818 639 4881 omnibus
663 4827 793 4900 quatuor
815 4839 883 4882 sese
907 4819 1053 4900 applicet,
1078 4817 1230 4882 minimum
1254 4824 1358 4881 umen
1379 4814 1483 4882 ldartl.
