3366 5482
845 420 915 482 Jam
938 423 977 482 sd
997 423 1216 484 divisionem
1230 422 1427 485 intervalli
1442 423 1523 488 dis·

163 515 640 645 ffiss‘*
663 587 730 593 —
757 529 881 588 pason.
926 508 976 570 Ex
998 529 1067 572 mea
1090 510 1326 574 ratiocinatione
1344 513 1523 592 auriumque

164 621 334 687 ,ΣΘ
497 622 732 666 Σ
753 598 867 676 judicio
878 609 1041 659 nascmtur
1051 619 1142 661 voces
1151 601 1241 669 istae,
1256 609 1291 662 ut
1301 600 1389 663 rides
1402 601 1463 674 hic,
1477 602 1525 663 nbi

759 688 819 747 ima
830 685 858 746 G
871 696 958 747 notat
969 687 1111 749 chordam
1122 697 1229 751 totam.
1266 686 1442 768 Sequuntur
1451 689 1481 760 b,
1496 689 1524 764 b,

165 794 195 846 c,
220 774 254 842 d,
277 774 338 844 dis,
363 793 394 846 e,
419 793 438 852 g
461 788 492 835 et
516 775 695 852 superiores.
742 775 811 835 Jam
835 775 1027 836 intervallum
1052 775 1096 845 G,
1120 776 1154 848 b,
1184 786 1216 838 et
1239 796 1416 856 supremum
1438 778 1524 857 primi

164 861 354 923 diastematis
379 863 524 941 diapason
550 883 580 936 e,
610 882 629 940 g
654 864 781 923 nondum
806 874 877 923 sunt
900 864 1014 937 divisa,
1044 865 1153 926 desunt
1181 866 1260 925 enim
1285 884 1376 926 voces
1405 887 1427 926 a
1449 876 1482 928 et
1504 867 1523 929 l.

165 948 242 1012 Cum
265 959 365 1011 autem
391 949 435 1022 G,
464 952 547 1012 bsit
576 946 629 1031 Ἃ,
661 950 852 1012 dividendum
883 950 939 1011 erit
962 952 992 1012 iu
1015 963 1139 1032 recepta
1163 963 1194 1014 et
1217 955 1332 1014 usitata
1355 954 1525 1019 mtervalla

168 1037 246 1099 Sunt
271 1048 370 1098 autern
390 1041 455 1117 jam
480 1041 617 1100 stabilita
641 1040 801 1101 intervalla
824 1059 850 1110 c,
875 1040 902 1114 d,
932 1033 986 1119 Ἃ,
1011 1042 1040 1114 d,
1066 1061 1092 1114 e,
1122 1036 1194 1122 ’lm
1221 1043 1250 1114 lr,
1275 1062 1301 1114 c,
1334 1035 1419 1122 '‘lw
1467 1041 1524 1105 Se-

164 1125 338 1187 miditonius
373 1138 473 1189 autem
499 1126 543 1201 G,
569 1130 587 1189 h
617 1148 673 1188 non
699 1129 791 1189 habet
815 1130 881 1206 plus
906 1147 994 1206 qnam
1018 1131 1207 1191 semitonium
1231 1140 1262 1192 et
1285 1141 1407 1204 tonnm;
1442 1131 1526 1193 aufer

166 1217 259 1294 igitur
282 1215 473 1277 semitonium
506 1213 572 1296 ¹7„
600 1238 619 1276 a
642 1216 833 1277 semiditouio
863 1211 916 1295 'in
948 1227 1045 1279 restat
1067 1238 1125 1279 non
1150 1219 1246 1280 minor
1269 1228 1361 1280 tonus
1389 1213 1445 1303 'lu
1472 1219 1525 1281 sed

164 1305 262 1382 major
289 1296 344 1384 ⁸l,;
369 1324 440 1382 ergo
465 1305 542 1366 inter
567 1305 605 1378 G,
632 1316 721 1366 aest
749 1299 799 1384 Ἃ.
846 1303 993 1366 Similiter
1016 1307 1093 1368 inter
1118 1308 1178 1382 dis,
1203 1328 1223 1386 g
1247 1317 1296 1369 est
1314 1300 1364 1388 *lm
1397 1309 1522 1382 intere,

163 1411 192 1472 g,
218 1381 255 1471 Ἴ.
284 1403 316 1453 et
338 1393 417 1454 inter
440 1394 497 1464 dis,
520 1413 537 1452 e
561 1404 609 1454 est
638 1387 718 1473 ”lm
745 1403 865 1471 oportet
887 1393 978 1471 igitur
994 1414 1096 1456 vocem
1115 1397 1129 1455 f
1148 1397 1192 1457 sic
1207 1397 1315 1474 aptari,
1343 1405 1378 1457 nt
1402 1396 1524 1467 usitata,

165 1481 247 1542 etin
272 1481 420 1559 prioribus
444 1484 620 1542 confirmata
644 1493 817 1543 statuantur
843 1483 1021 1558 intervalla,
1055 1485 1135 1563 quod
1162 1486 1213 1556 fit,
1247 1485 1273 1544 si
1304 1486 1329 1558 f,
1358 1485 1450 1563 gysit
1476 1478 1522 1566 ⁸1„

167 1586 235 1631 tunc
260 1567 316 1637 dis,
343 1571 357 1630 f
377 1580 425 1630 est
453 1564 524 1650 'lm
555 1582 586 1631 et
609 1590 635 1639 e,
661 1572 680 1644 f,
714 1567 793 1650 “lw

252 1657 337 1718 Haec
361 1657 454 1736 igitur
476 1669 526 1720 est
544 1659 632 1735 justa
656 1660 763 1721 divisio
786 1680 840 1719 coo
864 1665 1025 1728 dranceos,
1052 1670 1085 1720 ut
1109 1659 1270 1721 intervalia
1293 1661 1338 1721 sic
1363 1680 1396 1722 se
1421 1670 1521 1723 mutuo

165 1756 328 1826 sequautur
351 1746 592 1808 incantuduro:
622 1741 670 1828 Ἃ,
692 1742 759 1825 ⁹l„,
789 1744 870 1828 “lm
900 1740 948 1826 Ἃ,
980 1742 1045 1828 ⁹l„‚
1079 1743 1160 1827 '‘l„‚
1190 1742 1249 1830 ⁸l,;
1273 1749 1411 1813 incautu
1427 1749 1521 1810 molli:

168 1831 217 1918 ⁸ie·
251 1829 330 1916 “itti
361 1829 426 1914 ⁹iro·
457 1830 506 1916 8iti
539 1829 619 1915 ¹⁶ires
650 1831 715 1917 ⁰iras
746 1831 795 1917 8in·

253 1925 312 1985 Ubi
337 1926 366 1984 in
390 1925 586 1984 commissura
609 1927 732 1986 duorum
758 1932 959 2004 systematum
983 1928 1136 1985 tarracon
1150 1926 1363 1987 continuantur
1383 1925 1443 1987 dno
1462 1925 1520 1987 toni

164 2013 305 2092 majores,
329 2023 362 2073 et
385 2013 408 2085 f,
434 2034 453 2072 a
477 2013 653 2091 imperfecte
677 2020 858 2086 consonant,
893 2021 928 2073 ut
951 2022 982 2073 et
1005 2033 1037 2088 a,
1063 2032 1093 2073 c:
1129 2014 1299 2076 differentia
1322 2023 1373 2074 est
1395 2031 1518 2087 comma,

163 2102 242 2182 quod
264 2110 337 2178 puto
362 2120 380 2160 a
403 2099 577 2161 Reinbardo
602 2103 749 2181 appellari
775 2102 896 2179 „lupum
920 2102 1122 2178 organicnm“‚
1159 2102 1259 2164 nescio
1284 2111 1397 2163 tamen.
1444 2103 1517 2164 Nam

164 2190 286 2251 auribus
309 2190 384 2251 haec
413 2189 599 2268 imperfectio
629 2209 687 2251 nou
716 2190 958 2271 deprehenditur.
1005 2191 1164 2251 Accedunt
1188 2200 1251 2252 tres
1280 2192 1383 2252 clares
1408 2192 1518 2253 falsae:

163 2279 207 2352 fis,
233 2278 290 2358 gis,
316 2277 370 2352 cis,
395 2278 502 2358 quibus
526 2299 545 2339 a
568 2287 638 2340 tono
663 2282 736 2352 (uon
761 2280 875 2341 minore
905 2270 971 2358 ⁹l„,
996 2279 1081 2339 utin
1107 2280 1134 2351 b,
1160 2298 1185 2351 c,
1212 2288 1244 2341 et
1266 2280 1295 2352 d,
1321 2299 1354 2351 e,
1377 2299 1434 2360 per
1455 2279 1514 2358 pri-

163 2387 243 2429 mam
267 2385 373 2428 vocum
397 2366 659 2441 constitutionem)
684 2369 737 2430 sed
761 2367 874 2446 majore
903 2360 997 2446 ΒΜ,
1023 2386 1061 2445 g;
1091 2385 1119 2444 g,
1145 2386 1182 2441 a;
1213 2387 1238 2441 c,
1265 2369 1303 2442 d;
1334 2368 1518 2430 abscinditur

163 2456 356 2518 semitonium
380 2456 524 2517 usitatum
556 2451 645 2537 Ἃ,
675 2459 712 2519 ob
737 2455 932 2528 mutationes,
967 2464 998 2515 et
1021 2455 1199 2534 relinquitur
1223 2457 1332 2518 lemma
1356 2458 1405 2519 rel
1429 2456 1517 2517 diesis

163 2544 273 2621 ἀμελης
304 2538 403 2627 ¹²⁸l„,
432 2564 485 2624 pro
510 2564 563 2619 eo,
594 2547 672 2624 quod
696 2546 724 2606 in
750 2555 815 2607 toto
839 2544 951 2606 minore
980 2544 1158 2622 relinquitur
1190 2545 1283 2607 diesis
1306 2543 1418 2622 ἀμελης
1448 2538 1512 2627 nl„

163 2643 311 2696 commate
337 2637 444 2695 minus.
491 2635 570 2696 ham
595 2635 672 2694 adde
702 2628 770 2715 nl„
800 2633 838 2693 ad
867 2626 951 2714 ⁸⁰isr‚
983 2651 1117 2705 comma,
1157 2635 1362 2695 accumulatur
1396 2627 1515 2715 '²⁰l„,:

162 2722 212 2785 ubi
236 2724 271 2784 fis
295 2723 400 2783 crebra
423 2732 471 2783 est
503 2722 532 2782 in
561 2732 651 2784 cantu
681 2725 755 2783 duro
783 2741 836 2801 pro
862 2723 882 2781 f.
930 2723 994 2781 lloc
1026 2721 1117 2800 igitur
1144 2732 1234 2800 pacto
1264 2732 1362 2784 totum
1386 2733 1517 2892 εἴεῑειιια

1424 2859 1432 2882 ,
1454 2804 1515 2891 'lo

171 2895 237 2983 ¹¹‘irs
266 2903 401 2978 (praeter
426 2900 599 2962 harmonica
613 2902 755 2980 majora),
780 2919 837 2960 uon
856 2900 916 2960 alia
935 2901 1030 2977 plura,
1052 2909 1083 2960 et
1098 2899 1155 2959 duo
1170 2898 1273 2977 ἀμελη,
1294 2893 1378 2981 ²725,
1406 2892 1515 2981 ¹²⁸l„,‚

162 3008 238 3069 quae
263 2987 378 3049 l'aciunt
402 2989 600 3050 differentiam
622 3001 729 3051 cantus
754 2990 818 3050 duri
842 3000 874 3048 et
898 2987 1006 3049 mollis.

251 3078 371 3147 Habes,
395 3077 524 3151 Tancki,
550 3078 727 3150 divisionem
750 3076 942 3140 monochordi
966 3095 1004 3136 ex
1028 3075 1196 3153 geometria
1220 3076 1393 3137 deductam.
1441 3075 1514 3137 Nam

162 3168 238 3228 uude
262 3165 453 3226 Reinhardus
487 3185 572 3226 suam
601 3167 778 3238 deduxerit,
810 3167 926 3244 ignoro.
973 3165 1021 3225 Ex
1044 3164 1128 3226 coelo
1159 3164 1238 3224 enim
1262 3184 1320 3226 uon
1345 3164 1513 3236 deduxisse,

162 3256 251 3316 docet
275 3252 474 3327 astronomia,
509 3274 585 3334 qnae
609 3256 689 3318 ridet
714 3256 782 3316 illos
807 3253 973 3315 Reinbardi
1006 3253 1170 3314 diametros
1194 3254 1410 3332 sphaerarum,
1445 3269 1515 3334 qnae

161 3354 231 3405 sunt
253 3342 353 3423 potius
378 3361 416 3402 ex
439 3344 552 3404 musica
575 3362 732 3422 perperam
756 3343 921 3406 derivatae.

249 3432 336 3493 Duae
361 3436 462 3492 antem
486 3433 674 3510 potissimum
699 3440 769 3493 sunt
792 3452 912 3499 causae,
937 3449 989 3491 cur
1012 3447 1066 3490 uec
1090 3449 1127 3488 ex
1150 3429 1306 3490 diametris
1322 3430 1514 3508 sphaerarum

159 3540 249 3582 voces
275 3520 445 3594 musicales,
471 3540 524 3581 nec
549 3541 586 3582 eu
610 3521 724 3582 musica
748 3521 886 3582 diametri
910 3520 1106 3598 sphaerarum
1130 3518 1236 3578 deduci
1259 3518 1391 3596 possint.
1433 3517 1514 3579 Prior

160 3619 209 3671 est
232 3611 324 3670 haec:
362 3606 431 3669 Etsi
455 3609 531 3670 enim
555 3620 627 3670 sunt
657 3611 915 3671 circumferentiae
939 3607 1101 3668 circulares
1130 3606 1160 3667 in
1184 3606 1290 3667 eadem
1313 3606 1512 3687 proportione,

160 3701 189 3759 in
214 3717 272 3778 qua
303 3697 460 3767 diametri,
486 3709 517 3758 et
544 3708 630 3759 astra
662 3699 721 3760 illis
752 3696 1000 3759 circumferentiis
1032 3695 1193 3770 insistunt,
1228 3704 1330 3756 tamen
1356 3695 1512 3756 dissimilia

160 3797 386 3866 comparantur,
413 3805 450 3846 ex
474 3788 659 3847 astronomia
682 3788 842 3865 prolixitas
866 3786 982 3847 itineris
1005 3784 1182 3866 planetarii,
1209 3803 1246 3844 ex
1269 3784 1387 3845 musica
1409 3783 1511 3845 celeri·

160 3885 209 3937 tas
234 3876 364 3937 chordae
388 3877 503 3954 pulsae.
550 3876 618 3936 Nou
643 3878 720 3936 enim
744 3878 774 3937 id
798 3885 846 3935 est
869 3876 993 3954 plancta
1018 3892 1071 3934 suo
1096 3873 1250 3941 circuitui,
1275 3872 1354 3954 quod
1379 3880 1427 3934 est
1449 3872 1510 3951 ple·

160 3976 256 4026 ctrum
280 3985 352 4025 suae
378 3964 522 4037 clrordae;
556 3964 670 4026 chorda
699 3966 778 4026 enim
808 3963 906 4024 brevis
936 3961 1063 4023 celerius
1091 3970 1253 4034 movetur,
1275 3961 1367 4040 longa
1392 3959 1509 4022 tardius.

159 4055 204 4113 At
240 4055 363 4132 planeta
401 4053 476 4113 alias
515 4053 607 4123 hahet
645 4055 728 4132 leges
761 4071 833 4114 suae
867 4051 1052 4124 celeritatis,
1092 4069 1181 4129 quam
1212 4049 1422 4129 prolixitatem
1453 4049 1506 4111 cir·

159 4141 268 4203 cuitus.
317 4142 364 4201 Da
388 4139 518 4202 Saturno
544 4141 725 4203 brevitatem
753 4141 895 4203 circuitus
921 4139 1066 4211 Venerei,
1099 4139 1189 4200 citius
1218 4138 1337 4218 quidem
1369 4158 1437 4200 eum
1459 4136 1508 4197 ab·

159 4231 275 4302 solvet,
301 4248 395 4308 aeque
419 4241 520 4291 tamen
544 4231 603 4292 erit
627 4231 731 4291 tardus
755 4239 857 4304 motu,
883 4249 918 4290 ac
941 4248 1018 4289 nunc
1042 4236 1103 4302 est,
1129 4228 1154 4289 si
1179 4227 1223 4288 illi
1247 4227 1395 4306 genuinas
1420 4224 1507 4289 tardi-

161 4319 235 4380 tatis
263 4337 371 4378 causas
395 4319 556 4398 reliuquas.
605 4318 672 4388 Quo
702 4320 820 4381 nomine
851 4337 1001 4398 nunquam
1030 4335 1102 4377 saue
1135 4316 1240 4378 dextre
1273 4316 1394 4378 institui
1415 4319 1507 4396 potest

157 4406 342 4486 comparatio
372 4417 502 4468 motuum
535 4409 686 4478 chordae,
725 4410 751 4469 h.
786 4429 812 4470 e.
847 4426 1002 4475 sonorum,
1028 4415 1060 4465 et
1090 4406 1294 4483 planetarum.
1342 4403 1505 4469 Similitudo

158 4495 277 4577 quidem
301 4494 376 4556 haec
400 4503 456 4569 est,
483 4496 588 4575 quodsi
613 4497 733 4558 daretur
758 4498 786 4558 in
811 4497 895 4558 coelo
920 4502 982 4568 aer,
1007 4495 1140 4574 planctis
1165 4495 1261 4555 libere
1282 4513 1337 4575 per
1368 4514 1436 4558 eum
1458 4511 1504 4555 ro·

163 2818 316 2873 drauaomr
340 2811 460 2872 usitatis
484 2812 651 2873 intervallis
672 2811 800 2873 divisum
815 2822 871 2884 est,
898 2810 1030 2888 fiuntque
1049 2811 1209 2872 intervalla
1232 2808 1354 2888 ι’μμελη,
1383 2804 1418 2889 ⁸,

158 4585 304 4658 lantibus,
331 4585 453 4657 daretur
476 4604 549 4644 sane
574 4605 681 4662 sonus,
705 4606 763 4646 nou
788 4587 898 4659 miuus,
930 4603 1018 4664 quam
1042 4582 1156 4644 chorda
1178 4602 1296 4645 rursum
1319 4597 1504 4663 prorsumque

158 4692 211 4753 per
236 4680 336 4735 adrem
360 4671 453 4734 moti.
500 4675 545 4733 At
568 4692 634 4734 cum
659 4675 686 4735 in
710 4675 825 4736 musica
848 4694 938 4736 sonus
963 4671 1094 4733 musicus
1118 4672 1278 4735 definiatur
1302 4673 1341 4734 ab
1367 4671 1502 4755 aequabi-
