3366 5482
100 248 211 321 ,rs
637 199 639 203 ’
761 214 923 300 999999

418 404 449 459 19
467 406 609 474 1199999199.
689 408 835 473 1199919999.
882 408 912 458 Ῑ9
924 407 997 458 999919
1010 409 1135 460 comode.
1209 406 1290 460 Pata
1459 408 1511 460 diff.

211 497 333 561 99999
384 544 391 560 .
443 493 592 561 roslara
721 480 847 561 5⁰5ss
932 493 1080 561 999949
1209 493 1311 560 suc
1417 571 1422 582 ¹
1469 497 1520 561 99

210 586 336 651 999.
384 634 391 650 .
441 581 589 650 recusas
699 583 740 650 99
762 584 806 650 49
874 598 880 610 ·
929 582 1080 657 9939999
1188 584 1227 648 rr
1259 583 1298 649 99
1464 585 1507 650 99

212 677 322 738 naas
382 724 389 738 .
436 671 589 738 9999999
696 672 740 738 99
763 673 806 739 sa
898 671 1075 738 9999199
1152 671 1231 736 -ss
1255 672 1296 738 99
1422 671 1520 747 rurs

210 766 338 828 Veneris
383 813 391 828 .
438 760 587 827 7611111
698 761 740 828 49
765 760 807 828 34
929 760 1081 827 7613889
1188 761 1232 827 49
1254 762 1297 827 35
1491 764 1504 826 1

210 853 388 917 Mercurii.
434 849 588 917 4900000
696 850 739 918 29
763 851 830 915 20.
927 848 1081 916 4794444
1190 850 1232 916 28
1255 850 1298 917 39
1463 851 1504 916 41

765 987 772 1002 ·
802 950 900 1024 (Comp.
918 958 1109 1024 tabulamque
1127 958 1187 1025 099.
1206 959 1254 1010 XV
1272 957 1447 1022 concluditur.)

201 1180 202 1185 ,
252 1118 345 1180 Porro
367 1118 436 1181 nolo
459 1117 648 1181 dissimulare
671 1106 859 1197 scrupulum,
893 1119 943 1199 qni
971 1139 1022 1181 me·
1048 1119 1097 1181 hic
1127 1129 1234 1198 urget:
1272 1118 1457 1200 Copernicus
1483 1128 1516 1181 et

122 1218 128 1225 ·
168 1208 346 1270 Ρ991991999
370 1207 470 1269 omnia
493 1208 532 1269 ad
555 1208 650 1269 locum
665 1205 746 1269 Solis
769 1209 897 1270 medium
921 1210 1063 1271 referunt
1110 1206 1175 1270 Aut
1188 1209 1289 1287 igitur
1312 1219 1454 1271 statuunt
1465 1223 1516 1270 to-

166 1305 229 1358 turn
252 1296 391 1358 mundum
414 1296 554 1358 mobilem
578 1296 785 1371 eccentricum,
809 1298 874 1360 sive
897 1298 975 1378 qnod
998 1299 1026 1359 in
1051 1298 1258 1360 astronomicis
1274 1299 1352 1360 idem
1371 1307 1428 1371 991,
1455 1298 1516 1361 So-

164 1387 222 1447 lem
245 1385 275 1447 in
298 1404 390 1465 parvo
415 1386 524 1447 circulo
548 1405 646 1447 annuo
669 1395 752 1448 motu
775 1386 856 1467 91999
883 1396 1018 1448 centrum
1046 1387 1147 1448 mundi
1180 1388 1426 1449 cocornenntem:
1465 1398 1518 1449 aut

164 1475 318 1537 fatendum
341 1482 398 1550 991,
423 1492 482 1536 999
504 1492 594 1554 99999
616 1476 1039 1563 999199999911999199999999,
1062 1477 1242 1555 9999999119
1265 1477 1375 1539 Martis
1397 1486 1430 1538 et
1449 1477 1515 1537 Ve-

163 1564 252 1641 neris,
277 1583 316 1625 ex
338 1563 507 1631 Pruteuicis
531 1563 706 1644 computari.
754 1565 887 1627 Tertium
910 1565 987 1627 euim
1010 1565 1111 1627 nescio
1135 1585 1172 1626 99
1188 1563 1251 1626 lieri
1264 1566 1378 1647 possit:
1399 1574 1432 1628 91
1447 1565 1515 1645 qui-

163 1653 238 1716 libet
269 1653 458 1734 planetarum
485 1650 658 1736 epicycliuin
686 1653 815 1728 habeat,
849 1654 934 1733 cujus
966 1654 1090 1734 remigio
1123 1661 1239 1715 tantum
1269 1655 1372 1735 fugere
1405 1655 1513 1734 possit,

163 1751 305 1825 quantum
337 1743 432 1804 Terra
463 1742 501 1803 ad
534 1743 630 1822 ipsum
663 1743 899 1823 appropinquare
930 1744 1006 1805 velit
1037 1751 1069 1805 91
1100 1752 1214 1811 999199.
1260 1743 1382 1805 illorum
1414 1753 1514 1806 autem

162 1838 261 1896 otium
284 1833 335 1907 sit,
359 1831 480 1894 difficile
504 1831 585 1893 dictu
608 1839 667 1893 est
712 1833 792 1896 Nam
815 1832 968 1912 exemplar
991 1851 1089 1894 meum
1113 1832 1233 1894 libroV
1256 1832 1364 1894 Revol.
1390 1831 1466 1913 099.
1483 1831 1513 1907 4,

163 1940 219 2002 quo
243 1922 307 1982 1999
330 1921 632 2000 nodus-quaestionis
656 1920 771 1993 haeret,
794 1922 1044 1988 autgmendosurn
1067 1930 1132 1991 est,
1154 1929 1208 1983 991
1226 1940 1282 2001 ego
1301 1942 1419 1984 uaecusa
1454 1921 1514 1984 So-

163 2011 221 2072 lem
245 2009 305 2071 9119
329 2008 417 2070 999919
440 2008 580 2071 mobilem
603 2010 717 2084 facere,
746 2010 795 2071 vel
818 2018 922 2072 tantae
951 2011 1020 2071 moli
1045 2018 1251 2072 eccentrotota
1272 2011 1416 2085 tribuere,
1442 2011 1515 2073 19999

161 2106 415 2178 pugnantesque
438 2105 471 2158 et
493 2116 558 2159 cnm
577 2098 735 2178 principiis
758 2108 878 2161 etcum
901 2111 1019 2163 natura.
1066 2099 1161 2163 Etsi
1185 2099 1291 2178 globus
1315 2100 1379 2180 ipse
1403 2100 1513 2162 Terrae

161 2205 251 2249 nuum
274 2202 369 2267 genus
392 2184 623 2265 lermoennum,
648 2187 735 2266 cujus
757 2187 884 2249 circulus
902 2187 937 2248 91
963 2188 1050 2267 191199
1073 2207 1093 2248 9
1114 2187 1262 2249 Rhaetico
1286 2199 1361 2250 rota<
1378 2190 1514 2252 fortunae

162 2276 289 2349 dicitur,
325 2294 378 2337 suo
400 2274 522 2354 9999919
543 2285 627 2337 motu
649 2276 732 2337 solus
755 2277 884 2354 perficit,
918 2277 1050 2355 facitque
1072 2277 1140 2338 ideo
1163 2277 1362 2340 differentiam
1385 2278 1515 2358 aliquam

163 2373 306 2446 aspectus
329 2383 469 2426 successu
488 2364 663 2439 seculorum,
682 2383 740 2443 999
762 2375 838 2440 9991,
858 2374 889 2427 91
903 2366 1031 2428 alterum
1054 2384 1148 2445 genus
1171 2366 1202 2428 in
1225 2368 1352 2429 eandem
1365 2367 1515 2429 Tellurem

161 2452 330 2525 solitariam
353 2453 497 2516 conferre.
545 2450 636 2532 ((199.
659 2453 749 2528 XV.)
850 2502 853 2507 .

248 2543 404 2606 Fortassis
427 2541 519 2622 igitur
541 2541 651 2604 Martis
675 2544 817 2623 ambages
840 2542 916 2604 ideo
931 2542 1028 2605 minus
1051 2543 1208 2622 cognitae,
1242 2544 1312 2625 quia
1342 2545 1368 2608 is
1398 2544 1512 2607 9191999

160 2632 228 2697 19919
255 2631 417 2703 varietati:
449 2630 479 2692 in
507 2631 617 2693 ceteris
639 2651 710 2694 vero
733 2631 942 2695 remotioribus
964 2651 1067 2713 parmn
1091 2632 1347 2697 animadvertitur.
1394 2636 1439 2696 At
1464 2635 1511 2695 vi-

160 2721 261 2785 cissim
284 2722 322 2783 de
345 2721 465 2782 Venere
488 2738 546 2781 non
570 2729 620 2783 est
641 2721 747 2784 eadem
770 2720 972 2802 querimonia,
1003 2740 1078 2803 quae
1107 2721 1192 2783 utin
1216 2723 1420 2804 propinquiori
1443 2743 1511 2785 ma-

157 2812 209 2894 jor
231 2829 299 2872 9999
323 2809 461 2884 debebat,
487 2810 513 2871 si
536 2810 602 2872 sola
625 2811 727 2872 Tellus
749 2830 802 2891 per
825 2810 902 2872 hanc
926 2811 1188 2873 commutationem
1211 2812 1342 2889 planetis
1366 2820 1514 2874 annueret

156 2894 250 2982 atque
274 2901 427 2961 abnueret.
475 2896 564 2971 Quod
591 2899 619 2961 si
642 2901 760 2962 omnino
783 2918 843 2962 una
866 2911 950 2962 99991
972 2901 1092 2961 Terrae
1111 2908 1144 2960 at
1170 2899 1299 2963 omnium
1321 2903 1512 2982 planetarum

161 3008 255 3072 eaque
279 3009 377 3051 annua
401 2988 619 3064 accentu-initas,
647 2989 705 3051 erit
726 2989 780 3051 illa
802 2989 965 3051 communis
989 2988 1081 3050 etiam
1103 2989 1326 3068 proportionum
1349 3010 1386 3054 ex
1400 3009 1511 3070 corpo-

145 3079 242 3143 ribus
265 3078 477 3150 dasumtarum,
497 3078 545 3140 -ita
565 3085 599 3139 ut
622 3079 770 3139 distantia
792 3097 893 3140 eornm
915 3098 973 3139 nou
997 3076 1111 3139 aSolis
1135 3079 1194 3144 sed
1212 3079 1250 3140 ab
1272 3078 1386 3143 orbium
1409 3087 1512 3141 999199

160 3168 296 3251 99199919
319 3166 369 3229 911.
415 3166 465 3227 Ex
497 3185 554 3249 quo
584 3174 758 3248 sequeretur
784 3167 896 3229 nnllam
923 3166 1049 3247 relinqui
1075 3162 1205 3233 Terrena
1235 3168 1298 3231 orbi
1329 3169 1509 3242 crassitiem,

159 3258 209 3320 vel
234 3257 373 3338 exiguam
396 3256 519 3331 saltem,
539 3275 602 3336 qua
625 3257 662 3317 de
685 3256 773 3317 modo
797 3256 919 3317 dictum.
966 3256 1053 3319 Unde
1075 3256 1143 3338 liet,
1173 3252 1208 3317 ut
1231 3257 1511 3321 dodecabdricorum

158 3347 287 3409 laterum
310 3353 415 3408 centra
436 3345 470 3407 ‘et
493 3344 670 3407 icosaedrici
693 3344 796 3424 anguli
810 3344 919 3406 919199
940 3345 1044 3407 eadem
1060 3327 1215 3425 superficie
1230 3347 1396 3428 sphaerica,
1421 3357 1511 3429 atque

156 3434 205 3499 ita
226 3426 310 3498 totus
332 3435 459 3496 muudus
482 3435 536 3497 191
559 3434 730 3514 angustior:
755 3435 833 3514 qnod
855 3452 913 3495 non
937 3433 1057 3497 videtur
1079 3435 1202 3497 tolerari
1220 3445 1253 3496 et
1271 3456 1338 3497 cum
1360 3455 1511 3519 apparen-

160 3525 213 3588 1119
235 3523 389 3587 9999111991
410 3542 512 3604 posse
558 3523 602 3586 Ut
623 3516 715 3603 igitur
736 3523 768 3585 in
791 3542 925 3584 omnem·
930 3532 1069 3585 eventum
1084 3533 1231 3603 paratus
1240 3525 1310 3601 sim,
1340 3527 1422 3601 dico,
1453 3526 1512 3589 etsi

158 3624 192 3678 91
216 3612 373 3703 (lopernici
396 3611 548 3675 sententia
573 3611 711 3691 9119999
744 3611 970 3675 observationes
1002 3632 1037 3674 eo
1071 3621 1228 3692 spectent,
1260 3633 1350 3694 posse
1378 3634 1426 3678 me
1458 3634 1512 3695 999
1560 3614 1566 3629 '

138 3702 260 3766 'orbem
284 3694 389 3765 Danae
412 3707 486 3763 tum
497 3702 566 3763 huic
589 3700 685 3762 hiatui
707 3701 882 3763 subvenire
888 3721 974 3782 quem
999 3710 1102 3764 antea
1112 3702 1266 3806 negabam
1282 3703 1363 3766 orbis
1381 3704 1511 3768 Terreni

159 3791 308 3855 crassitiei
339 3791 568 3859 accensendum
613 3790 693 3852 Nam
721 3791 866 3853 diameter
893 3790 973 3853 orbis
1002 3791 1129 3853 Lunaris
1153 3791 1260 3871 exiguo
1283 3794 1414 3873 99911919
1437 3793 1510 3856 Tal-

158 3881 232 3944 luris
255 3880 512 3943 occentricitatem
535 3879 667 3941 excedit:
693 3881 772 3961 quod
795 3880 956 3960 spatiolum
979 3880 1123 3960 9191119191
1141 3881 1322 3944 9119999199
1338 3884 1510 3963 ampliando
1558 3940 1566 3953 ,

157 3971 281 4033 mundo:
313 3970 387 4033 illud
414 3969 444 4031 in
471 3969 572 4031 Marto
601 3975 633 4029 et
653 3967 730 4030 Jove
753 3970 875 4031 nimium
902 3970 1113 4032 accedentibus
1143 3979 1293 4048 optatum,
1320 3972 1352 4033 iu
1375 3971 1509 4035 Saturno

133 4068 310 4142 ‚connum
334 4059 465 4132 199119,
456 4079 486 4121 m
510 4057 626 4119 duobus
648 4059 838 4121 inferioribus
861 4059 1106 4121 dissimulandum
1130 4068 1222 4120 esset.

244 4149 323 4213 Nam
346 4156 378 4210 et
400 4147 456 4209 hoc
479 4146 737 4209 animadversione
760 4148 883 4232 dignum
906 4155 965 4224 est,
989 4147 1067 4228 quod
1091 4147 1236 4227 digressio
1260 4148 1364 4214 horum
1378 4149 1511 4212 maxima

142 4231 1201 4317 ’999199999991999Ρ99199191991191991991,9999994921
1222 4232 1370 4314 26129,
1417 4240 1509 4302 Forte

156 4327 227 4407 quia
250 4327 320 4389 illae
344 4325 455 4387 nostris
479 4325 662 4406 temporibus
686 4335 809 4407 9999199
823 4334 969 4388 mutatam
985 4324 1240 4388 eccentrioitatenr
1254 4322 1370 4405 Terrae
1385 4348 1509 4392 accom-

156 4416 339 4481 modatiores
363 4423 443 4477 9991

149 4582 153 4592 Ι
232 4503 324 4569 Utut
346 4502 396 4574 sit.
420 4523 507 4566 arcus
529 4503 574 4567 illi
596 4510 655 4567 non
678 4512 809 4584 aequant
831 4503 900 4566 illos
920 4503 1086 4603 superiores
1106 4499 1245 4579 ‹19⁰3t‘,
1270 4500 1332 4567 29ο
1346 4501 1409 4580 20,
1433 4525 1508 4587 quos

155 4586 356 4660 ostendunt
333 4582 414 4655 sinus
431 4591 629 4673 aGoperuico
643 4593 763 4674 proditi.
796 4595 899 4676 Atque
923 4592 966 4653 ita
987 4592 1052 4653 sine
1074 4593 1192 4675 9199919
1215 4612 1269 4674 999
1282 4593 1419 4698 aliquem
1441 4613 1506 4656 999-

153 4686 259 4749 liorem
274 4682 391 4747 modum
407 4681 562 4744 ordinandi
577 4677 664 4746 orbes
682 4684 743 4744 illis
758 4680 870 4761 aliquid
889 4681 1006 4743 detrahi
1026 4700 1094 4744 mea
1107 4682 1227 4763 quidem
1242 4684 1378 4764 opinione
1393 4692 1505 4765 potest.

241 4777 288 4839 Ν9
313 4790 383 4836 vero
397 4771 473 4857 quis
496 4771 622 4853 iniquius
647 4772 676 4834 in
699 4772 930 4848 1999999991999
957 4779 1079 4852 propter
1101 4772 1178 4834 banc
1202 4773 1359 4836 levicolam
1386 4773 1505 4856 ambig-
