<?xml version="1.0" encoding="UTF-8"?>
<!DOCTYPE html PUBLIC "-//W3C//DTD XHTML 1.0 Transitional//EN"
    "http://www.w3.org/TR/xhtml1/DTD/xhtml1-transitional.dtd">
<html xmlns="http://www.w3.org/1999/xhtml" xml:lang="en" lang="en">
 <head>
  <title>
</title>
<meta http-equiv="Content-Type" content="text/html;charset=utf-8" />
  <meta name='ocr-system' content='tesseract 3.04.00' />
  <meta name='ocr-capabilities' content='ocr_page ocr_carea ocr_par ocr_line ocrx_word'/>
</head>
<body>
  <div class='ocr_page' id='page_1' title='image "./joanniskepleria04frisgoog_0280.png"; bbox 0 0 3366 5482; ppageno 0'>
   <div class='ocr_carea' id='block_1_1' title="bbox 751 213 1529 328">
    <p class='ocr_par' dir='ltr' id='par_1_1' title="bbox 751 213 1529 328">
     <span class='ocr_line' id='line_1_1' title="bbox 751 213 1529 328; baseline 0.003 -61"><span class='ocrx_word' id='word_1_1' title='bbox 751 219 839 268; x_wconf 66' lang='lat' dir='ltr'>coum</span> <span class='ocrx_word' id='word_1_2' title='bbox 855 213 953 270; x_wconf 80' lang='lat' dir='ltr'>Ursum.</span> <span class='ocrx_word' id='word_1_3' title='bbox 1307 292 1327 328; x_wconf 47' lang='grc' dir='ltr'><strong><em>ο</em></strong></span> <span class='ocrx_word' id='word_1_4' title='bbox 1466 217 1529 286; x_wconf 80' lang='lat'>261</span> 
     </span>
    </p>
   </div>
   <div class='ocr_carea' id='block_1_2' title="bbox 166 357 1549 905">
    <p class='ocr_par' dir='ltr' id='par_1_2' title="bbox 166 357 1531 807">
     <span class='ocr_line' id='line_1_2' title="bbox 168 357 1530 461; baseline 0.011 -31"><span class='ocrx_word' id='word_1_5' title='bbox 168 388 289 432; x_wconf 89' lang='lat' dir='ltr'>manum</span> <span class='ocrx_word' id='word_1_6' title='bbox 312 370 485 434; x_wconf 89' lang='lat' dir='ltr'>nullatenus</span> <span class='ocrx_word' id='word_1_7' title='bbox 508 371 688 450; x_wconf 86' lang='lat' dir='ltr'>admovisse,</span> <span class='ocrx_word' id='word_1_8' title='bbox 715 376 798 438; x_wconf 88' lang='lat' dir='ltr'>solas</span> <span class='ocrx_word' id='word_1_9' title='bbox 816 357 893 439; x_wconf 69' lang='lat' dir='ltr'>iero</span> <span class='ocrx_word' id='word_1_10' title='bbox 909 375 1137 441; x_wconf 87' lang='lat' dir='ltr'>observationes</span> <span class='ocrx_word' id='word_1_11' title='bbox 1153 378 1310 459; x_wconf 80' lang='lat' dir='ltr'>reliquisse</span> <span class='ocrx_word' id='word_1_12' title='bbox 1330 380 1530 461; x_wconf 88' lang='lat' dir='ltr'>conscriptas.</span> 
     </span>
     <span class='ocr_line' id='line_1_3' title="bbox 167 457 1531 550; baseline 0.011 -31"><span class='ocrx_word' id='word_1_13' title='bbox 167 457 268 520; x_wconf 87' lang='lat' dir='ltr'>Minus</span> <span class='ocrx_word' id='word_1_14' title='bbox 290 459 386 540; x_wconf 88' lang='lat' dir='ltr'>igitur</span> <span class='ocrx_word' id='word_1_15' title='bbox 407 462 540 524; x_wconf 87' lang='lat' dir='ltr'>tentavit</span> <span class='ocrx_word' id='word_1_16' title='bbox 563 463 757 544; x_wconf 81' lang='lat' dir='ltr'>Hipparchus</span> <span class='ocrx_word' id='word_1_17' title='bbox 790 466 819 527; x_wconf 93' lang='lat' dir='ltr'>iu</span> <span class='ocrx_word' id='word_1_18' title='bbox 851 467 1036 530; x_wconf 76' lang='lat' dir='ltr'>astronomia</span> <span class='ocrx_word' id='word_1_19' title='bbox 1064 468 1346 549; x_wconf 89' lang='lat' dir='ltr'>angustioribusque</span> <span class='ocrx_word' id='word_1_20' title='bbox 1370 470 1531 550; x_wconf 79' lang='lat' dir='ltr'>pomoeriis</span> 
     </span>
     <span class='ocr_line' id='line_1_4' title="bbox 166 547 1530 637; baseline 0.01 -28"><span class='ocrx_word' id='word_1_21' title='bbox 166 547 369 628; x_wconf 83' lang='lat' dir='ltr'>cogitationes</span> <span class='ocrx_word' id='word_1_22' title='bbox 390 559 421 612; x_wconf 89' lang='lat' dir='ltr'>et</span> <span class='ocrx_word' id='word_1_23' title='bbox 443 569 531 612; x_wconf 88' lang='lat' dir='ltr'>curas</span> <span class='ocrx_word' id='word_1_24' title='bbox 555 572 627 615; x_wconf 87' lang='lat' dir='ltr'>suas</span> <span class='ocrx_word' id='word_1_25' title='bbox 652 553 788 628; x_wconf 89' lang='lat' dir='ltr'>inclusit,</span> <span class='ocrx_word' id='word_1_26' title='bbox 813 575 901 636; x_wconf 90' lang='lat' dir='ltr'>quam</span> <span class='ocrx_word' id='word_1_27' title='bbox 925 557 974 618; x_wconf 91' lang='lat' dir='ltr'>vel</span> <span class='ocrx_word' id='word_1_28' title='bbox 997 558 1142 619; x_wconf 84' lang='lat' dir='ltr'>Eudoxus</span> <span class='ocrx_word' id='word_1_29' title='bbox 1164 558 1214 618; x_wconf 85' lang='lat' dir='ltr'>vel</span> <span class='ocrx_word' id='word_1_30' title='bbox 1239 556 1394 637; x_wconf 84' lang='lat' dir='ltr'>Calippus.</span> <span class='ocrx_word' id='word_1_31' title='bbox 1443 557 1530 628; x_wconf 81' lang='lat' dir='ltr'>Quae</span> 
     </span>
     <span class='ocr_line' id='line_1_5' title="bbox 166 638 1530 728; baseline 0.009 -30"><span class='ocrx_word' id='word_1_32' title='bbox 166 644 215 698; x_wconf 87' lang='lat' dir='ltr'>est</span> <span class='ocrx_word' id='word_1_33' title='bbox 237 656 313 718; x_wconf 90' lang='lat' dir='ltr'>ergo</span> <span class='ocrx_word' id='word_1_34' title='bbox 335 638 389 701; x_wconf 88' lang='lat' dir='ltr'>illa</span> <span class='ocrx_word' id='word_1_35' title='bbox 412 646 474 701; x_wconf 87' lang='lat' dir='ltr'>tam</span> <span class='ocrx_word' id='word_1_36' title='bbox 497 642 655 719; x_wconf 88' lang='lat' dir='ltr'>splendide</span> <span class='ocrx_word' id='word_1_37' title='bbox 678 652 839 706; x_wconf 86' lang='lat' dir='ltr'>asservata</span> <span class='ocrx_word' id='word_1_38' title='bbox 863 644 1029 708; x_wconf 88' lang='lat' dir='ltr'>immutatio</span> <span class='ocrx_word' id='word_1_39' title='bbox 1053 646 1279 727; x_wconf 82' lang='lat' dir='ltr'>hypothesium,</span> <span class='ocrx_word' id='word_1_40' title='bbox 1314 665 1402 726; x_wconf 92' lang='lat' dir='ltr'>quam</span> <span class='ocrx_word' id='word_1_41' title='bbox 1422 645 1530 728; x_wconf 81' lang='lat' dir='ltr'>Calip-</span> 
     </span>
     <span class='ocr_line' id='line_1_6' title="bbox 166 725 606 807; baseline 0.016 -21"><span class='ocrx_word' id='word_1_42' title='bbox 166 725 243 806; x_wconf 83' lang='lat' dir='ltr'>picis</span> <span class='ocrx_word' id='word_1_43' title='bbox 265 726 458 807; x_wconf 74' lang='lat' dir='ltr'>Hipparchus</span> <span class='ocrx_word' id='word_1_44' title='bbox 482 729 606 793; x_wconf 89' lang='lat' dir='ltr'>intulit?</span> 
     </span>
    </p>

    <p class='ocr_par' dir='ltr' id='par_1_3' title="bbox 257 813 1549 905">
     <span class='ocr_line' id='line_1_7' title="bbox 257 813 1549 905; baseline 0.006 -28"><span class='ocrx_word' id='word_1_45' title='bbox 257 816 404 881; x_wconf 85' lang='lat' dir='ltr'>Venimus</span> <span class='ocrx_word' id='word_1_46' title='bbox 435 837 530 898; x_wconf 91' lang='lat' dir='ltr'>usqne</span> <span class='ocrx_word' id='word_1_47' title='bbox 558 819 597 881; x_wconf 90' lang='lat' dir='ltr'>ad</span> <span class='ocrx_word' id='word_1_48' title='bbox 625 827 761 899; x_wconf 89' lang='lat' dir='ltr'>tempora</span> <span class='ocrx_word' id='word_1_49' title='bbox 789 821 971 900; x_wconf 77' lang='lat' dir='ltr'>Hipparchi,</span> <span class='ocrx_word' id='word_1_50' title='bbox 1007 822 1055 903; x_wconf 90' lang='lat' dir='ltr'>qui</span> <span class='ocrx_word' id='word_1_51' title='bbox 1083 822 1233 905; x_wconf 88' lang='lat' dir='ltr'>posterior</span> <span class='ocrx_word' id='word_1_52' title='bbox 1261 813 1431 884; x_wconf 79' lang='lat' dir='ltr'>Aristotele</span> <span class='ocrx_word' id='word_1_53' title='bbox 1461 823 1549 900; x_wconf 73' lang='lat' dir='ltr'>fuit,</span> 
     </span>
    </p>
   </div>
   <div class='ocr_carea' id='block_1_3' title="bbox 163 906 1529 1436">
    <p class='ocr_par' dir='ltr' id='par_1_4' title="bbox 163 906 1527 1256">
     <span class='ocr_line' id='line_1_8' title="bbox 165 906 1527 993; baseline 0.007 -28"><span class='ocrx_word' id='word_1_54' title='bbox 165 922 222 985; x_wconf 95' lang='lat' dir='ltr'>quo</span> <span class='ocrx_word' id='word_1_55' title='bbox 247 911 384 985; x_wconf 89' lang='lat' dir='ltr'>tempore</span> <span class='ocrx_word' id='word_1_56' title='bbox 399 906 496 969; x_wconf 88' lang='lat' dir='ltr'>Ursus</span> <span class='ocrx_word' id='word_1_57' title='bbox 521 908 564 971; x_wconf 86' lang='lat' dir='ltr'>ait</span> <span class='ocrx_word' id='word_1_58' title='bbox 587 910 776 971; x_wconf 87' lang='lat' dir='ltr'>introductas</span> <span class='ocrx_word' id='word_1_59' title='bbox 799 910 991 992; x_wconf 88' lang='lat' dir='ltr'>physicorum</span> <span class='ocrx_word' id='word_1_60' title='bbox 1015 912 1210 993; x_wconf 82' lang='lat' dir='ltr'>hypotheses,</span> <span class='ocrx_word' id='word_1_61' title='bbox 1234 912 1263 972; x_wconf 93' lang='lat' dir='ltr'>h.</span> <span class='ocrx_word' id='word_1_62' title='bbox 1280 931 1306 974; x_wconf 92' lang='lat' dir='ltr'>e.</span> <span class='ocrx_word' id='word_1_63' title='bbox 1332 929 1399 972; x_wconf 93' lang='lat' dir='ltr'>eum</span> <span class='ocrx_word' id='word_1_64' title='bbox 1415 911 1527 990; x_wconf 87' lang='lat' dir='ltr'>sphae-</span> 
     </span>
     <span class='ocr_line' id='line_1_9' title="bbox 165 994 1527 1078; baseline 0.005 -23"><span class='ocrx_word' id='word_1_65' title='bbox 165 1011 266 1056; x_wconf 88' lang='lat' dir='ltr'>rarum</span> <span class='ocrx_word' id='word_1_66' title='bbox 289 994 435 1070; x_wconf 83' lang='lat' dir='ltr'>ordinem,</span> <span class='ocrx_word' id='word_1_67' title='bbox 459 998 508 1078; x_wconf 81' lang='lat' dir='ltr'>qui</span> <span class='ocrx_word' id='word_1_68' title='bbox 532 998 692 1060; x_wconf 88' lang='lat' dir='ltr'>hodiedum</span> <span class='ocrx_word' id='word_1_69' title='bbox 715 999 805 1078; x_wconf 90' lang='lat' dir='ltr'>vulgo</span> <span class='ocrx_word' id='word_1_70' title='bbox 829 999 969 1062; x_wconf 91' lang='lat' dir='ltr'>creditur.</span> <span class='ocrx_word' id='word_1_71' title='bbox 1018 1002 1052 1062; x_wconf 94' lang='lat' dir='ltr'>Id</span> <span class='ocrx_word' id='word_1_72' title='bbox 1076 1007 1177 1063; x_wconf 90' lang='lat' dir='ltr'>autem</span> <span class='ocrx_word' id='word_1_73' title='bbox 1201 1006 1298 1073; x_wconf 88' lang='lat' dir='ltr'>totum</span> <span class='ocrx_word' id='word_1_74' title='bbox 1322 1015 1436 1062; x_wconf 89' lang='lat' dir='ltr'>memm</span> <span class='ocrx_word' id='word_1_75' title='bbox 1460 1020 1527 1063; x_wconf 91' lang='lat' dir='ltr'>esse</span> 
     </span>
     <span class='ocr_line' id='line_1_10' title="bbox 163 1083 1527 1171; baseline 0.005 -27"><span class='ocrx_word' id='word_1_76' title='bbox 163 1083 313 1145; x_wconf 89' lang='lat' dir='ltr'>somnium</span> <span class='ocrx_word' id='word_1_77' title='bbox 340 1104 432 1164; x_wconf 85' lang='lat' dir='ltr'>snpra</span> <span class='ocrx_word' id='word_1_78' title='bbox 455 1088 593 1165; x_wconf 87' lang='lat' dir='ltr'>probavi,</span> <span class='ocrx_word' id='word_1_79' title='bbox 626 1107 693 1149; x_wconf 93' lang='lat' dir='ltr'>cum</span> <span class='ocrx_word' id='word_1_80' title='bbox 717 1087 861 1160; x_wconf 90' lang='lat' dir='ltr'>dicerem,</span> <span class='ocrx_word' id='word_1_81' title='bbox 890 1088 1083 1168; x_wconf 88' lang='lat' dir='ltr'>Pythagorae</span> <span class='ocrx_word' id='word_1_82' title='bbox 1114 1089 1171 1171; x_wconf 92' lang='lat' dir='ltr'>ipsi</span> <span class='ocrx_word' id='word_1_83' title='bbox 1205 1090 1249 1151; x_wconf 90' lang='lat' dir='ltr'>sic</span> <span class='ocrx_word' id='word_1_84' title='bbox 1279 1109 1347 1151; x_wconf 91' lang='lat' dir='ltr'>esse</span> <span class='ocrx_word' id='word_1_85' title='bbox 1368 1088 1466 1153; x_wconf 90' lang='lat' dir='ltr'>visum</span> <span class='ocrx_word' id='word_1_86' title='bbox 1489 1092 1527 1152; x_wconf 89' lang='lat' dir='ltr'>de</span> 
     </span>
     <span class='ocr_line' id='line_1_11' title="bbox 164 1171 905 1256; baseline 0.005 -22"><span class='ocrx_word' id='word_1_87' title='bbox 164 1171 363 1253; x_wconf 71' lang='lat' dir='ltr'>sphaerarum</span> <span class='ocrx_word' id='word_1_88' title='bbox 382 1174 496 1248; x_wconf 91' lang='lat' dir='ltr'>ordine,</span> <span class='ocrx_word' id='word_1_89' title='bbox 520 1175 563 1237; x_wconf 83' lang='lat' dir='ltr'>uti</span> <span class='ocrx_word' id='word_1_90' title='bbox 587 1185 696 1256; x_wconf 90' lang='lat' dir='ltr'>postea</span> <span class='ocrx_word' id='word_1_91' title='bbox 718 1177 905 1239; x_wconf 90' lang='lat' dir='ltr'>Ptolemaeo.</span> 
     </span>
    </p>

    <p class='ocr_par' dir='ltr' id='par_1_5' title="bbox 164 1261 1529 1436">
     <span class='ocr_line' id='line_1_12' title="bbox 253 1261 1529 1344; baseline 0.005 -22"><span class='ocrx_word' id='word_1_92' title='bbox 253 1261 298 1323; x_wconf 86' lang='lat' dir='ltr'>Et</span> <span class='ocrx_word' id='word_1_93' title='bbox 324 1263 394 1342; x_wconf 95' lang='lat' dir='ltr'>quid</span> <span class='ocrx_word' id='word_1_94' title='bbox 422 1265 548 1327; x_wconf 87' lang='lat' dir='ltr'>moltis?</span> <span class='ocrx_word' id='word_1_95' title='bbox 579 1262 851 1344; x_wconf 83' lang='lat' dir='ltr'>Quomodocuoque</span> <span class='ocrx_word' id='word_1_96' title='bbox 881 1266 1017 1328; x_wconf 88' lang='lat' dir='ltr'>locentur</span> <span class='ocrx_word' id='word_1_97' title='bbox 1039 1266 1114 1328; x_wconf 92' lang='lat' dir='ltr'>haec</span> <span class='ocrx_word' id='word_1_98' title='bbox 1138 1264 1157 1329; x_wconf 89' lang='lat'><strong>3</strong></span> <span class='ocrx_word' id='word_1_99' title='bbox 1182 1285 1309 1344; x_wconf 91' lang='lat' dir='ltr'>corpora</span> <span class='ocrx_word' id='word_1_100' title='bbox 1327 1264 1425 1339; x_wconf 90' lang='lat' dir='ltr'>Solis,</span> <span class='ocrx_word' id='word_1_101' title='bbox 1460 1266 1529 1328; x_wconf 89' lang='lat' dir='ltr'>Ve-</span> 
     </span>
     <span class='ocr_line' id='line_1_13' title="bbox 164 1349 1527 1436; baseline 0.003 -24"><span class='ocrx_word' id='word_1_102' title='bbox 164 1349 244 1414; x_wconf 89' lang='lat' dir='ltr'>neris</span> <span class='ocrx_word' id='word_1_103' title='bbox 268 1358 302 1413; x_wconf 91' lang='lat' dir='ltr'>et</span> <span class='ocrx_word' id='word_1_104' title='bbox 320 1352 461 1415; x_wconf 82' lang='lat' dir='ltr'>Mercurii</span> <span class='ocrx_word' id='word_1_105' title='bbox 486 1353 564 1416; x_wconf 91' lang='lat' dir='ltr'>inter</span> <span class='ocrx_word' id='word_1_106' title='bbox 583 1354 713 1416; x_wconf 92' lang='lat' dir='ltr'>Martem</span> <span class='ocrx_word' id='word_1_107' title='bbox 737 1362 769 1416; x_wconf 92' lang='lat' dir='ltr'>et</span> <span class='ocrx_word' id='word_1_108' title='bbox 788 1355 913 1424; x_wconf 91' lang='lat' dir='ltr'>Lunam,</span> <span class='ocrx_word' id='word_1_109' title='bbox 939 1374 1058 1434; x_wconf 86' lang='lat' dir='ltr'>semper</span> <span class='ocrx_word' id='word_1_110' title='bbox 1076 1355 1121 1428; x_wconf 93' lang='lat' dir='ltr'>(in</span> <span class='ocrx_word' id='word_1_111' title='bbox 1145 1354 1265 1418; x_wconf 89' lang='lat' dir='ltr'>usitatis</span> <span class='ocrx_word' id='word_1_112' title='bbox 1289 1353 1407 1434; x_wconf 90' lang='lat' dir='ltr'>quidem</span> <span class='ocrx_word' id='word_1_113' title='bbox 1429 1354 1527 1436; x_wconf 90' lang='lat' dir='ltr'>hypo-</span> 
     </span>
    </p>
   </div>
   <div class='ocr_carea' id='block_1_4' title="bbox 164 1439 1622 1524">
    <p class='ocr_par' dir='ltr' id='par_1_6' title="bbox 164 1439 1622 1524">
     <span class='ocr_line' id='line_1_14' title="bbox 164 1439 1622 1524; baseline 0.001 -21"><span class='ocrx_word' id='word_1_114' title='bbox 164 1439 318 1513; x_wconf 84' lang='lat' dir='ltr'>thesibus)</span> <span class='ocrx_word' id='word_1_115' title='bbox 348 1459 400 1504; x_wconf 88' lang='lat' dir='ltr'>res</span> <span class='ocrx_word' id='word_1_116' title='bbox 427 1441 531 1504; x_wconf 93' lang='lat' dir='ltr'>eodem</span> <span class='ocrx_word' id='word_1_117' title='bbox 561 1443 639 1505; x_wconf 91' lang='lat' dir='ltr'>redit</span> <span class='ocrx_word' id='word_1_118' title='bbox 671 1444 700 1503; x_wconf 93' lang='lat' dir='ltr'>in</span> <span class='ocrx_word' id='word_1_119' title='bbox 721 1449 918 1507; x_wconf 88' lang='lat' dir='ltr'>astronomia.</span> <span class='ocrx_word' id='word_1_120' title='bbox 965 1445 1046 1506; x_wconf 92' lang='lat' dir='ltr'>Nam</span> <span class='ocrx_word' id='word_1_121' title='bbox 1074 1444 1130 1505; x_wconf 90' lang='lat' dir='ltr'>hac</span> <span class='ocrx_word' id='word_1_122' title='bbox 1154 1444 1204 1505; x_wconf 90' lang='lat' dir='ltr'>via</span> <span class='ocrx_word' id='word_1_123' title='bbox 1228 1442 1347 1524; x_wconf 90' lang='lat' dir='ltr'>quidem</span> <span class='ocrx_word' id='word_1_124' title='bbox 1370 1441 1525 1522; x_wconf 90' lang='lat' dir='ltr'>ingressos</span> <span class='ocrx_word' id='word_1_125' title='bbox 1620 1451 1622 1455; x_wconf 86' lang='lat'>&#39;</span> 
     </span>
    </p>
   </div>
   <div class='ocr_carea' id='block_1_5' title="bbox 163 1528 1527 2146">
    <p class='ocr_par' dir='ltr' id='par_1_7' title="bbox 163 1528 1527 2146">
     <span class='ocr_line' id='line_1_15' title="bbox 164 1528 1525 1613; baseline 0.001 -23"><span class='ocrx_word' id='word_1_126' title='bbox 164 1528 393 1592; x_wconf 87' lang='lat' dir='ltr'>observationes</span> <span class='ocrx_word' id='word_1_127' title='bbox 408 1529 587 1593; x_wconf 89' lang='lat' dir='ltr'>destituunt.</span> <span class='ocrx_word' id='word_1_128' title='bbox 635 1531 727 1594; x_wconf 90' lang='lat' dir='ltr'>Solae</span> <span class='ocrx_word' id='word_1_129' title='bbox 747 1532 939 1613; x_wconf 92' lang='lat' dir='ltr'>physicarum</span> <span class='ocrx_word' id='word_1_130' title='bbox 953 1532 1103 1594; x_wconf 91' lang='lat' dir='ltr'>rationum</span> <span class='ocrx_word' id='word_1_131' title='bbox 1124 1531 1400 1596; x_wconf 85' lang='lat' dir='ltr'>verisimilitudines</span> <span class='ocrx_word' id='word_1_132' title='bbox 1416 1539 1525 1593; x_wconf 89' lang='lat' dir='ltr'>aucto-</span> 
     </span>
     <span class='ocr_line' id='line_1_16' title="bbox 164 1619 1526 1702; baseline 0.001 -22"><span class='ocrx_word' id='word_1_133' title='bbox 164 1637 222 1694; x_wconf 91' lang='lat' dir='ltr'>res,</span> <span class='ocrx_word' id='word_1_134' title='bbox 248 1619 431 1699; x_wconf 91' lang='lat' dir='ltr'>utquisque</span> <span class='ocrx_word' id='word_1_135' title='bbox 455 1621 532 1682; x_wconf 89' lang='lat' dir='ltr'>hanc</span> <span class='ocrx_word' id='word_1_136' title='bbox 557 1622 604 1683; x_wconf 90' lang='lat' dir='ltr'>vel</span> <span class='ocrx_word' id='word_1_137' title='bbox 622 1621 705 1683; x_wconf 91' lang='lat' dir='ltr'>illam</span> <span class='ocrx_word' id='word_1_138' title='bbox 730 1621 919 1700; x_wconf 90' lang='lat' dir='ltr'>potissimum</span> <span class='ocrx_word' id='word_1_139' title='bbox 944 1621 1088 1702; x_wconf 88' lang='lat' dir='ltr'>sequitur,</span> <span class='ocrx_word' id='word_1_140' title='bbox 1113 1621 1143 1682; x_wconf 93' lang='lat' dir='ltr'>iu</span> <span class='ocrx_word' id='word_1_141' title='bbox 1166 1621 1319 1683; x_wconf 87' lang='lat' dir='ltr'>contraria</span> <span class='ocrx_word' id='word_1_142' title='bbox 1342 1619 1472 1698; x_wconf 91' lang='lat' dir='ltr'>rapiunt,</span> <span class='ocrx_word' id='word_1_143' title='bbox 1489 1620 1526 1682; x_wconf 55' lang='lat' dir='ltr'>¹in</span> 
     </span>
     <span class='ocr_line' id='line_1_17' title="bbox 163 1706 1525 1791; baseline 0.001 -22"><span class='ocrx_word' id='word_1_144' title='bbox 163 1706 274 1769; x_wconf 89' lang='lat' dir='ltr'>ceteris</span> <span class='ocrx_word' id='word_1_145' title='bbox 298 1709 534 1772; x_wconf 90' lang='lat' dir='ltr'>consentientes.</span> <span class='ocrx_word' id='word_1_146' title='bbox 582 1707 649 1779; x_wconf 83' lang='lat' dir='ltr'>Quo</span> <span class='ocrx_word' id='word_1_147' title='bbox 673 1719 774 1789; x_wconf 90' lang='lat' dir='ltr'>pacto,</span> <span class='ocrx_word' id='word_1_148' title='bbox 799 1711 863 1771; x_wconf 88' lang='lat' dir='ltr'>sive</span> <span class='ocrx_word' id='word_1_149' title='bbox 888 1719 958 1791; x_wconf 79' lang='lat' dir='ltr'>aute</span> <span class='ocrx_word' id='word_1_150' title='bbox 988 1710 1052 1770; x_wconf 87' lang='lat' dir='ltr'>sive</span> <span class='ocrx_word' id='word_1_151' title='bbox 1076 1717 1147 1790; x_wconf 91' lang='lat' dir='ltr'>post</span> <span class='ocrx_word' id='word_1_152' title='bbox 1161 1711 1318 1771; x_wconf 84' lang='lat' dir='ltr'>Eudoxum</span> <span class='ocrx_word' id='word_1_153' title='bbox 1339 1710 1525 1788; x_wconf 90' lang='lat' dir='ltr'>disputatum</span> 
     </span>
     <span class='ocr_line' id='line_1_18' title="bbox 164 1796 1526 1880; baseline 0.001 -23"><span class='ocrx_word' id='word_1_154' title='bbox 164 1796 205 1858; x_wconf 88' lang='lat' dir='ltr'>sit</span> <span class='ocrx_word' id='word_1_155' title='bbox 232 1796 270 1858; x_wconf 91' lang='lat' dir='ltr'>de</span> <span class='ocrx_word' id='word_1_156' title='bbox 298 1797 441 1858; x_wconf 90' lang='lat' dir='ltr'>moderno</span> <span class='ocrx_word' id='word_1_157' title='bbox 472 1799 667 1877; x_wconf 86' lang='lat' dir='ltr'>sphaeramm</span> <span class='ocrx_word' id='word_1_158' title='bbox 697 1798 800 1860; x_wconf 93' lang='lat' dir='ltr'>ordine</span> <span class='ocrx_word' id='word_1_159' title='bbox 823 1799 954 1880; x_wconf 84' lang='lat' dir='ltr'>vulgari,</span> <span class='ocrx_word' id='word_1_160' title='bbox 987 1818 1045 1859; x_wconf 92' lang='lat' dir='ltr'>non</span> <span class='ocrx_word' id='word_1_161' title='bbox 1074 1800 1241 1860; x_wconf 91' lang='lat' dir='ltr'>censendae</span> <span class='ocrx_word' id='word_1_162' title='bbox 1267 1808 1336 1859; x_wconf 91' lang='lat' dir='ltr'>sunt</span> <span class='ocrx_word' id='word_1_163' title='bbox 1366 1799 1471 1859; x_wconf 91' lang='lat' dir='ltr'>horum</span> <span class='ocrx_word' id='word_1_164' title='bbox 1495 1807 1526 1859; x_wconf 93' lang='lat' dir='ltr'>et</span> 
     </span>
     <span class='ocr_line' id='line_1_19' title="bbox 163 1885 1527 1969; baseline 0.001 -23"><span class='ocrx_word' id='word_1_165' title='bbox 163 1885 282 1947; x_wconf 82' lang='lat' dir='ltr'>Eudoxi</span> <span class='ocrx_word' id='word_1_166' title='bbox 315 1885 453 1948; x_wconf 83' lang='lat' dir='ltr'>diversae</span> <span class='ocrx_word' id='word_1_167' title='bbox 482 1887 665 1969; x_wconf 89' lang='lat' dir='ltr'>hypotheses</span> <span class='ocrx_word' id='word_1_168' title='bbox 693 1887 925 1951; x_wconf 87' lang='lat' dir='ltr'>astronomicae.</span> <span class='ocrx_word' id='word_1_169' title='bbox 977 1885 1053 1949; x_wconf 86' lang='lat' dir='ltr'>Cum</span> <span class='ocrx_word' id='word_1_170' title='bbox 1086 1889 1163 1949; x_wconf 90' lang='lat' dir='ltr'>enim</span> <span class='ocrx_word' id='word_1_171' title='bbox 1201 1888 1269 1949; x_wconf 93' lang='lat' dir='ltr'>inde</span> <span class='ocrx_word' id='word_1_172' title='bbox 1304 1908 1322 1946; x_wconf 90' lang='lat' dir='ltr'>a</span> <span class='ocrx_word' id='word_1_173' title='bbox 1350 1887 1527 1966; x_wconf 83' lang='lat' dir='ltr'>Pythagora</span> 
     </span>
     <span class='ocr_line' id='line_1_20' title="bbox 164 1973 1525 2056; baseline 0.001 -21"><span class='ocrx_word' id='word_1_174' title='bbox 164 1974 320 2054; x_wconf 88' lang='lat' dir='ltr'>bucusque</span> <span class='ocrx_word' id='word_1_175' title='bbox 332 1973 442 2054; x_wconf 85' lang='lat' dir='ltr'>volgus</span> <span class='ocrx_word' id='word_1_176' title='bbox 456 1984 695 2038; x_wconf 85' lang='lat' dir='ltr'>astronomorum</span> <span class='ocrx_word' id='word_1_177' title='bbox 712 1977 740 2037; x_wconf 93' lang='lat' dir='ltr'>in</span> <span class='ocrx_word' id='word_1_178' title='bbox 756 1977 855 2056; x_wconf 91' lang='lat' dir='ltr'>capite</span> <span class='ocrx_word' id='word_1_179' title='bbox 879 1976 1094 2050; x_wconf 79' lang='lat' dir='ltr'>consenserint,</span> <span class='ocrx_word' id='word_1_180' title='bbox 1121 1976 1269 2037; x_wconf 90' lang='lat' dir='ltr'>dubitatio</span> <span class='ocrx_word' id='word_1_181' title='bbox 1293 1976 1368 2037; x_wconf 89' lang='lat' dir='ltr'>haec</span> <span class='ocrx_word' id='word_1_182' title='bbox 1384 1976 1421 2035; x_wconf 91' lang='lat' dir='ltr'>de</span> <span class='ocrx_word' id='word_1_183' title='bbox 1436 1976 1525 2037; x_wconf 86' lang='lat' dir='ltr'>trium</span> 
     </span>
     <span class='ocr_line' id='line_1_21' title="bbox 164 2063 1523 2146; baseline 0 -22"><span class='ocrx_word' id='word_1_184' title='bbox 164 2063 267 2125; x_wconf 91' lang='lat' dir='ltr'>horum</span> <span class='ocrx_word' id='word_1_185' title='bbox 300 2081 458 2143; x_wconf 90' lang='lat' dir='ltr'>corporum</span> <span class='ocrx_word' id='word_1_186' title='bbox 486 2064 589 2127; x_wconf 91' lang='lat' dir='ltr'>ordine</span> <span class='ocrx_word' id='word_1_187' title='bbox 619 2085 739 2145; x_wconf 89' lang='lat' dir='ltr'>semper</span> <span class='ocrx_word' id='word_1_188' title='bbox 767 2068 892 2141; x_wconf 86' lang='lat' dir='ltr'>mansit,</span> <span class='ocrx_word' id='word_1_189' title='bbox 927 2065 1076 2127; x_wconf 90' lang='lat' dir='ltr'>necdum</span> <span class='ocrx_word' id='word_1_190' title='bbox 1108 2085 1127 2126; x_wconf 92' lang='lat' dir='ltr'>a</span> <span class='ocrx_word' id='word_1_191' title='bbox 1154 2064 1287 2146; x_wconf 87' lang='lat' dir='ltr'>physicis</span> <span class='ocrx_word' id='word_1_192' title='bbox 1317 2073 1365 2126; x_wconf 89' lang='lat' dir='ltr'>est</span> <span class='ocrx_word' id='word_1_193' title='bbox 1393 2064 1523 2125; x_wconf 90' lang='lat' dir='ltr'>sublata.</span> 
     </span>
    </p>
   </div>
   <div class='ocr_carea' id='block_1_6' title="bbox 1563 648 1582 684">
    <p class='ocr_par' dir='ltr' id='par_1_8' title="bbox 1563 648 1582 684">
     <span class='ocr_line' id='line_1_22' title="bbox 1563 648 1582 684; baseline 0 0"><span class='ocrx_word' id='word_1_194' title='bbox 1563 648 1582 684; x_wconf 78' lang='grc' dir='ltr'><em>Ι</em></span> 
     </span>
    </p>
   </div>
   <div class='ocr_carea' id='block_1_7' title="bbox 163 2150 1575 2234">
    <p class='ocr_par' dir='ltr' id='par_1_9' title="bbox 163 2150 1575 2234">
     <span class='ocr_line' id='line_1_23' title="bbox 163 2150 1575 2234; baseline 0 -21"><span class='ocrx_word' id='word_1_195' title='bbox 163 2152 382 2214; x_wconf 87' lang='lat' dir='ltr'>Heraclitus</span> <span class='ocrx_word' id='word_1_196' title='bbox 399 2150 502 2215; x_wconf 90' lang='lat' dir='ltr'>Solem</span> <span class='ocrx_word' id='word_1_197' title='bbox 527 2154 600 2216; x_wconf 86' lang='lat' dir='ltr'>fecit</span> <span class='ocrx_word' id='word_1_198' title='bbox 622 2154 827 2234; x_wconf 88' lang='lat' dir='ltr'>penintimum,</span> <span class='ocrx_word' id='word_1_199' title='bbox 853 2156 957 2217; x_wconf 91' lang='lat' dir='ltr'>eodem</span> <span class='ocrx_word' id='word_1_200' title='bbox 981 2172 1048 2215; x_wconf 92' lang='lat' dir='ltr'>cum</span> <span class='ocrx_word' id='word_1_201' title='bbox 1063 2153 1231 2214; x_wconf 86' lang='lat' dir='ltr'>Aristotele</span> <span class='ocrx_word' id='word_1_202' title='bbox 1247 2172 1318 2214; x_wconf 89' lang='lat' dir='ltr'>usus</span> <span class='ocrx_word' id='word_1_203' title='bbox 1338 2159 1525 2230; x_wconf 89' lang='lat' dir='ltr'>argumento,</span> <span class='ocrx_word' id='word_1_204' title='bbox 1571 2196 1575 2201; x_wconf 82' lang='lat'><em>·</em></span> 
     </span>
    </p>
   </div>
   <div class='ocr_carea' id='block_1_8' title="bbox 163 2240 1526 2679">
    <p class='ocr_par' dir='ltr' id='par_1_10' title="bbox 163 2240 1526 2679">
     <span class='ocr_line' id='line_1_24' title="bbox 164 2240 1526 2324; baseline 0 -23"><span class='ocrx_word' id='word_1_205' title='bbox 164 2240 241 2320; x_wconf 92' lang='lat' dir='ltr'>quod</span> <span class='ocrx_word' id='word_1_206' title='bbox 271 2247 376 2304; x_wconf 89' lang='lat' dir='ltr'>cetera</span> <span class='ocrx_word' id='word_1_207' title='bbox 408 2249 493 2303; x_wconf 89' lang='lat' dir='ltr'>astra</span> <span class='ocrx_word' id='word_1_208' title='bbox 522 2243 618 2304; x_wconf 89' lang='lat' dir='ltr'>minus</span> <span class='ocrx_word' id='word_1_209' title='bbox 648 2243 840 2306; x_wconf 82' lang='lat' dir='ltr'>calefaciant.</span> <span class='ocrx_word' id='word_1_210' title='bbox 882 2245 972 2306; x_wconf 90' lang='lat' dir='ltr'>Plato</span> <span class='ocrx_word' id='word_1_211' title='bbox 995 2243 1245 2324; x_wconf 89' lang='lat' dir='ltr'>Pythagoricam,</span> <span class='ocrx_word' id='word_1_212' title='bbox 1275 2240 1463 2304; x_wconf 86' lang='lat' dir='ltr'>Socraticam</span> <span class='ocrx_word' id='word_1_213' title='bbox 1495 2247 1526 2302; x_wconf 92' lang='lat' dir='ltr'>et</span> 
     </span>
     <span class='ocr_line' id='line_1_25' title="bbox 164 2329 1525 2411; baseline -0.001 -20"><span class='ocrx_word' id='word_1_214' title='bbox 164 2329 378 2392; x_wconf 87' lang='lat' dir='ltr'>Heracliticam</span> <span class='ocrx_word' id='word_1_215' title='bbox 402 2331 624 2411; x_wconf 90' lang='lat' dir='ltr'>philosophiam</span> <span class='ocrx_word' id='word_1_216' title='bbox 648 2332 792 2408; x_wconf 90' lang='lat' dir='ltr'>miscens,</span> <span class='ocrx_word' id='word_1_217' title='bbox 824 2334 974 2395; x_wconf 90' lang='lat' dir='ltr'>referente</span> <span class='ocrx_word' id='word_1_218' title='bbox 997 2331 1028 2391; x_wconf 95' lang='lat' dir='ltr'>id</span> <span class='ocrx_word' id='word_1_219' title='bbox 1052 2331 1192 2406; x_wconf 76' lang='lat' dir='ltr'>Laertio,</span> <span class='ocrx_word' id='word_1_220' title='bbox 1222 2330 1420 2410; x_wconf 88' lang='lat' dir='ltr'>locupletavit</span> <span class='ocrx_word' id='word_1_221' title='bbox 1448 2330 1525 2391; x_wconf 90' lang='lat' dir='ltr'>hauc</span> 
     </span>
     <span class='ocr_line' id='line_1_26' title="bbox 164 2417 1524 2501; baseline 0 -22"><span class='ocrx_word' id='word_1_222' title='bbox 164 2418 332 2498; x_wconf 92' lang='lat' dir='ltr'>opinionem</span> <span class='ocrx_word' id='word_1_223' title='bbox 355 2420 457 2498; x_wconf 90' lang='lat' dir='ltr'>optica</span> <span class='ocrx_word' id='word_1_224' title='bbox 482 2422 674 2501; x_wconf 89' lang='lat' dir='ltr'>conjectura:</span> <span class='ocrx_word' id='word_1_225' title='bbox 700 2422 725 2482; x_wconf 92' lang='lat' dir='ltr'>si</span> <span class='ocrx_word' id='word_1_226' title='bbox 752 2422 792 2496; x_wconf 74' lang='lat' dir='ltr'>Q,</span> <span class='ocrx_word' id='word_1_227' title='bbox 818 2424 839 2499; x_wconf 64' lang='lat' dir='ltr'>d</span> <span class='ocrx_word' id='word_1_228' title='bbox 862 2422 941 2484; x_wconf 88' lang='lat' dir='ltr'>infra</span> <span class='ocrx_word' id='word_1_229' title='bbox 963 2419 1065 2482; x_wconf 87' lang='lat' dir='ltr'>Solem</span> <span class='ocrx_word' id='word_1_230' title='bbox 1089 2420 1160 2489; x_wconf 88' lang='lat' dir='ltr'>sint,</span> <span class='ocrx_word' id='word_1_231' title='bbox 1185 2419 1331 2482; x_wconf 89' lang='lat' dir='ltr'>diminuta</span> <span class='ocrx_word' id='word_1_232' title='bbox 1355 2419 1424 2479; x_wconf 93' lang='lat' dir='ltr'>olim</span> <span class='ocrx_word' id='word_1_233' title='bbox 1448 2417 1524 2479; x_wconf 81' lang='lat' dir='ltr'>facie</span> 
     </span>
     <span class='ocr_line' id='line_1_27' title="bbox 163 2508 1523 2587; baseline -0.001 -17"><span class='ocrx_word' id='word_1_234' title='bbox 163 2516 195 2570; x_wconf 92' lang='lat' dir='ltr'>ut</span> <span class='ocrx_word' id='word_1_235' title='bbox 216 2508 336 2570; x_wconf 87' lang='lat' dir='ltr'>Lunam</span> <span class='ocrx_word' id='word_1_236' title='bbox 360 2508 457 2570; x_wconf 84' lang='lat' dir='ltr'>visum</span> <span class='ocrx_word' id='word_1_237' title='bbox 481 2509 527 2571; x_wconf 91' lang='lat' dir='ltr'>iri.</span> <span class='ocrx_word' id='word_1_238' title='bbox 569 2511 764 2572; x_wconf 86' lang='lat' dir='ltr'>Ptolemaeus</span> <span class='ocrx_word' id='word_1_239' title='bbox 797 2511 883 2572; x_wconf 91' lang='lat' dir='ltr'>addit</span> <span class='ocrx_word' id='word_1_240' title='bbox 906 2529 945 2572; x_wconf 88' lang='lat' dir='ltr'>ex</span> <span class='ocrx_word' id='word_1_241' title='bbox 966 2509 1084 2571; x_wconf 88' lang='lat' dir='ltr'>illorum</span> <span class='ocrx_word' id='word_1_242' title='bbox 1106 2509 1259 2571; x_wconf 89' lang='lat' dir='ltr'>sententia</span> <span class='ocrx_word' id='word_1_243' title='bbox 1291 2517 1322 2571; x_wconf 89' lang='lat' dir='ltr'>et</span> <span class='ocrx_word' id='word_1_244' title='bbox 1350 2508 1407 2569; x_wconf 94' lang='lat' dir='ltr'>hoc</span> <span class='ocrx_word' id='word_1_245' title='bbox 1431 2526 1523 2587; x_wconf 89' lang='lat' dir='ltr'>argu·</span> 
     </span>
     <span class='ocr_line' id='line_1_28' title="bbox 163 2596 1524 2679; baseline 0.001 -22"><span class='ocrx_word' id='word_1_246' title='bbox 163 2602 310 2670; x_wconf 88' lang='lat' dir='ltr'>mentum,</span> <span class='ocrx_word' id='word_1_247' title='bbox 344 2598 422 2677; x_wconf 90' lang='lat' dir='ltr'>quod</span> <span class='ocrx_word' id='word_1_248' title='bbox 455 2618 604 2679; x_wconf 89' lang='lat' dir='ltr'>nunquam</span> <span class='ocrx_word' id='word_1_249' title='bbox 632 2597 735 2661; x_wconf 91' lang='lat' dir='ltr'>Solem</span> <span class='ocrx_word' id='word_1_250' title='bbox 768 2600 976 2662; x_wconf 83' lang='lat' dir='ltr'>obtenebrent</span> <span class='ocrx_word' id='word_1_251' title='bbox 1025 2597 1110 2668; x_wconf 84' lang='lat' dir='ltr'>Quae</span> <span class='ocrx_word' id='word_1_252' title='bbox 1135 2606 1314 2678; x_wconf 90' lang='lat' dir='ltr'>argumenta</span> <span class='ocrx_word' id='word_1_253' title='bbox 1338 2596 1524 2659; x_wconf 87' lang='lat' dir='ltr'>declinantes</span> 
     </span>
    </p>
   </div>
   <div class='ocr_carea' id='block_1_9' title="bbox 163 2684 1625 2768">
    <p class='ocr_par' dir='ltr' id='par_1_11' title="bbox 163 2684 1625 2768">
     <span class='ocr_line' id='line_1_29' title="bbox 163 2684 1625 2768; baseline -0.001 -21"><span class='ocrx_word' id='word_1_254' title='bbox 163 2685 295 2748; x_wconf 87' lang='lat' dir='ltr'>moderni</span> <span class='ocrx_word' id='word_1_255' title='bbox 319 2686 471 2765; x_wconf 90' lang='lat' dir='ltr'>pellucida</span> <span class='ocrx_word' id='word_1_256' title='bbox 493 2687 547 2749; x_wconf 91' lang='lat' dir='ltr'>illa</span> <span class='ocrx_word' id='word_1_257' title='bbox 569 2706 697 2766; x_wconf 88' lang='lat' dir='ltr'>corpora</span> <span class='ocrx_word' id='word_1_258' title='bbox 720 2687 843 2763; x_wconf 84' lang='lat' dir='ltr'>iaciunt,</span> <span class='ocrx_word' id='word_1_259' title='bbox 869 2696 975 2751; x_wconf 87' lang='lat' dir='ltr'>contra</span> <span class='ocrx_word' id='word_1_260' title='bbox 999 2689 1128 2768; x_wconf 68' lang='lat' dir='ltr'>quam)</span> <span class='ocrx_word' id='word_1_261' title='bbox 1151 2687 1200 2748; x_wconf 87' lang='lat' dir='ltr'>vel</span> <span class='ocrx_word' id='word_1_262' title='bbox 1224 2686 1288 2748; x_wconf 91' lang='lat' dir='ltr'>Soli</span> <span class='ocrx_word' id='word_1_263' title='bbox 1311 2684 1524 2767; x_wconf 87' lang='lat' dir='ltr'>propinquanti</span> <span class='ocrx_word' id='word_1_264' title='bbox 1619 2688 1625 2701; x_wconf 89' lang='lat'><strong><em>‘</em></strong></span> 
     </span>
    </p>
   </div>
   <div class='ocr_carea' id='block_1_10' title="bbox 163 2774 1644 2854">
    <p class='ocr_par' dir='ltr' id='par_1_12' title="bbox 163 2774 1644 2854">
     <span class='ocr_line' id='line_1_30' title="bbox 163 2774 1644 2854; baseline -0.001 -19"><span class='ocrx_word' id='word_1_265' title='bbox 163 2774 240 2836; x_wconf 83' lang='lat' dir='ltr'>riam</span> <span class='ocrx_word' id='word_1_266' title='bbox 264 2775 387 2845; x_wconf 91' lang='lat' dir='ltr'>cedere,</span> <span class='ocrx_word' id='word_1_267' title='bbox 420 2784 454 2836; x_wconf 93' lang='lat' dir='ltr'>ut</span> <span class='ocrx_word' id='word_1_268' title='bbox 476 2776 670 2839; x_wconf 89' lang='lat' dir='ltr'>Ptolemaeus</span> <span class='ocrx_word' id='word_1_269' title='bbox 695 2778 775 2851; x_wconf 90' lang='lat' dir='ltr'>vult,</span> <span class='ocrx_word' id='word_1_270' title='bbox 809 2779 859 2840; x_wconf 84' lang='lat' dir='ltr'>vel</span> <span class='ocrx_word' id='word_1_271' title='bbox 883 2777 974 2839; x_wconf 90' lang='lat' dir='ltr'>etiam</span> <span class='ocrx_word' id='word_1_272' title='bbox 998 2778 1233 2848; x_wconf 86' lang='lat' dir='ltr'>subtercurrere,</span> <span class='ocrx_word' id='word_1_273' title='bbox 1265 2785 1300 2838; x_wconf 94' lang='lat' dir='ltr'>ut</span> <span class='ocrx_word' id='word_1_274' title='bbox 1328 2774 1462 2837; x_wconf 89' lang='lat' dir='ltr'>moderni</span> <span class='ocrx_word' id='word_1_275' title='bbox 1487 2792 1525 2834; x_wconf 92' lang='lat' dir='ltr'>ex</span> <span class='ocrx_word' id='word_1_276' title='bbox 1641 2851 1644 2854; x_wconf 21' lang='grc' dir='ltr'>Ι</span> 
     </span>
    </p>
   </div>
   <div class='ocr_carea' id='block_1_11' title="bbox 162 2863 1524 3550">
    <p class='ocr_par' dir='ltr' id='par_1_13' title="bbox 162 2863 1524 3550">
     <span class='ocr_line' id='line_1_31' title="bbox 164 2863 1524 2945; baseline -0.001 -20"><span class='ocrx_word' id='word_1_277' title='bbox 164 2863 270 2926; x_wconf 91' lang='lat' dir='ltr'>Proclo</span> <span class='ocrx_word' id='word_1_278' title='bbox 299 2871 330 2925; x_wconf 89' lang='lat' dir='ltr'>et</span> <span class='ocrx_word' id='word_1_279' title='bbox 352 2865 510 2926; x_wconf 84' lang='lat' dir='ltr'>Averrhoe</span> <span class='ocrx_word' id='word_1_280' title='bbox 539 2866 686 2945; x_wconf 86' lang='lat' dir='ltr'>exemplis</span> <span class='ocrx_word' id='word_1_281' title='bbox 715 2866 811 2928; x_wconf 92' lang='lat' dir='ltr'>dubiis</span> <span class='ocrx_word' id='word_1_282' title='bbox 839 2867 1031 2928; x_wconf 88' lang='lat' dir='ltr'>contendunt.</span> <span class='ocrx_word' id='word_1_283' title='bbox 1077 2866 1123 2927; x_wconf 89' lang='lat' dir='ltr'>At</span> <span class='ocrx_word' id='word_1_284' title='bbox 1150 2872 1257 2926; x_wconf 91' lang='lat' dir='ltr'>contra</span> <span class='ocrx_word' id='word_1_285' title='bbox 1284 2863 1524 2944; x_wconf 86' lang='lat' dir='ltr'>penetrationem</span> 
     </span>
     <span class='ocr_line' id='line_1_32' title="bbox 163 2950 1523 3028; baseline -0.003 -14"><span class='ocrx_word' id='word_1_286' title='bbox 163 2953 276 3015; x_wconf 91' lang='lat' dir='ltr'>orbium</span> <span class='ocrx_word' id='word_1_287' title='bbox 296 2950 395 3028; x_wconf 89' lang='lat' dir='ltr'>Solis,</span> <span class='ocrx_word' id='word_1_288' title='bbox 424 2954 568 3028; x_wconf 89' lang='lat' dir='ltr'>Veneris,</span> <span class='ocrx_word' id='word_1_289' title='bbox 599 2954 740 3019; x_wconf 90' lang='lat' dir='ltr'>Mercurii</span> <span class='ocrx_word' id='word_1_290' title='bbox 765 2963 796 3016; x_wconf 91' lang='lat' dir='ltr'>et</span> <span class='ocrx_word' id='word_1_291' title='bbox 820 2957 923 3018; x_wconf 89' lang='lat' dir='ltr'>Lunae</span> <span class='ocrx_word' id='word_1_292' title='bbox 947 2954 1076 3016; x_wconf 93' lang='lat' dir='ltr'>nondum</span> <span class='ocrx_word' id='word_1_293' title='bbox 1101 2953 1215 3014; x_wconf 91' lang='lat' dir='ltr'>amoliti</span> <span class='ocrx_word' id='word_1_294' title='bbox 1239 2961 1324 3027; x_wconf 91' lang='lat' dir='ltr'>sunt,</span> <span class='ocrx_word' id='word_1_295' title='bbox 1358 2959 1391 3012; x_wconf 92' lang='lat' dir='ltr'>ut</span> <span class='ocrx_word' id='word_1_296' title='bbox 1414 2950 1523 3012; x_wconf 88' lang='lat' dir='ltr'>melios</span> 
     </span>
     <span class='ocr_line' id='line_1_33' title="bbox 163 3040 1522 3122; baseline -0.003 -19"><span class='ocrx_word' id='word_1_297' title='bbox 163 3048 223 3103; x_wconf 88' lang='lat' dir='ltr'>stet</span> <span class='ocrx_word' id='word_1_298' title='bbox 251 3041 465 3122; x_wconf 88' lang='lat' dir='ltr'>Alpstragius,</span> <span class='ocrx_word' id='word_1_299' title='bbox 500 3043 548 3122; x_wconf 92' lang='lat' dir='ltr'>qui</span> <span class='ocrx_word' id='word_1_300' title='bbox 578 3063 668 3105; x_wconf 88' lang='lat' dir='ltr'>unum</span> <span class='ocrx_word' id='word_1_301' title='bbox 697 3051 813 3106; x_wconf 90' lang='lat' dir='ltr'>tantum</span> <span class='ocrx_word' id='word_1_302' title='bbox 845 3044 910 3106; x_wconf 90' lang='lat' dir='ltr'>Soli</span> <span class='ocrx_word' id='word_1_303' title='bbox 943 3050 975 3104; x_wconf 95' lang='lat' dir='ltr'>et</span> <span class='ocrx_word' id='word_1_304' title='bbox 998 3043 1101 3103; x_wconf 91' lang='lat' dir='ltr'>Lunae</span> <span class='ocrx_word' id='word_1_305' title='bbox 1130 3041 1302 3119; x_wconf 89' lang='lat' dir='ltr'>interponit.</span> <span class='ocrx_word' id='word_1_306' title='bbox 1350 3040 1393 3101; x_wconf 87' lang='lat' dir='ltr'>Et</span> <span class='ocrx_word' id='word_1_307' title='bbox 1420 3047 1522 3100; x_wconf 88' lang='lat' dir='ltr'>tamen</span> 
     </span>
     <span class='ocr_line' id='line_1_34' title="bbox 164 3127 1521 3212; baseline -0.002 -22"><span class='ocrx_word' id='word_1_308' title='bbox 164 3131 344 3211; x_wconf 87' lang='lat' dir='ltr'>conjecturis</span> <span class='ocrx_word' id='word_1_309' title='bbox 367 3130 501 3212; x_wconf 89' lang='lat' dir='ltr'>physicis</span> <span class='ocrx_word' id='word_1_310' title='bbox 526 3134 709 3194; x_wconf 88' lang='lat' dir='ltr'>contendunt</span> <span class='ocrx_word' id='word_1_311' title='bbox 723 3135 904 3196; x_wconf 89' lang='lat' dir='ltr'>Mercurium</span> <span class='ocrx_word' id='word_1_312' title='bbox 925 3132 1005 3194; x_wconf 85' lang='lat' dir='ltr'>inira</span> <span class='ocrx_word' id='word_1_313' title='bbox 1019 3131 1179 3203; x_wconf 89' lang='lat' dir='ltr'>Venerem,</span> <span class='ocrx_word' id='word_1_314' title='bbox 1205 3129 1275 3209; x_wconf 91' lang='lat' dir='ltr'>quia</span> <span class='ocrx_word' id='word_1_315' title='bbox 1297 3129 1427 3191; x_wconf 90' lang='lat' dir='ltr'>motibus</span> <span class='ocrx_word' id='word_1_316' title='bbox 1451 3127 1521 3207; x_wconf 90' lang='lat' dir='ltr'>plu-</span> 
     </span>
     <span class='ocr_line' id='line_1_35' title="bbox 163 3218 1521 3301; baseline -0.003 -20"><span class='ocrx_word' id='word_1_317' title='bbox 163 3218 242 3282; x_wconf 88' lang='lat' dir='ltr'>ribus</span> <span class='ocrx_word' id='word_1_318' title='bbox 265 3227 423 3282; x_wconf 84' lang='lat' dir='ltr'>moveatur</span> <span class='ocrx_word' id='word_1_319' title='bbox 445 3230 636 3301; x_wconf 89' lang='lat' dir='ltr'>motuumque</span> <span class='ocrx_word' id='word_1_320' title='bbox 660 3222 854 3284; x_wconf 90' lang='lat' dir='ltr'>similitudine</span> <span class='ocrx_word' id='word_1_321' title='bbox 879 3223 917 3284; x_wconf 91' lang='lat' dir='ltr'>ad</span> <span class='ocrx_word' id='word_1_322' title='bbox 932 3221 1047 3282; x_wconf 92' lang='lat' dir='ltr'>Lunam</span> <span class='ocrx_word' id='word_1_323' title='bbox 1061 3219 1195 3300; x_wconf 86' lang='lat' dir='ltr'>proxime</span> <span class='ocrx_word' id='word_1_324' title='bbox 1211 3219 1347 3281; x_wconf 87' lang='lat' dir='ltr'>accedat.</span> <span class='ocrx_word' id='word_1_325' title='bbox 1394 3219 1521 3280; x_wconf 91' lang='lat' dir='ltr'>Utrum-</span> 
     </span>
     <span class='ocr_line' id='line_1_36' title="bbox 163 3305 1523 3390; baseline -0.001 -20"><span class='ocrx_word' id='word_1_326' title='bbox 163 3326 216 3389; x_wconf 88' lang='lat' dir='ltr'>que</span> <span class='ocrx_word' id='word_1_327' title='bbox 245 3326 320 3370; x_wconf 86' lang='lat' dir='ltr'>vero</span> <span class='ocrx_word' id='word_1_328' title='bbox 349 3308 404 3370; x_wconf 89' lang='lat' dir='ltr'>sub</span> <span class='ocrx_word' id='word_1_329' title='bbox 428 3308 516 3385; x_wconf 90' lang='lat' dir='ltr'>Sole,</span> <span class='ocrx_word' id='word_1_330' title='bbox 549 3319 583 3372; x_wconf 91' lang='lat' dir='ltr'>ut</span> <span class='ocrx_word' id='word_1_331' title='bbox 611 3311 637 3372; x_wconf 90' lang='lat' dir='ltr'>is</span> <span class='ocrx_word' id='word_1_332' title='bbox 670 3312 769 3390; x_wconf 89' lang='lat' dir='ltr'>possit</span> <span class='ocrx_word' id='word_1_333' title='bbox 796 3331 864 3372; x_wconf 88' lang='lat' dir='ltr'>esse</span> <span class='ocrx_word' id='word_1_334' title='bbox 897 3310 1014 3373; x_wconf 90' lang='lat' dir='ltr'>medius</span> <span class='ocrx_word' id='word_1_335' title='bbox 1043 3318 1075 3371; x_wconf 91' lang='lat' dir='ltr'>et</span> <span class='ocrx_word' id='word_1_336' title='bbox 1102 3307 1233 3388; x_wconf 90' lang='lat' dir='ltr'>spatium</span> <span class='ocrx_word' id='word_1_337' title='bbox 1262 3309 1340 3370; x_wconf 91' lang='lat' dir='ltr'>inter</span> <span class='ocrx_word' id='word_1_338' title='bbox 1364 3305 1467 3369; x_wconf 88' lang='lat' dir='ltr'>Solem</span> <span class='ocrx_word' id='word_1_339' title='bbox 1490 3313 1523 3368; x_wconf 89' lang='lat' dir='ltr'>et</span> 
     </span>
     <span class='ocr_line' id='line_1_37' title="bbox 162 3393 1521 3482; baseline -0.001 -24"><span class='ocrx_word' id='word_1_340' title='bbox 162 3396 278 3459; x_wconf 87' lang='lat' dir='ltr'>Lunam</span> <span class='ocrx_word' id='word_1_341' title='bbox 301 3397 471 3478; x_wconf 91' lang='lat' dir='ltr'>impleatur.</span> <span class='ocrx_word' id='word_1_342' title='bbox 520 3401 568 3460; x_wconf 85' lang='lat' dir='ltr'>lta</span> <span class='ocrx_word' id='word_1_343' title='bbox 591 3399 757 3478; x_wconf 89' lang='lat' dir='ltr'>disputatio</span> <span class='ocrx_word' id='word_1_344' title='bbox 776 3401 850 3462; x_wconf 89' lang='lat' dir='ltr'>haec</span> <span class='ocrx_word' id='word_1_345' title='bbox 866 3399 993 3482; x_wconf 89' lang='lat' dir='ltr'>physica</span> <span class='ocrx_word' id='word_1_346' title='bbox 1003 3406 1064 3474; x_wconf 90' lang='lat' dir='ltr'>est,</span> <span class='ocrx_word' id='word_1_347' title='bbox 1090 3417 1146 3461; x_wconf 91' lang='lat' dir='ltr'>uon</span> <span class='ocrx_word' id='word_1_348' title='bbox 1162 3397 1374 3459; x_wconf 88' lang='lat' dir='ltr'>astronomica.</span> <span class='ocrx_word' id='word_1_349' title='bbox 1391 3431 1434 3442; x_wconf 94' lang='lat'><em>-</em></span> <span class='ocrx_word' id='word_1_350' title='bbox 1458 3393 1521 3456; x_wconf 89' lang='lat' dir='ltr'>Sed</span> 
     </span>
     <span class='ocr_line' id='line_1_38' title="bbox 163 3486 458 3550; baseline -0.003 -2"><span class='ocrx_word' id='word_1_351' title='bbox 163 3486 199 3548; x_wconf 85' lang='lat' dir='ltr'>sd</span> <span class='ocrx_word' id='word_1_352' title='bbox 220 3487 335 3550; x_wconf 89' lang='lat' dir='ltr'>Ursum</span> <span class='ocrx_word' id='word_1_353' title='bbox 357 3487 458 3548; x_wconf 89' lang='lat' dir='ltr'>redeo.</span> 
     </span>
    </p>
   </div>
   <div class='ocr_carea' id='block_1_12' title="bbox 246 3571 1614 3657">
    <p class='ocr_par' dir='ltr' id='par_1_14' title="bbox 246 3571 1614 3657">
     <span class='ocr_line' id='line_1_39' title="bbox 246 3571 1614 3657; baseline -0.002 -22"><span class='ocrx_word' id='word_1_354' title='bbox 246 3574 291 3636; x_wconf 88' lang='lat' dir='ltr'>Et</span> <span class='ocrx_word' id='word_1_355' title='bbox 313 3575 445 3655; x_wconf 87' lang='lat' dir='ltr'>loquitur</span> <span class='ocrx_word' id='word_1_356' title='bbox 467 3575 586 3655; x_wconf 92' lang='lat' dir='ltr'>quidem</span> <span class='ocrx_word' id='word_1_357' title='bbox 610 3575 707 3638; x_wconf 90' lang='lat' dir='ltr'>Ursus</span> <span class='ocrx_word' id='word_1_358' title='bbox 730 3576 838 3657; x_wconf 85' lang='lat' dir='ltr'>ubique</span> <span class='ocrx_word' id='word_1_359' title='bbox 862 3577 920 3654; x_wconf 89' lang='lat' dir='ltr'>ita,</span> <span class='ocrx_word' id='word_1_360' title='bbox 955 3595 991 3638; x_wconf 92' lang='lat' dir='ltr'>ac</span> <span class='ocrx_word' id='word_1_361' title='bbox 1015 3575 1041 3637; x_wconf 92' lang='lat' dir='ltr'>si</span> <span class='ocrx_word' id='word_1_362' title='bbox 1065 3574 1248 3655; x_wconf 90' lang='lat' dir='ltr'>temporibus</span> <span class='ocrx_word' id='word_1_363' title='bbox 1272 3573 1333 3635; x_wconf 90' lang='lat' dir='ltr'>illis</span> <span class='ocrx_word' id='word_1_364' title='bbox 1361 3581 1395 3635; x_wconf 92' lang='lat' dir='ltr'>ut</span> <span class='ocrx_word' id='word_1_365' title='bbox 1416 3571 1517 3651; x_wconf 91' lang='lat' dir='ltr'>philo·</span> <span class='ocrx_word' id='word_1_366' title='bbox 1613 3652 1614 3657; x_wconf 5' lang='grc' dir='ltr'>ἵ</span> 
     </span>
    </p>
   </div>
   <div class='ocr_carea' id='block_1_13' title="bbox 160 3661 1519 3925">
    <p class='ocr_par' dir='ltr' id='par_1_15' title="bbox 160 3661 1519 3925">
     <span class='ocr_line' id='line_1_40' title="bbox 161 3661 1517 3746; baseline -0.004 -20"><span class='ocrx_word' id='word_1_367' title='bbox 161 3663 318 3744; x_wconf 84' lang='lat' dir='ltr'>sophicae,</span> <span class='ocrx_word' id='word_1_368' title='bbox 351 3663 395 3726; x_wconf 92' lang='lat' dir='ltr'>sic</span> <span class='ocrx_word' id='word_1_369' title='bbox 418 3664 640 3726; x_wconf 89' lang='lat' dir='ltr'>astronomicae</span> <span class='ocrx_word' id='word_1_370' title='bbox 664 3685 779 3746; x_wconf 88' lang='lat' dir='ltr'>quoque</span> <span class='ocrx_word' id='word_1_371' title='bbox 803 3666 926 3728; x_wconf 89' lang='lat' dir='ltr'>scholae</span> <span class='ocrx_word' id='word_1_372' title='bbox 951 3665 1093 3739; x_wconf 85' lang='lat' dir='ltr'>fuissent,</span> <span class='ocrx_word' id='word_1_373' title='bbox 1128 3664 1332 3742; x_wconf 85' lang='lat' dir='ltr'>artificumque</span> <span class='ocrx_word' id='word_1_374' title='bbox 1361 3670 1395 3722; x_wconf 90' lang='lat' dir='ltr'>ut</span> <span class='ocrx_word' id='word_1_375' title='bbox 1416 3661 1517 3740; x_wconf 92' lang='lat' dir='ltr'>philo-</span> 
     </span>
     <span class='ocr_line' id='line_1_41' title="bbox 160 3749 1518 3834; baseline -0.002 -20"><span class='ocrx_word' id='word_1_376' title='bbox 160 3754 321 3834; x_wconf 91' lang='lat' dir='ltr'>sophorum</span> <span class='ocrx_word' id='word_1_377' title='bbox 354 3753 496 3815; x_wconf 90' lang='lat' dir='ltr'>continua</span> <span class='ocrx_word' id='word_1_378' title='bbox 528 3753 693 3826; x_wconf 90' lang='lat' dir='ltr'>successio,</span> <span class='ocrx_word' id='word_1_379' title='bbox 729 3756 905 3834; x_wconf 90' lang='lat' dir='ltr'>dogmatum</span> <span class='ocrx_word' id='word_1_380' title='bbox 936 3754 1202 3816; x_wconf 91' lang='lat' dir='ltr'>astronomioorum</span> <span class='ocrx_word' id='word_1_381' title='bbox 1234 3752 1281 3813; x_wconf 90' lang='lat' dir='ltr'>vel</span> <span class='ocrx_word' id='word_1_382' title='bbox 1306 3749 1441 3811; x_wconf 86' lang='lat' dir='ltr'>defensio</span> <span class='ocrx_word' id='word_1_383' title='bbox 1469 3749 1518 3811; x_wconf 91' lang='lat' dir='ltr'>vel</span> 
     </span>
     <span class='ocr_line' id='line_1_42' title="bbox 160 3837 1519 3925; baseline -0.004 -20"><span class='ocrx_word' id='word_1_384' title='bbox 160 3842 281 3922; x_wconf 88' lang='lat' dir='ltr'>publica</span> <span class='ocrx_word' id='word_1_385' title='bbox 313 3849 345 3903; x_wconf 92' lang='lat' dir='ltr'>et</span> <span class='ocrx_word' id='word_1_386' title='bbox 367 3842 500 3904; x_wconf 91' lang='lat' dir='ltr'>solennis</span> <span class='ocrx_word' id='word_1_387' title='bbox 529 3842 713 3904; x_wconf 89' lang='lat' dir='ltr'>immutatio:</span> <span class='ocrx_word' id='word_1_388' title='bbox 748 3844 826 3925; x_wconf 92' lang='lat' dir='ltr'>quod</span> <span class='ocrx_word' id='word_1_389' title='bbox 855 3845 941 3924; x_wconf 87' lang='lat' dir='ltr'>longe</span> <span class='ocrx_word' id='word_1_390' title='bbox 967 3843 1055 3905; x_wconf 91' lang='lat' dir='ltr'>aliter</span> <span class='ocrx_word' id='word_1_391' title='bbox 1082 3861 1115 3904; x_wconf 91' lang='lat' dir='ltr'>se</span> <span class='ocrx_word' id='word_1_392' title='bbox 1139 3841 1241 3902; x_wconf 88' lang='lat' dir='ltr'>habet.</span> <span class='ocrx_word' id='word_1_393' title='bbox 1289 3837 1417 3920; x_wconf 88' lang='lat' dir='ltr'>Semper</span> <span class='ocrx_word' id='word_1_394' title='bbox 1439 3837 1519 3899; x_wconf 88' lang='lat' dir='ltr'>enim</span> 
     </span>
    </p>
   </div>
   <div class='ocr_carea' id='block_1_14' title="bbox 160 3929 1537 4011">
    <p class='ocr_par' dir='ltr' id='par_1_16' title="bbox 160 3929 1537 4011">
     <span class='ocr_line' id='line_1_43' title="bbox 160 3929 1537 4011; baseline -0.002 -18"><span class='ocrx_word' id='word_1_395' title='bbox 160 3931 233 3993; x_wconf 87' lang='lat' dir='ltr'>baec</span> <span class='ocrx_word' id='word_1_396' title='bbox 257 3933 378 3994; x_wconf 82' lang='lat' dir='ltr'>fortuna</span> <span class='ocrx_word' id='word_1_397' title='bbox 401 3931 458 3993; x_wconf 81' lang='lat' dir='ltr'>init</span> <span class='ocrx_word' id='word_1_398' title='bbox 480 3932 692 4007; x_wconf 89' lang='lat' dir='ltr'>astronomiae,</span> <span class='ocrx_word' id='word_1_399' title='bbox 717 3941 751 3994; x_wconf 93' lang='lat' dir='ltr'>ut</span> <span class='ocrx_word' id='word_1_400' title='bbox 772 3933 860 4011; x_wconf 90' lang='lat' dir='ltr'>pauci</span> <span class='ocrx_word' id='word_1_401' title='bbox 885 3940 997 4007; x_wconf 91' lang='lat' dir='ltr'>essent,</span> <span class='ocrx_word' id='word_1_402' title='bbox 1022 3931 1071 4010; x_wconf 92' lang='lat' dir='ltr'>qui</span> <span class='ocrx_word' id='word_1_403' title='bbox 1096 3951 1167 3993; x_wconf 88' lang='lat' dir='ltr'>suas</span> <span class='ocrx_word' id='word_1_404' title='bbox 1191 3929 1218 3989; x_wconf 88' lang='lat' dir='ltr'>in</span> <span class='ocrx_word' id='word_1_405' title='bbox 1240 3947 1308 3988; x_wconf 89' lang='lat' dir='ltr'>eam</span> <span class='ocrx_word' id='word_1_406' title='bbox 1331 3947 1428 3991; x_wconf 90' lang='lat' dir='ltr'>curas</span> <span class='ocrx_word' id='word_1_407' title='bbox 1443 3946 1537 3990; x_wconf 21' lang='lat' dir='ltr'>oon-r</span> 
     </span>
    </p>
   </div>
   <div class='ocr_carea' id='block_1_15' title="bbox 159 4015 1520 4806">
    <p class='ocr_par' dir='ltr' id='par_1_17' title="bbox 159 4015 1520 4806">
     <span class='ocr_line' id='line_1_44' title="bbox 160 4015 1518 4101; baseline -0.004 -19"><span class='ocrx_word' id='word_1_408' title='bbox 160 4020 282 4082; x_wconf 75' lang='lat' dir='ltr'>surrent.</span> <span class='ocrx_word' id='word_1_409' title='bbox 328 4020 377 4091; x_wconf 85' lang='lat' dir='ltr'>Ac</span> <span class='ocrx_word' id='word_1_410' title='bbox 410 4019 467 4082; x_wconf 90' lang='lat' dir='ltr'>etsi</span> <span class='ocrx_word' id='word_1_411' title='bbox 501 4040 574 4082; x_wconf 89' lang='lat' dir='ltr'>saue</span> <span class='ocrx_word' id='word_1_412' title='bbox 607 4040 665 4082; x_wconf 91' lang='lat' dir='ltr'>uon</span> <span class='ocrx_word' id='word_1_413' title='bbox 694 4021 804 4084; x_wconf 90' lang='lat' dir='ltr'>desunt</span> <span class='ocrx_word' id='word_1_414' title='bbox 831 4023 984 4101; x_wconf 89' lang='lat' dir='ltr'>exempla,</span> <span class='ocrx_word' id='word_1_415' title='bbox 1017 4019 1067 4081; x_wconf 90' lang='lat' dir='ltr'>ubi</span> <span class='ocrx_word' id='word_1_416' title='bbox 1091 4039 1165 4081; x_wconf 90' lang='lat' dir='ltr'>nous</span> <span class='ocrx_word' id='word_1_417' title='bbox 1189 4018 1317 4079; x_wconf 91' lang='lat' dir='ltr'>alterum</span> <span class='ocrx_word' id='word_1_418' title='bbox 1349 4015 1467 4078; x_wconf 86' lang='lat' dir='ltr'>audivit</span> <span class='ocrx_word' id='word_1_419' title='bbox 1489 4015 1518 4077; x_wconf 93' lang='lat' dir='ltr'>in</span> 
     </span>
     <span class='ocr_line' id='line_1_45' title="bbox 160 4105 1519 4190; baseline -0.004 -18"><span class='ocrx_word' id='word_1_420' title='bbox 160 4108 383 4184; x_wconf 85' lang='lat' dir='ltr'>astronomicis,</span> <span class='ocrx_word' id='word_1_421' title='bbox 416 4109 515 4188; x_wconf 88' lang='lat' dir='ltr'>magis</span> <span class='ocrx_word' id='word_1_422' title='bbox 542 4118 644 4171; x_wconf 91' lang='lat' dir='ltr'>tamen</span> <span class='ocrx_word' id='word_1_423' title='bbox 675 4118 738 4171; x_wconf 88' lang='lat' dir='ltr'>tum</span> <span class='ocrx_word' id='word_1_424' title='bbox 761 4111 905 4189; x_wconf 85' lang='lat' dir='ltr'>temporis</span> <span class='ocrx_word' id='word_1_425' title='bbox 934 4110 1081 4190; x_wconf 82' lang='lat' dir='ltr'>agebatur</span> <span class='ocrx_word' id='word_1_426' title='bbox 1104 4107 1257 4188; x_wconf 82' lang='lat' dir='ltr'>negotium</span> <span class='ocrx_word' id='word_1_427' title='bbox 1286 4105 1519 4169; x_wconf 88' lang='lat' dir='ltr'>astronomicum</span> 
     </span>
     <span class='ocr_line' id='line_1_46' title="bbox 159 4187 1518 4279; baseline -0.003 -19"><span class='ocrx_word' id='word_1_428' title='bbox 159 4197 236 4261; x_wconf 89' lang='lat' dir='ltr'>iutra</span> <span class='ocrx_word' id='word_1_429' title='bbox 258 4197 397 4279; x_wconf 86' lang='lat' dir='ltr'>privatos</span> <span class='ocrx_word' id='word_1_430' title='bbox 420 4198 644 4277; x_wconf 76' lang='lat' dir='ltr'>parietes,‘nec</span> <span class='ocrx_word' id='word_1_431' title='bbox 666 4199 728 4262; x_wconf 88' lang='lat' dir='ltr'>ulla</span> <span class='ocrx_word' id='word_1_432' title='bbox 747 4187 875 4261; x_wconf 86' lang='lat' dir='ltr'>celebris</span> <span class='ocrx_word' id='word_1_433' title='bbox 890 4208 922 4261; x_wconf 92' lang='lat' dir='ltr'>et</span> <span class='ocrx_word' id='word_1_434' title='bbox 937 4200 1076 4279; x_wconf 85' lang='lat' dir='ltr'>frequens</span> <span class='ocrx_word' id='word_1_435' title='bbox 1093 4195 1279 4259; x_wconf 88' lang='lat' dir='ltr'>auditoribus</span> <span class='ocrx_word' id='word_1_436' title='bbox 1294 4196 1399 4258; x_wconf 89' lang='lat' dir='ltr'>schola</span> <span class='ocrx_word' id='word_1_437' title='bbox 1414 4201 1518 4257; x_wconf 88' lang='lat' dir='ltr'>astro-</span> 
     </span>
     <span class='ocr_line' id='line_1_47' title="bbox 159 4283 1518 4370; baseline -0.004 -20"><span class='ocrx_word' id='word_1_438' title='bbox 159 4287 276 4350; x_wconf 89' lang='lat' dir='ltr'>nomica</span> <span class='ocrx_word' id='word_1_439' title='bbox 304 4307 343 4349; x_wconf 91' lang='lat' dir='ltr'>ex</span> <span class='ocrx_word' id='word_1_440' title='bbox 374 4287 510 4349; x_wconf 88' lang='lat' dir='ltr'>historiis</span> <span class='ocrx_word' id='word_1_441' title='bbox 538 4297 612 4349; x_wconf 86' lang='lat' dir='ltr'>nota</span> <span class='ocrx_word' id='word_1_442' title='bbox 636 4294 693 4349; x_wconf 90' lang='lat' dir='ltr'>est.</span> <span class='ocrx_word' id='word_1_443' title='bbox 740 4288 886 4370; x_wconf 89' lang='lat' dir='ltr'>Adeoque</span> <span class='ocrx_word' id='word_1_444' title='bbox 920 4306 977 4350; x_wconf 93' lang='lat' dir='ltr'>uon</span> <span class='ocrx_word' id='word_1_445' title='bbox 1008 4306 1111 4348; x_wconf 91' lang='lat' dir='ltr'>omnes</span> <span class='ocrx_word' id='word_1_446' title='bbox 1143 4286 1271 4347; x_wconf 81' lang='lat' dir='ltr'>invicem</span> <span class='ocrx_word' id='word_1_447' title='bbox 1295 4283 1518 4346; x_wconf 83' lang='lat' dir='ltr'>astronomiae</span> 
     </span>
     <span class='ocr_line' id='line_1_48' title="bbox 159 4373 1518 4456; baseline -0.004 -18"><span class='ocrx_word' id='word_1_448' title='bbox 159 4375 422 4450; x_wconf 86' lang='lat' dir='ltr'>intemoscebant,</span> <span class='ocrx_word' id='word_1_449' title='bbox 456 4376 593 4456; x_wconf 85' lang='lat' dir='ltr'>quamvis</span> <span class='ocrx_word' id='word_1_450' title='bbox 624 4377 782 4439; x_wconf 88' lang='lat' dir='ltr'>coaetanei</span> <span class='ocrx_word' id='word_1_451' title='bbox 807 4385 924 4451; x_wconf 91' lang='lat' dir='ltr'>essent,</span> <span class='ocrx_word' id='word_1_452' title='bbox 959 4384 1012 4439; x_wconf 90' lang='lat' dir='ltr'>aut</span> <span class='ocrx_word' id='word_1_453' title='bbox 1043 4375 1135 4437; x_wconf 91' lang='lat' dir='ltr'>libros</span> <span class='ocrx_word' id='word_1_454' title='bbox 1160 4375 1290 4452; x_wconf 87' lang='lat' dir='ltr'>scriptos</span> <span class='ocrx_word' id='word_1_455' title='bbox 1315 4373 1518 4454; x_wconf 86' lang='lat' dir='ltr'>reliquissent,</span> 
     </span>
     <span class='ocr_line' id='line_1_49' title="bbox 159 4459 1518 4547; baseline -0.006 -20"><span class='ocrx_word' id='word_1_456' title='bbox 159 4465 378 4547; x_wconf 85' lang='lat' dir='ltr'>typographiae</span> <span class='ocrx_word' id='word_1_457' title='bbox 401 4473 474 4545; x_wconf 91' lang='lat' dir='ltr'>puto</span> <span class='ocrx_word' id='word_1_458' title='bbox 499 4465 644 4528; x_wconf 87' lang='lat' dir='ltr'>defectu.‘</span> <span class='ocrx_word' id='word_1_459' title='bbox 675 4467 831 4529; x_wconf 89' lang='lat' dir='ltr'>Philolaus</span> <span class='ocrx_word' id='word_1_460' title='bbox 847 4466 925 4528; x_wconf 90' lang='lat' dir='ltr'>euim</span> <span class='ocrx_word' id='word_1_461' title='bbox 948 4465 1019 4546; x_wconf 91' lang='lat' dir='ltr'>quid</span> <span class='ocrx_word' id='word_1_462' title='bbox 1035 4464 1165 4526; x_wconf 90' lang='lat' dir='ltr'>senserit</span> <span class='ocrx_word' id='word_1_463' title='bbox 1178 4482 1271 4542; x_wconf 87' lang='lat' dir='ltr'>supra</span> <span class='ocrx_word' id='word_1_464' title='bbox 1285 4462 1408 4534; x_wconf 92' lang='lat' dir='ltr'>dictum,</span> <span class='ocrx_word' id='word_1_465' title='bbox 1433 4459 1518 4537; x_wconf 85' lang='lat' dir='ltr'>cujus</span> 
     </span>
     <span class='ocr_line' id='line_1_50' title="bbox 160 4546 1520 4638; baseline -0.007 -22"><span class='ocrx_word' id='word_1_466' title='bbox 160 4552 363 4617; x_wconf 60' lang='lat' dir='ltr'>“bonomica</span> <span class='ocrx_word' id='word_1_467' title='bbox 392 4554 537 4634; x_wconf 88' lang='lat' dir='ltr'>dogmata</span> <span class='ocrx_word' id='word_1_468' title='bbox 568 4555 609 4638; x_wconf 90' lang='lat' dir='ltr'>si</span> <span class='ocrx_word' id='word_1_469' title='bbox 627 4554 756 4618; x_wconf 83' lang='lat' dir='ltr'>inissent</span> <span class='ocrx_word' id='word_1_470' title='bbox 786 4554 913 4617; x_wconf 87' lang='lat' dir='ltr'>Eudoxo</span> <span class='ocrx_word' id='word_1_471' title='bbox 946 4573 1034 4634; x_wconf 93' lang='lat' dir='ltr'>quem</span> <span class='ocrx_word' id='word_1_472' title='bbox 1065 4551 1193 4633; x_wconf 81' lang='lat' dir='ltr'>virendo</span> <span class='ocrx_word' id='word_1_473' title='bbox 1225 4551 1381 4613; x_wconf 86' lang='lat' dir='ltr'>Philolaus</span> <span class='ocrx_word' id='word_1_474' title='bbox 1414 4546 1520 4626; x_wconf 89' lang='lat' dir='ltr'>attigit</span> 
     </span>
     <span class='ocr_line' id='line_1_51' title="bbox 160 4641 1518 4725; baseline -0.007 -21"><span class='ocrx_word' id='word_1_475' title='bbox 160 4643 290 4724; x_wconf 82' lang='lat' dir='ltr'>cognita,</span> <span class='ocrx_word' id='word_1_476' title='bbox 314 4642 385 4724; x_wconf 94' lang='lat' dir='ltr'>qnid</span> <span class='ocrx_word' id='word_1_477' title='bbox 409 4660 484 4723; x_wconf 92' lang='lat' dir='ltr'>opus</span> <span class='ocrx_word' id='word_1_478' title='bbox 508 4643 632 4717; x_wconf 87' lang='lat' dir='ltr'>fuisset,</span> <span class='ocrx_word' id='word_1_479' title='bbox 658 4653 694 4706; x_wconf 90' lang='lat' dir='ltr'>ut</span> <span class='ocrx_word' id='word_1_480' title='bbox 715 4645 838 4725; x_wconf 88' lang='lat' dir='ltr'>propria</span> <span class='ocrx_word' id='word_1_481' title='bbox 861 4663 932 4706; x_wconf 91' lang='lat' dir='ltr'>cura</span> <span class='ocrx_word' id='word_1_482' title='bbox 954 4642 1051 4705; x_wconf 91' lang='lat' dir='ltr'>minus</span> <span class='ocrx_word' id='word_1_483' title='bbox 1074 4641 1241 4722; x_wconf 86' lang='lat' dir='ltr'>perfectam</span> <span class='ocrx_word' id='word_1_484' title='bbox 1265 4643 1518 4700; x_wconf 88' lang='lat' dir='ltr'>commentaretur</span> 
     </span>
     <span class='ocr_line' id='line_1_52' title="bbox 159 4725 1509 4806; baseline -0.008 -9"><span class='ocrx_word' id='word_1_485' title='bbox 159 4731 398 4800; x_wconf 67' lang='lat' dir='ltr'>amouomian?</span> <span class='ocrx_word' id='word_1_486' title='bbox 443 4732 564 4795; x_wconf 84' lang='lat' dir='ltr'>Etenim</span> <span class='ocrx_word' id='word_1_487' title='bbox 587 4752 625 4794; x_wconf 83' lang='lat' dir='ltr'>ex</span> <span class='ocrx_word' id='word_1_488' title='bbox 645 4732 830 4798; x_wconf 87' lang='lat' dir='ltr'>Archimede</span> <span class='ocrx_word' id='word_1_489' title='bbox 854 4739 989 4806; x_wconf 88' lang='lat' dir='ltr'>constat,</span> <span class='ocrx_word' id='word_1_490' title='bbox 1024 4731 1164 4794; x_wconf 86' lang='lat' dir='ltr'>definisse</span> <span class='ocrx_word' id='word_1_491' title='bbox 1187 4727 1344 4791; x_wconf 85' lang='lat' dir='ltr'>Eudoxum</span> <span class='ocrx_word' id='word_1_492' title='bbox 1369 4725 1509 4789; x_wconf 87' lang='lat' dir='ltr'>diametri</span> 
     </span>
    </p>
   </div>
   <div class='ocr_carea' id='block_1_16' title="bbox 0 0 1688 5482">
    <p class='ocr_par' dir='ltr' id='par_1_18' title="bbox 0 0 1688 5482">
     <span class='ocr_line' id='line_1_53' title="bbox 0 0 1688 5482; baseline 0 2"><span class='ocrx_word' id='word_1_493' title='bbox 0 0 1688 5482; x_wconf 95' lang='lat' dir='ltr'> </span> 
     </span>
    </p>
   </div>
  </div>
 </body>
</html>
