<?xml version="1.0" encoding="UTF-8"?>
<!DOCTYPE html PUBLIC "-//W3C//DTD XHTML 1.0 Transitional//EN"
    "http://www.w3.org/TR/xhtml1/DTD/xhtml1-transitional.dtd">
<html xmlns="http://www.w3.org/1999/xhtml" xml:lang="en" lang="en">
 <head>
  <title>
</title>
<meta http-equiv="Content-Type" content="text/html;charset=utf-8" />
  <meta name='ocr-system' content='tesseract 3.04.00' />
  <meta name='ocr-capabilities' content='ocr_page ocr_carea ocr_par ocr_line ocrx_word'/>
</head>
<body>
  <div class='ocr_page' id='page_1' title='image "./joanniskepleria04frisgoog_0143.png"; bbox 0 0 3366 5482; ppageno 0'>
   <div class='ocr_carea' id='block_1_1' title="bbox 168 238 1009 330">
    <p class='ocr_par' dir='ltr' id='par_1_1' title="bbox 168 238 1009 330">
     <span class='ocr_line' id='line_1_1' title="bbox 168 238 1009 330; baseline -0.001 -15"><span class='ocrx_word' id='word_1_1' title='bbox 168 260 230 330; x_wconf 67' lang='lat' dir='ltr'>tal</span> <span class='ocrx_word' id='word_1_2' title='bbox 642 238 652 249; x_wconf 85' lang='lat'>&#39;</span> <span class='ocrx_word' id='word_1_3' title='bbox 679 261 791 328; x_wconf 61' lang='lat' dir='ltr'>umen</span> <span class='ocrx_word' id='word_1_4' title='bbox 810 262 1009 328; x_wconf 56' lang='lat' dir='ltr'>commuue</span> 
     </span>
    </p>
   </div>
   <div class='ocr_carea' id='block_1_2' title="bbox 159 421 1527 1305">
    <p class='ocr_par' dir='ltr' id='par_1_2' title="bbox 159 421 1527 1305">
     <span class='ocr_line' id='line_1_2' title="bbox 162 421 1526 502; baseline -0.001 -15"><span class='ocrx_word' id='word_1_5' title='bbox 162 433 262 499; x_wconf 85' lang='lat' dir='ltr'>tates,</span> <span class='ocrx_word' id='word_1_6' title='bbox 294 431 327 485; x_wconf 88' lang='lat' dir='ltr'>et</span> <span class='ocrx_word' id='word_1_7' title='bbox 350 422 448 487; x_wconf 87' lang='lat' dir='ltr'>tribus</span> <span class='ocrx_word' id='word_1_8' title='bbox 473 424 708 487; x_wconf 84' lang='lat' dir='ltr'>dimensionibus</span> <span class='ocrx_word' id='word_1_9' title='bbox 732 432 893 486; x_wconf 80' lang='lat' dir='ltr'><strong>constant:</strong></span> <span class='ocrx_word' id='word_1_10' title='bbox 929 443 999 485; x_wconf 90' lang='lat' dir='ltr'>uam</span> <span class='ocrx_word' id='word_1_11' title='bbox 1022 423 1121 485; x_wconf 88' lang='lat' dir='ltr'>ideam</span> <span class='ocrx_word' id='word_1_12' title='bbox 1144 421 1438 502; x_wconf 81' lang='lat' dir='ltr'>mundiperiectam</span> <span class='ocrx_word' id='word_1_13' title='bbox 1461 438 1526 485; x_wconf 78' lang='lat' dir='ltr'>esse</span> 
     </span>
     <span class='ocr_line' id='line_1_3' title="bbox 161 510 1526 592; baseline 0.001 -18"><span class='ocrx_word' id='word_1_14' title='bbox 161 513 311 575; x_wconf 90' lang='lat' dir='ltr'>convenit.</span> <span class='ocrx_word' id='word_1_15' title='bbox 360 512 498 575; x_wconf 88' lang='lat' dir='ltr'>Lineas</span> <span class='ocrx_word' id='word_1_16' title='bbox 522 533 594 575; x_wconf 86' lang='lat' dir='ltr'>vero</span> <span class='ocrx_word' id='word_1_17' title='bbox 619 523 651 575; x_wconf 90' lang='lat' dir='ltr'>et</span> <span class='ocrx_word' id='word_1_18' title='bbox 673 514 896 592; x_wconf 83' lang='lat' dir='ltr'>superficies</span> <span class='ocrx_word' id='word_1_19' title='bbox 920 522 1060 587; x_wconf 88' lang='lat' dir='ltr'>rectas,</span> <span class='ocrx_word' id='word_1_20' title='bbox 1086 521 1120 574; x_wconf 93' lang='lat' dir='ltr'>ut</span> <span class='ocrx_word' id='word_1_21' title='bbox 1141 512 1286 586; x_wconf 84' lang='lat' dir='ltr'>infinitas,</span> <span class='ocrx_word' id='word_1_22' title='bbox 1311 518 1344 575; x_wconf 89' lang='lat' dir='ltr'>et</span> <span class='ocrx_word' id='word_1_23' title='bbox 1365 510 1453 591; x_wconf 86' lang='lat' dir='ltr'>proiu</span> <span class='ocrx_word' id='word_1_24' title='bbox 1476 528 1526 575; x_wconf 83' lang='lat' dir='ltr'>or·</span> 
     </span>
     <span class='ocr_line' id='line_1_4' title="bbox 161 600 1527 681; baseline 0 -18"><span class='ocrx_word' id='word_1_25' title='bbox 161 602 240 664; x_wconf 89' lang='lat' dir='ltr'>dinis</span> <span class='ocrx_word' id='word_1_26' title='bbox 255 601 376 663; x_wconf 77' lang='lat' dir='ltr'>minime</span> <span class='ocrx_word' id='word_1_27' title='bbox 392 622 531 681; x_wconf 82' lang='lat' dir='ltr'>capaces,</span> <span class='ocrx_word' id='word_1_28' title='bbox 558 622 573 664; x_wconf 91' lang='grc' dir='ltr'>ε</span> <span class='ocrx_word' id='word_1_29' title='bbox 594 603 702 663; x_wconf 90' lang='lat' dir='ltr'>mundo</span> <span class='ocrx_word' id='word_1_30' title='bbox 721 602 815 677; x_wconf 88' lang='lat' dir='ltr'>finito,</span> <span class='ocrx_word' id='word_1_31' title='bbox 840 603 1073 674; x_wconf 87' lang='lat' dir='ltr'>ordinatissimo,</span> <span class='ocrx_word' id='word_1_32' title='bbox 1097 601 1297 680; x_wconf 89' lang='lat' dir='ltr'>pulcherrimo</span> <span class='ocrx_word' id='word_1_33' title='bbox 1317 600 1527 680; x_wconf 64' lang='lat' dir='ltr'>ejiciamus-⁸)</span> 
     </span>
     <span class='ocr_line' id='line_1_5' title="bbox 160 686 1527 777; baseline -0.003 -24"><span class='ocrx_word' id='word_1_34' title='bbox 160 692 291 753; x_wconf 86' lang='lat' dir='ltr'>Rursum</span> <span class='ocrx_word' id='word_1_35' title='bbox 306 710 343 752; x_wconf 83' lang='lat' dir='ltr'>ex</span> <span class='ocrx_word' id='word_1_36' title='bbox 367 692 597 771; x_wconf 83' lang='lat' dir='ltr'>corporibus,</span> <span class='ocrx_word' id='word_1_37' title='bbox 624 711 746 771; x_wconf 90' lang='lat' dir='ltr'>quorum</span> <span class='ocrx_word' id='word_1_38' title='bbox 762 690 903 752; x_wconf 86' lang='lat' dir='ltr'>infirrities</span> <span class='ocrx_word' id='word_1_39' title='bbox 918 690 1035 752; x_wconf 87' lang='lat' dir='ltr'>infinita</span> <span class='ocrx_word' id='word_1_40' title='bbox 1048 700 1119 752; x_wconf 90' lang='lat' dir='ltr'>sunt</span> <span class='ocrx_word' id='word_1_41' title='bbox 1132 709 1253 769; x_wconf 86' lang='lat' dir='ltr'>genera,</span> <span class='ocrx_word' id='word_1_42' title='bbox 1279 688 1445 770; x_wconf 80' lang='lat' dir='ltr'>seligemus</span> <span class='ocrx_word' id='word_1_43' title='bbox 1468 686 1527 777; x_wconf 79' lang='lat' dir='ltr'>ali-</span> 
     </span>
     <span class='ocr_line' id='line_1_6' title="bbox 161 778 1527 863; baseline 0 -22"><span class='ocrx_word' id='word_1_44' title='bbox 161 799 220 859; x_wconf 89' lang='lat' dir='ltr'>qua</span> <span class='ocrx_word' id='word_1_45' title='bbox 243 799 335 840; x_wconf 81' lang='lat' dir='ltr'>ceusu</span> <span class='ocrx_word' id='word_1_46' title='bbox 359 780 462 841; x_wconf 88' lang='lat' dir='ltr'>habito</span> <span class='ocrx_word' id='word_1_47' title='bbox 485 800 539 863; x_wconf 87' lang='lat' dir='ltr'>per</span> <span class='ocrx_word' id='word_1_48' title='bbox 562 788 662 841; x_wconf 86' lang='lat' dir='ltr'>certas</span> <span class='ocrx_word' id='word_1_49' title='bbox 688 788 796 853; x_wconf 88' lang='lat' dir='ltr'>notas;</span> <span class='ocrx_word' id='word_1_50' title='bbox 821 787 903 858; x_wconf 91' lang='lat' dir='ltr'>puta,</span> <span class='ocrx_word' id='word_1_51' title='bbox 930 799 1006 858; x_wconf 89' lang='lat' dir='ltr'>quae</span> <span class='ocrx_word' id='word_1_52' title='bbox 1030 788 1084 840; x_wconf 87' lang='lat' dir='ltr'>aut</span> <span class='ocrx_word' id='word_1_53' title='bbox 1107 781 1204 841; x_wconf 88' lang='lat' dir='ltr'>latera</span> <span class='ocrx_word' id='word_1_54' title='bbox 1228 786 1281 840; x_wconf 88' lang='lat' dir='ltr'>aut</span> <span class='ocrx_word' id='word_1_55' title='bbox 1303 778 1449 859; x_wconf 83' lang='lat' dir='ltr'>angulos,</span> <span class='ocrx_word' id='word_1_56' title='bbox 1475 784 1527 841; x_wconf 78' lang='lat' dir='ltr'>aui</span> 
     </span>
     <span class='ocr_line' id='line_1_7' title="bbox 159 866 1527 949; baseline -0.001 -19"><span class='ocrx_word' id='word_1_57' title='bbox 159 869 260 947; x_wconf 89' lang='lat' dir='ltr'>plana,</span> <span class='ocrx_word' id='word_1_58' title='bbox 285 868 405 947; x_wconf 82' lang='lat' dir='ltr'>singula</span> <span class='ocrx_word' id='word_1_59' title='bbox 419 870 468 931; x_wconf 87' lang='lat' dir='ltr'>vel</span> <span class='ocrx_word' id='word_1_60' title='bbox 485 869 612 942; x_wconf 89' lang='lat' dir='ltr'>alterna,</span> <span class='ocrx_word' id='word_1_61' title='bbox 639 869 686 930; x_wconf 91' lang='lat' dir='ltr'>vel</span> <span class='ocrx_word' id='word_1_62' title='bbox 707 870 812 949; x_wconf 87' lang='lat' dir='ltr'>quovis</span> <span class='ocrx_word' id='word_1_63' title='bbox 835 868 988 929; x_wconf 85' lang='lat' dir='ltr'>constanti</span> <span class='ocrx_word' id='word_1_64' title='bbox 1011 869 1098 929; x_wconf 92' lang='lat' dir='ltr'>modo</span> <span class='ocrx_word' id='word_1_65' title='bbox 1122 869 1219 929; x_wconf 78' lang='lat' dir='ltr'>mista</span> <span class='ocrx_word' id='word_1_66' title='bbox 1241 867 1377 929; x_wconf 89' lang='lat' dir='ltr'>habeant</span> <span class='ocrx_word' id='word_1_67' title='bbox 1400 866 1527 929; x_wconf 81' lang='lat' dir='ltr'>invicem</span> 
     </span>
     <span class='ocr_line' id='line_1_8' title="bbox 162 953 1527 1039; baseline 0.001 -21"><span class='ocrx_word' id='word_1_68' title='bbox 162 957 310 1038; x_wconf 90' lang='lat' dir='ltr'>aequalia,</span> <span class='ocrx_word' id='word_1_69' title='bbox 334 965 367 1018; x_wconf 91' lang='lat' dir='ltr'>ut</span> <span class='ocrx_word' id='word_1_70' title='bbox 391 957 436 1018; x_wconf 89' lang='lat' dir='ltr'>ita</span> <span class='ocrx_word' id='word_1_71' title='bbox 459 958 538 1019; x_wconf 90' lang='lat' dir='ltr'>bona</span> <span class='ocrx_word' id='word_1_72' title='bbox 561 977 628 1019; x_wconf 88' lang='lat' dir='ltr'>cum</span> <span class='ocrx_word' id='word_1_73' title='bbox 652 958 768 1019; x_wconf 89' lang='lat' dir='ltr'>ratione</span> <span class='ocrx_word' id='word_1_74' title='bbox 793 958 831 1019; x_wconf 90' lang='lat' dir='ltr'>ad</span> <span class='ocrx_word' id='word_1_75' title='bbox 857 957 968 1019; x_wconf 89' lang='lat' dir='ltr'>liuituur</span> <span class='ocrx_word' id='word_1_76' title='bbox 990 958 1101 1039; x_wconf 89' lang='lat' dir='ltr'>aliquid</span> <span class='ocrx_word' id='word_1_77' title='bbox 1122 958 1269 1019; x_wconf 79' lang='lat' dir='ltr'>veniatur.</span> <span class='ocrx_word' id='word_1_78' title='bbox 1302 953 1392 1027; x_wconf 88' lang='lat' dir='ltr'>Quod</span> <span class='ocrx_word' id='word_1_79' title='bbox 1408 954 1527 1036; x_wconf 77' lang='lat' dir='ltr'>siquod</span> 
     </span>
     <span class='ocr_line' id='line_1_9' title="bbox 160 1045 1527 1126; baseline 0.001 -20"><span class='ocrx_word' id='word_1_80' title='bbox 160 1066 255 1126; x_wconf 85' lang='lat' dir='ltr'>genus</span> <span class='ocrx_word' id='word_1_81' title='bbox 281 1064 437 1126; x_wconf 90' lang='lat' dir='ltr'>corporum</span> <span class='ocrx_word' id='word_1_82' title='bbox 460 1066 515 1126; x_wconf 87' lang='lat' dir='ltr'>per·</span> <span class='ocrx_word' id='word_1_83' title='bbox 538 1056 637 1108; x_wconf 90' lang='lat' dir='ltr'>certas</span> <span class='ocrx_word' id='word_1_84' title='bbox 661 1047 847 1107; x_wconf 87' lang='lat' dir='ltr'>conditiones</span> <span class='ocrx_word' id='word_1_85' title='bbox 873 1046 1057 1126; x_wconf 87' lang='lat' dir='ltr'>descriptum</span> <span class='ocrx_word' id='word_1_86' title='bbox 1081 1046 1161 1108; x_wconf 90' lang='lat' dir='ltr'>iutra</span> <span class='ocrx_word' id='word_1_87' title='bbox 1184 1046 1301 1124; x_wconf 88' lang='lat' dir='ltr'>species</span> <span class='ocrx_word' id='word_1_88' title='bbox 1325 1045 1448 1125; x_wconf 90' lang='lat' dir='ltr'>quidem</span> <span class='ocrx_word' id='word_1_89' title='bbox 1471 1063 1527 1107; x_wconf 89' lang='lat' dir='ltr'>uu·</span> 
     </span>
     <span class='ocr_line' id='line_1_10' title="bbox 160 1131 1527 1215; baseline 0.001 -19"><span class='ocrx_word' id='word_1_90' title='bbox 160 1154 242 1197; x_wconf 87' lang='lat' dir='ltr'>mero</span> <span class='ocrx_word' id='word_1_91' title='bbox 266 1134 368 1197; x_wconf 87' lang='lat' dir='ltr'>finitas</span> <span class='ocrx_word' id='word_1_92' title='bbox 391 1136 547 1208; x_wconf 89' lang='lat' dir='ltr'>consistit,</span> <span class='ocrx_word' id='word_1_93' title='bbox 577 1136 630 1196; x_wconf 91' lang='lat' dir='ltr'>sed</span> <span class='ocrx_word' id='word_1_94' title='bbox 660 1147 759 1197; x_wconf 90' lang='lat' dir='ltr'>tamen</span> <span class='ocrx_word' id='word_1_95' title='bbox 790 1135 819 1196; x_wconf 93' lang='lat' dir='ltr'>in</span> <span class='ocrx_word' id='word_1_96' title='bbox 848 1136 1000 1214; x_wconf 82' lang='lat' dir='ltr'>ingentem</span> <span class='ocrx_word' id='word_1_97' title='bbox 1024 1154 1212 1201; x_wconf 90' lang='lat' dir='ltr'>numerorum</span> <span class='ocrx_word' id='word_1_98' title='bbox 1235 1135 1354 1214; x_wconf 88' lang='lat' dir='ltr'>copiam</span> <span class='ocrx_word' id='word_1_99' title='bbox 1378 1131 1527 1215; x_wconf 85' lang='lat' dir='ltr'>multipli-</span> 
     </span>
     <span class='ocr_line' id='line_1_11' title="bbox 160 1222 1525 1305; baseline 0.001 -21"><span class='ocrx_word' id='word_1_100' title='bbox 160 1233 256 1299; x_wconf 82' lang='lat' dir='ltr'>catur,</span> <span class='ocrx_word' id='word_1_101' title='bbox 283 1243 384 1285; x_wconf 90' lang='lat' dir='ltr'>eorunr</span> <span class='ocrx_word' id='word_1_102' title='bbox 409 1243 565 1304; x_wconf 88' lang='lat' dir='ltr'>corporum</span> <span class='ocrx_word' id='word_1_103' title='bbox 590 1225 716 1302; x_wconf 86' lang='lat' dir='ltr'>angulos</span> <span class='ocrx_word' id='word_1_104' title='bbox 740 1232 772 1286; x_wconf 90' lang='lat' dir='ltr'>et</span> <span class='ocrx_word' id='word_1_105' title='bbox 795 1232 899 1284; x_wconf 87' lang='lat' dir='ltr'>centra</span> <span class='ocrx_word' id='word_1_106' title='bbox 916 1225 1078 1305; x_wconf 91' lang='lat' dir='ltr'>planorum</span> <span class='ocrx_word' id='word_1_107' title='bbox 1101 1225 1300 1302; x_wconf 84' lang='lat' dir='ltr'>prolixarum</span> <span class='ocrx_word' id='word_1_108' title='bbox 1322 1222 1525 1295; x_wconf 79' lang='lat' dir='ltr'>multitudiue,</span> 
     </span>
    </p>
   </div>
   <div class='ocr_carea' id='block_1_3' title="bbox 47 1310 1527 1393">
    <p class='ocr_par' dir='ltr' id='par_1_3' title="bbox 47 1310 1527 1393">
     <span class='ocr_line' id='line_1_12' title="bbox 47 1310 1527 1393; baseline 0.001 -20"><span class='ocrx_word' id='word_1_109' title='bbox 47 1330 53 1339; x_wconf 93' lang='lat'><strong>·</strong></span> <span class='ocrx_word' id='word_1_110' title='bbox 161 1311 378 1392; x_wconf 82' lang='lat' dir='ltr'>magnitudine,</span> <span class='ocrx_word' id='word_1_111' title='bbox 402 1313 796 1393; x_wconf 82' lang='lat' dir='ltr'>situque&#39;demonstrando,</span> <span class='ocrx_word' id='word_1_112' title='bbox 821 1314 847 1373; x_wconf 91' lang='lat' dir='ltr'>si</span> <span class='ocrx_word' id='word_1_113' title='bbox 871 1331 1044 1392; x_wconf 90' lang='lat' dir='ltr'>possumus,</span> <span class='ocrx_word' id='word_1_114' title='bbox 1069 1313 1266 1375; x_wconf 85' lang='lat' dir='ltr'>adhibeamus</span> <span class='ocrx_word' id='word_1_115' title='bbox 1280 1310 1329 1386; x_wconf 80' lang='lat'>¹²):</span> <span class='ocrx_word' id='word_1_116' title='bbox 1355 1312 1404 1374; x_wconf 87' lang='lat' dir='ltr'>siu</span> <span class='ocrx_word' id='word_1_117' title='bbox 1428 1316 1527 1375; x_wconf 71' lang='lat' dir='ltr'>sumu</span> 
     </span>
    </p>
   </div>
   <div class='ocr_carea' id='block_1_4' title="bbox 119 1400 1527 4861">
    <p class='ocr_par' dir='ltr' id='par_1_4' title="bbox 160 1400 1527 1838">
     <span class='ocr_line' id='line_1_13' title="bbox 161 1400 1527 1482; baseline 0.001 -20"><span class='ocrx_word' id='word_1_118' title='bbox 161 1400 187 1462; x_wconf 91' lang='lat' dir='ltr'>is</span> <span class='ocrx_word' id='word_1_119' title='bbox 212 1401 298 1462; x_wconf 90' lang='lat' dir='ltr'>labor</span> <span class='ocrx_word' id='word_1_120' title='bbox 322 1420 379 1463; x_wconf 92' lang='lat' dir='ltr'>non</span> <span class='ocrx_word' id='word_1_121' title='bbox 404 1409 452 1463; x_wconf 88' lang='lat' dir='ltr'>est</span> <span class='ocrx_word' id='word_1_122' title='bbox 476 1401 622 1476; x_wconf 89' lang='lat' dir='ltr'>hominis,</span> <span class='ocrx_word' id='word_1_123' title='bbox 654 1421 726 1482; x_wconf 85' lang='lat' dir='ltr'>ergo</span> <span class='ocrx_word' id='word_1_124' title='bbox 757 1402 906 1481; x_wconf 81' lang='lat' dir='ltr'>tantisper</span> <span class='ocrx_word' id='word_1_125' title='bbox 930 1400 1102 1463; x_wconf 86' lang='lat' dir='ltr'>differamus</span> <span class='ocrx_word' id='word_1_126' title='bbox 1126 1401 1237 1464; x_wconf 90' lang='lat' dir='ltr'>numeri</span> <span class='ocrx_word' id='word_1_127' title='bbox 1262 1421 1298 1463; x_wconf 90' lang='lat' dir='ltr'>ac</span> <span class='ocrx_word' id='word_1_128' title='bbox 1323 1401 1403 1462; x_wconf 92' lang='lat' dir='ltr'>situs</span> <span class='ocrx_word' id='word_1_129' title='bbox 1425 1416 1527 1463; x_wconf 79' lang='lat' dir='ltr'>earum</span> 
     </span>
     <span class='ocr_line' id='line_1_14' title="bbox 162 1478 1527 1571; baseline 0.002 -21"><span class='ocrx_word' id='word_1_130' title='bbox 162 1490 310 1552; x_wconf 88' lang='lat' dir='ltr'>rationem</span> <span class='ocrx_word' id='word_1_131' title='bbox 335 1509 498 1571; x_wconf 90' lang='lat' dir='ltr'>quaerere,</span> <span class='ocrx_word' id='word_1_132' title='bbox 528 1491 597 1552; x_wconf 91' lang='lat' dir='ltr'>dum</span> <span class='ocrx_word' id='word_1_133' title='bbox 626 1490 692 1571; x_wconf 92' lang='lat' dir='ltr'>quis</span> <span class='ocrx_word' id='word_1_134' title='bbox 720 1490 807 1553; x_wconf 91' lang='lat' dir='ltr'>nobis</span> <span class='ocrx_word' id='word_1_135' title='bbox 831 1491 871 1553; x_wconf 91' lang='lat' dir='ltr'>ad</span> <span class='ocrx_word' id='word_1_136' title='bbox 893 1509 983 1554; x_wconf 92' lang='lat' dir='ltr'>unum</span> <span class='ocrx_word' id='word_1_137' title='bbox 1006 1509 1128 1565; x_wconf 88' lang='lat' dir='ltr'>omues,</span> <span class='ocrx_word' id='word_1_138' title='bbox 1159 1500 1233 1571; x_wconf 89' lang='lat' dir='ltr'>quot</span> <span class='ocrx_word' id='word_1_139' title='bbox 1260 1478 1433 1571; x_wconf 76' lang='lat' dir='ltr'>quaritaeve</span> <span class='ocrx_word' id='word_1_140' title='bbox 1457 1487 1527 1561; x_wconf 66' lang='lat' dir='ltr'>sint</span> 
     </span>
     <span class='ocr_line' id='line_1_15' title="bbox 161 1576 1527 1660; baseline 0.001 -21"><span class='ocrx_word' id='word_1_141' title='bbox 161 1579 366 1659; x_wconf 81' lang='lat' dir='ltr'>descripserit.</span> <span class='ocrx_word' id='word_1_142' title='bbox 404 1580 510 1641; x_wconf 86' lang='lat' dir='ltr'>Missis</span> <span class='ocrx_word' id='word_1_143' title='bbox 535 1579 627 1660; x_wconf 82' lang='lat' dir='ltr'>igitur</span> <span class='ocrx_word' id='word_1_144' title='bbox 649 1581 716 1642; x_wconf 75' lang='lat' dir='ltr'>furis</span> <span class='ocrx_word' id='word_1_145' title='bbox 741 1588 831 1659; x_wconf 89' lang='lat' dir='ltr'>atque</span> <span class='ocrx_word' id='word_1_146' title='bbox 856 1579 882 1641; x_wconf 91' lang='lat' dir='ltr'>ei</span> <span class='ocrx_word' id='word_1_147' title='bbox 907 1580 1078 1659; x_wconf 88' lang='lat' dir='ltr'>permissis,</span> <span class='ocrx_word' id='word_1_148' title='bbox 1101 1580 1151 1660; x_wconf 92' lang='lat' dir='ltr'>qni</span> <span class='ocrx_word' id='word_1_149' title='bbox 1176 1580 1259 1641; x_wconf 91' lang='lat' dir='ltr'>solus</span> <span class='ocrx_word' id='word_1_150' title='bbox 1283 1586 1424 1641; x_wconf 90' lang='lat' dir='ltr'>numerat</span> <span class='ocrx_word' id='word_1_151' title='bbox 1447 1576 1527 1641; x_wconf 91' lang='lat' dir='ltr'>mul·</span> 
     </span>
     <span class='ocr_line' id='line_1_16' title="bbox 160 1665 1527 1748; baseline 0.001 -20"><span class='ocrx_word' id='word_1_152' title='bbox 160 1668 320 1729; x_wconf 89' lang='lat' dir='ltr'>titudinem</span> <span class='ocrx_word' id='word_1_153' title='bbox 347 1669 523 1743; x_wconf 89' lang='lat' dir='ltr'>stellarum,</span> <span class='ocrx_word' id='word_1_154' title='bbox 552 1677 584 1730; x_wconf 92' lang='lat' dir='ltr'>et</span> <span class='ocrx_word' id='word_1_155' title='bbox 612 1670 746 1748; x_wconf 83' lang='lat' dir='ltr'>singulas</span> <span class='ocrx_word' id='word_1_156' title='bbox 776 1668 893 1730; x_wconf 90' lang='lat' dir='ltr'>nomine</span> <span class='ocrx_word' id='word_1_157' title='bbox 921 1678 1012 1730; x_wconf 85' lang='lat' dir='ltr'>vocat</span> <span class='ocrx_word' id='word_1_158' title='bbox 1044 1668 1142 1741; x_wconf 91' lang='lat' dir='ltr'>(Psal.</span> <span class='ocrx_word' id='word_1_159' title='bbox 1172 1665 1269 1742; x_wconf 76' lang='lat' dir='ltr'>tlt),</span> <span class='ocrx_word' id='word_1_160' title='bbox 1301 1666 1527 1747; x_wconf 82' lang='lat' dir='ltr'>sapientissimo</span> 
     </span>
     <span class='ocr_line' id='line_1_17' title="bbox 161 1756 1365 1838; baseline 0 -21"><span class='ocrx_word' id='word_1_161' title='bbox 161 1757 283 1832; x_wconf 85' lang='lat' dir='ltr'>artifici,</span> <span class='ocrx_word' id='word_1_162' title='bbox 308 1756 363 1818; x_wconf 84' lang='lat' dir='ltr'>no&#39;s</span> <span class='ocrx_word' id='word_1_163' title='bbox 387 1759 490 1820; x_wconf 90' lang='lat' dir='ltr'>oculos</span> <span class='ocrx_word' id='word_1_164' title='bbox 514 1757 554 1819; x_wconf 92' lang='lat' dir='ltr'>ad</span> <span class='ocrx_word' id='word_1_165' title='bbox 577 1758 774 1838; x_wconf 90' lang='lat' dir='ltr'>propinquas,</span> <span class='ocrx_word' id='word_1_166' title='bbox 801 1777 912 1836; x_wconf 90' lang='lat' dir='ltr'>paucas</span> <span class='ocrx_word' id='word_1_167' title='bbox 937 1768 968 1818; x_wconf 93' lang='lat' dir='ltr'>et</span> <span class='ocrx_word' id='word_1_168' title='bbox 992 1758 1117 1820; x_wconf 84' lang='lat' dir='ltr'>mobiles</span> <span class='ocrx_word' id='word_1_169' title='bbox 1141 1765 1365 1820; x_wconf 85' lang='lat' dir='ltr'>convertamus.</span> 
     </span>
    </p>

    <p class='ocr_par' dir='ltr' id='par_1_5' title="bbox 119 1843 1527 2456">
     <span class='ocr_line' id='line_1_18' title="bbox 248 1843 1527 1926; baseline 0.001 -20"><span class='ocrx_word' id='word_1_170' title='bbox 248 1845 384 1926; x_wconf 91' lang='lat' dir='ltr'>Denique</span> <span class='ocrx_word' id='word_1_171' title='bbox 409 1847 502 1925; x_wconf 85' lang='lat' dir='ltr'>igitur</span> <span class='ocrx_word' id='word_1_172' title='bbox 526 1847 675 1909; x_wconf 89' lang='lat' dir='ltr'>delectum</span> <span class='ocrx_word' id='word_1_173' title='bbox 699 1866 856 1925; x_wconf 89' lang='lat' dir='ltr'>corporum</span> <span class='ocrx_word' id='word_1_174' title='bbox 879 1848 904 1908; x_wconf 91' lang='lat' dir='ltr'>si</span> <span class='ocrx_word' id='word_1_175' title='bbox 929 1846 1131 1921; x_wconf 90' lang='lat' dir='ltr'>habuerimus,</span> <span class='ocrx_word' id='word_1_176' title='bbox 1157 1855 1248 1926; x_wconf 87' lang='lat' dir='ltr'>atque</span> <span class='ocrx_word' id='word_1_177' title='bbox 1272 1864 1393 1908; x_wconf 91' lang='lat' dir='ltr'>omnem</span> <span class='ocrx_word' id='word_1_178' title='bbox 1414 1843 1527 1907; x_wconf 80' lang='lat' dir='ltr'>mixto-</span> 
     </span>
     <span class='ocr_line' id='line_1_19' title="bbox 161 1933 1527 2016; baseline -0.001 -21"><span class='ocrx_word' id='word_1_179' title='bbox 161 1953 225 1995; x_wconf 89' lang='lat' dir='ltr'>rum</span> <span class='ocrx_word' id='word_1_180' title='bbox 249 1935 368 1996; x_wconf 88' lang='lat' dir='ltr'>turbam</span> <span class='ocrx_word' id='word_1_181' title='bbox 391 1936 585 2015; x_wconf 90' lang='lat' dir='ltr'>ejecerimus,</span> <span class='ocrx_word' id='word_1_182' title='bbox 615 1936 798 1997; x_wconf 86' lang='lat' dir='ltr'>retineamus</span> <span class='ocrx_word' id='word_1_183' title='bbox 823 1955 893 1996; x_wconf 85' lang='lat' dir='ltr'>vero</span> <span class='ocrx_word' id='word_1_184' title='bbox 918 1936 984 1996; x_wconf 92' lang='lat' dir='ltr'>sola</span> <span class='ocrx_word' id='word_1_185' title='bbox 1008 1936 1079 2009; x_wconf 91' lang='lat' dir='ltr'>illa,</span> <span class='ocrx_word' id='word_1_186' title='bbox 1111 1955 1235 2016; x_wconf 90' lang='lat' dir='ltr'>quorum</span> <span class='ocrx_word' id='word_1_187' title='bbox 1257 1934 1360 1996; x_wconf 89' lang='lat' dir='ltr'>omnia</span> <span class='ocrx_word' id='word_1_188' title='bbox 1382 1933 1527 2014; x_wconf 73' lang='lat' dir='ltr'>planati</span> 
     </span>
     <span class='ocr_line' id='line_1_20' title="bbox 119 2023 1527 2105; baseline 0 -22"><span class='ocrx_word' id='word_1_189' title='bbox 119 2038 122 2052; x_wconf 85' lang='lat'><em>·</em></span> <span class='ocrx_word' id='word_1_190' title='bbox 163 2023 350 2101; x_wconf 89' lang='lat' dir='ltr'>aequilatera</span> <span class='ocrx_word' id='word_1_191' title='bbox 375 2032 406 2085; x_wconf 90' lang='lat' dir='ltr'>et</span> <span class='ocrx_word' id='word_1_192' title='bbox 430 2024 629 2103; x_wconf 85' lang='lat' dir='ltr'>aequiangula</span> <span class='ocrx_word' id='word_1_193' title='bbox 653 2025 781 2098; x_wconf 83' lang='lat' dir='ltr'>luerint,</span> <span class='ocrx_word' id='word_1_194' title='bbox 812 2026 971 2086; x_wconf 90' lang='lat' dir='ltr'>restabunt</span> <span class='ocrx_word' id='word_1_195' title='bbox 999 2023 1085 2086; x_wconf 90' lang='lat' dir='ltr'>nobis</span> <span class='ocrx_word' id='word_1_196' title='bbox 1109 2025 1184 2086; x_wconf 90' lang='lat' dir='ltr'>haec</span> <span class='ocrx_word' id='word_1_197' title='bbox 1209 2024 1336 2105; x_wconf 90' lang='lat' dir='ltr'>quinque</span> <span class='ocrx_word' id='word_1_198' title='bbox 1367 2038 1527 2101; x_wconf 78' lang='lat' dir='ltr'>corpora</span> 
     </span>
     <span class='ocr_line' id='line_1_21' title="bbox 162 2111 1524 2193; baseline 0.001 -22"><span class='ocrx_word' id='word_1_199' title='bbox 162 2111 363 2190; x_wconf 76' lang='lat' dir='ltr'>regularia,</span> <span class='ocrx_word' id='word_1_200' title='bbox 390 2112 496 2193; x_wconf 91' lang='lat' dir='ltr'>quibus</span> <span class='ocrx_word' id='word_1_201' title='bbox 513 2111 624 2174; x_wconf 89' lang='lat' dir='ltr'>Graeci</span> <span class='ocrx_word' id='word_1_202' title='bbox 644 2113 717 2173; x_wconf 81' lang='lat' dir='ltr'>haee</span> <span class='ocrx_word' id='word_1_203' title='bbox 737 2115 914 2193; x_wconf 83' lang='lat' dir='ltr'>ascripsere</span> <span class='ocrx_word' id='word_1_204' title='bbox 929 2113 1057 2186; x_wconf 90' lang='lat' dir='ltr'>nomina,</span> <span class='ocrx_word' id='word_1_205' title='bbox 1083 2113 1193 2175; x_wconf 91' lang='lat' dir='ltr'>cubus</span> <span class='ocrx_word' id='word_1_206' title='bbox 1218 2132 1271 2175; x_wconf 90' lang='lat' dir='ltr'>seu</span> <span class='ocrx_word' id='word_1_207' title='bbox 1294 2111 1524 2185; x_wconf 77' lang='lat' dir='ltr'>hexaedrum,</span> 
     </span>
     <span class='ocr_line' id='line_1_22' title="bbox 161 2200 1525 2280; baseline 0.002 -20"><span class='ocrx_word' id='word_1_208' title='bbox 161 2200 322 2280; x_wconf 86' lang='lat' dir='ltr'>pyramis</span> <span class='ocrx_word' id='word_1_209' title='bbox 347 2219 400 2263; x_wconf 91' lang='lat' dir='ltr'>seu</span> <span class='ocrx_word' id='word_1_210' title='bbox 427 2202 669 2276; x_wconf 76' lang='lat' dir='ltr'>tetraedrum‚</span> <span class='ocrx_word' id='word_1_211' title='bbox 698 2200 986 2271; x_wconf 76' lang='lat' dir='ltr'>dodecasdruu,</span> <span class='ocrx_word' id='word_1_212' title='bbox 1019 2202 1264 2276; x_wconf 78' lang='lat' dir='ltr'>icosa&#39;odrum,</span> <span class='ocrx_word' id='word_1_213' title='bbox 1297 2200 1525 2263; x_wconf 75' lang='lat' dir='ltr'>suessorum</span> 
     </span>
     <span class='ocr_line' id='line_1_23' title="bbox 161 2286 1526 2370; baseline 0.001 -21"><span class='ocrx_word' id='word_1_214' title='bbox 161 2286 308 2369; x_wconf 86' lang='lat' dir='ltr'>Quodque</span> <span class='ocrx_word' id='word_1_215' title='bbox 331 2289 379 2351; x_wconf 91' lang='lat' dir='ltr'>his</span> <span class='ocrx_word' id='word_1_216' title='bbox 403 2289 531 2369; x_wconf 88' lang='lat' dir='ltr'>quinque</span> <span class='ocrx_word' id='word_1_217' title='bbox 554 2289 640 2368; x_wconf 91' lang='lat' dir='ltr'>plura</span> <span class='ocrx_word' id='word_1_218' title='bbox 664 2309 731 2351; x_wconf 89' lang='lat' dir='ltr'>esse</span> <span class='ocrx_word' id='word_1_219' title='bbox 756 2310 813 2352; x_wconf 91' lang='lat' dir='ltr'>non</span> <span class='ocrx_word' id='word_1_220' title='bbox 836 2292 969 2370; x_wconf 89' lang='lat' dir='ltr'>possint,</span> <span class='ocrx_word' id='word_1_221' title='bbox 986 2294 1012 2364; x_wconf 83' lang='lat'>⁰)</span> <span class='ocrx_word' id='word_1_222' title='bbox 1038 2290 1105 2353; x_wconf 88' lang='lat' dir='ltr'>vide</span> <span class='ocrx_word' id='word_1_223' title='bbox 1130 2291 1248 2353; x_wconf 82' lang='lat' dir='ltr'>Euclid.</span> <span class='ocrx_word' id='word_1_224' title='bbox 1276 2288 1326 2352; x_wconf 89' lang='lat' dir='ltr'>lib.</span> <span class='ocrx_word' id='word_1_225' title='bbox 1351 2289 1432 2353; x_wconf 87' lang='lat' dir='ltr'>XIII</span> <span class='ocrx_word' id='word_1_226' title='bbox 1456 2294 1526 2368; x_wconf 81' lang='lat' dir='ltr'>post</span> 
     </span>
     <span class='ocr_line' id='line_1_24' title="bbox 162 2375 528 2456; baseline 0.008 -20"><span class='ocrx_word' id='word_1_227' title='bbox 162 2395 246 2456; x_wconf 91' lang='lat' dir='ltr'>prop.</span> <span class='ocrx_word' id='word_1_228' title='bbox 275 2375 315 2440; x_wconf 87' lang='grc'>18</span> <span class='ocrx_word' id='word_1_229' title='bbox 339 2378 483 2440; x_wconf 89' lang='lat' dir='ltr'>scholion.</span> <span class='ocrx_word' id='word_1_230' title='bbox 501 2376 528 2450; x_wconf 84' lang='lat' dir='ltr'>d)</span> 
     </span>
    </p>

    <p class='ocr_par' dir='ltr' id='par_1_6' title="bbox 161 2464 1526 3079">
     <span class='ocr_line' id='line_1_25' title="bbox 250 2464 1524 2547; baseline 0 -20"><span class='ocrx_word' id='word_1_231' title='bbox 250 2464 352 2536; x_wconf 84' lang='lat' dir='ltr'>Quare</span> <span class='ocrx_word' id='word_1_232' title='bbox 376 2466 455 2528; x_wconf 88' lang='lat' dir='ltr'>siout</span> <span class='ocrx_word' id='word_1_233' title='bbox 478 2467 582 2528; x_wconf 89' lang='lat' dir='ltr'>horum</span> <span class='ocrx_word' id='word_1_234' title='bbox 605 2466 746 2528; x_wconf 86' lang='lat' dir='ltr'>definitus</span> <span class='ocrx_word' id='word_1_235' title='bbox 771 2475 802 2529; x_wconf 92' lang='lat' dir='ltr'>et</span> <span class='ocrx_word' id='word_1_236' title='bbox 825 2468 951 2547; x_wconf 81' lang='lat' dir='ltr'>exiguus</span> <span class='ocrx_word' id='word_1_237' title='bbox 975 2469 1134 2530; x_wconf 91' lang='lat' dir='ltr'>admodum</span> <span class='ocrx_word' id='word_1_238' title='bbox 1158 2474 1206 2528; x_wconf 88' lang='lat' dir='ltr'>est</span> <span class='ocrx_word' id='word_1_239' title='bbox 1230 2485 1379 2540; x_wconf 88' lang='lat' dir='ltr'>numerus,</span> <span class='ocrx_word' id='word_1_240' title='bbox 1404 2472 1524 2527; x_wconf 80' lang='lat' dir='ltr'>cetero·</span> 
     </span>
     <span class='ocr_line' id='line_1_26' title="bbox 161 2554 1526 2636; baseline -0.001 -21"><span class='ocrx_word' id='word_1_241' title='bbox 161 2573 224 2615; x_wconf 91' lang='lat' dir='ltr'>ruru</span> <span class='ocrx_word' id='word_1_242' title='bbox 248 2562 302 2616; x_wconf 89' lang='lat' dir='ltr'>aut</span> <span class='ocrx_word' id='word_1_243' title='bbox 325 2555 556 2617; x_wconf 88' lang='lat' dir='ltr'>innumerabiles</span> <span class='ocrx_word' id='word_1_244' title='bbox 581 2565 632 2617; x_wconf 89' lang='lat' dir='ltr'>aut</span> <span class='ocrx_word' id='word_1_245' title='bbox 656 2555 790 2617; x_wconf 84' lang='lat' dir='ltr'>infinitae</span> <span class='ocrx_word' id='word_1_246' title='bbox 819 2556 956 2636; x_wconf 90' lang='lat' dir='ltr'>species,</span> <span class='ocrx_word' id='word_1_247' title='bbox 990 2558 1034 2619; x_wconf 91' lang='lat' dir='ltr'>ita</span> <span class='ocrx_word' id='word_1_248' title='bbox 1062 2555 1163 2617; x_wconf 88' lang='lat' dir='ltr'>decuit</span> <span class='ocrx_word' id='word_1_249' title='bbox 1185 2556 1215 2618; x_wconf 90' lang='lat' dir='ltr'>in</span> <span class='ocrx_word' id='word_1_250' title='bbox 1240 2556 1350 2618; x_wconf 90' lang='lat' dir='ltr'>mundo</span> <span class='ocrx_word' id='word_1_251' title='bbox 1374 2554 1435 2617; x_wconf 92' lang='lat' dir='ltr'>duo</span> <span class='ocrx_word' id='word_1_252' title='bbox 1459 2570 1526 2615; x_wconf 85' lang='lat' dir='ltr'>esse</span> 
     </span>
     <span class='ocr_line' id='line_1_27' title="bbox 161 2640 1523 2723; baseline 0 -20"><span class='ocrx_word' id='word_1_253' title='bbox 161 2642 318 2705; x_wconf 88' lang='lat' dir='ltr'>stellarum</span> <span class='ocrx_word' id='word_1_254' title='bbox 342 2663 472 2723; x_wconf 79' lang='lat' dir='ltr'>genera,</span> <span class='ocrx_word' id='word_1_255' title='bbox 510 2644 641 2706; x_wconf 88' lang='lat' dir='ltr'>evidenti</span> <span class='ocrx_word' id='word_1_256' title='bbox 672 2644 842 2706; x_wconf 90' lang='lat' dir='ltr'>discrimine</span> <span class='ocrx_word' id='word_1_257' title='bbox 873 2646 911 2706; x_wconf 91' lang='lat' dir='ltr'>ab</span> <span class='ocrx_word' id='word_1_258' title='bbox 941 2666 973 2709; x_wconf 86' lang='lat' dir='ltr'>se</span> <span class='ocrx_word' id='word_1_259' title='bbox 999 2645 1124 2707; x_wconf 89' lang='lat' dir='ltr'>invicem</span> <span class='ocrx_word' id='word_1_260' title='bbox 1148 2645 1307 2719; x_wconf 84' lang='lat' dir='ltr'>distincta,</span> <span class='ocrx_word' id='word_1_261' title='bbox 1342 2640 1523 2722; x_wconf 87' lang='lat' dir='ltr'>(cujusmodi</span> 
     </span>
     <span class='ocr_line' id='line_1_28' title="bbox 164 2732 1524 2814; baseline 0.001 -22"><span class='ocrx_word' id='word_1_262' title='bbox 164 2739 263 2793; x_wconf 88' lang='lat' dir='ltr'>motus</span> <span class='ocrx_word' id='word_1_263' title='bbox 288 2739 319 2793; x_wconf 90' lang='lat' dir='ltr'>et</span> <span class='ocrx_word' id='word_1_264' title='bbox 342 2734 426 2814; x_wconf 91' lang='lat' dir='ltr'>quies</span> <span class='ocrx_word' id='word_1_265' title='bbox 450 2736 527 2807; x_wconf 89' lang='lat' dir='ltr'>est),</span> <span class='ocrx_word' id='word_1_266' title='bbox 552 2752 675 2812; x_wconf 87' lang='lat' dir='ltr'>quorum</span> <span class='ocrx_word' id='word_1_267' title='bbox 698 2753 787 2794; x_wconf 91' lang='lat' dir='ltr'>unum</span> <span class='ocrx_word' id='word_1_268' title='bbox 812 2753 905 2813; x_wconf 84' lang='lat' dir='ltr'>genus</span> <span class='ocrx_word' id='word_1_269' title='bbox 928 2735 1042 2797; x_wconf 86' lang='lat' dir='ltr'>infinito</span> <span class='ocrx_word' id='word_1_270' title='bbox 1066 2733 1182 2806; x_wconf 88' lang='lat' dir='ltr'>simile,</span> <span class='ocrx_word' id='word_1_271' title='bbox 1214 2742 1248 2794; x_wconf 90' lang='lat' dir='ltr'>ut</span> <span class='ocrx_word' id='word_1_272' title='bbox 1270 2734 1367 2807; x_wconf 83' lang='lat' dir='ltr'>fixae,</span> <span class='ocrx_word' id='word_1_273' title='bbox 1399 2732 1524 2793; x_wconf 84' lang='lat' dir='ltr'>alterum</span> 
     </span>
     <span class='ocr_line' id='line_1_29' title="bbox 161 2821 1522 2904; baseline 0.002 -24"><span class='ocrx_word' id='word_1_274' title='bbox 161 2830 323 2899; x_wconf 86' lang='lat' dir='ltr'>angustum</span> <span class='ocrx_word' id='word_1_275' title='bbox 347 2829 380 2883; x_wconf 93' lang='lat' dir='ltr'>ut</span> <span class='ocrx_word' id='word_1_276' title='bbox 402 2822 553 2902; x_wconf 90' lang='lat' dir='ltr'>planetae.</span> <span class='ocrx_word' id='word_1_277' title='bbox 601 2823 668 2883; x_wconf 87' lang='lat' dir='ltr'>Nou</span> <span class='ocrx_word' id='word_1_278' title='bbox 693 2833 743 2882; x_wconf 90' lang='lat' dir='ltr'>est</span> <span class='ocrx_word' id='word_1_279' title='bbox 766 2822 853 2899; x_wconf 87' lang='lat' dir='ltr'>hujus</span> <span class='ocrx_word' id='word_1_280' title='bbox 878 2824 936 2886; x_wconf 91' lang='lat' dir='ltr'>loci</span> <span class='ocrx_word' id='word_1_281' title='bbox 964 2824 1120 2904; x_wconf 88' lang='lat' dir='ltr'>disputare</span> <span class='ocrx_word' id='word_1_282' title='bbox 1144 2823 1181 2884; x_wconf 90' lang='lat' dir='ltr'>de</span> <span class='ocrx_word' id='word_1_283' title='bbox 1214 2821 1333 2892; x_wconf 89' lang='lat' dir='ltr'>causis,</span> <span class='ocrx_word' id='word_1_284' title='bbox 1368 2840 1421 2883; x_wconf 87' lang='lat' dir='ltr'>eur</span> <span class='ocrx_word' id='word_1_285' title='bbox 1452 2821 1522 2883; x_wconf 81' lang='lat' dir='ltr'>baec</span> 
     </span>
     <span class='ocr_line' id='line_1_30' title="bbox 164 2909 1520 2991; baseline 0.004 -21"><span class='ocrx_word' id='word_1_286' title='bbox 164 2919 350 2983; x_wconf 89' lang='lat' dir='ltr'>moveantur,</span> <span class='ocrx_word' id='word_1_287' title='bbox 375 2911 429 2973; x_wconf 90' lang='lat' dir='ltr'>illa</span> <span class='ocrx_word' id='word_1_288' title='bbox 452 2931 520 2972; x_wconf 92' lang='lat' dir='ltr'>uon.</span> <span class='ocrx_word' id='word_1_289' title='bbox 569 2910 631 2972; x_wconf 93' lang='lat' dir='ltr'>Sed</span> <span class='ocrx_word' id='word_1_290' title='bbox 653 2911 762 2990; x_wconf 91' lang='lat' dir='ltr'>posito,</span> <span class='ocrx_word' id='word_1_291' title='bbox 789 2912 866 2990; x_wconf 92' lang='lat' dir='ltr'>quod</span> <span class='ocrx_word' id='word_1_292' title='bbox 889 2911 1030 2991; x_wconf 86' lang='lat' dir='ltr'>planetae</span> <span class='ocrx_word' id='word_1_293' title='bbox 1055 2920 1138 2973; x_wconf 90' lang='lat' dir='ltr'>motu</span> <span class='ocrx_word' id='word_1_294' title='bbox 1162 2909 1355 2990; x_wconf 79' lang='lat' dir='ltr'>indiguerint,</span> <span class='ocrx_word' id='word_1_295' title='bbox 1380 2909 1520 2990; x_wconf 68' lang='lat' dir='ltr'>sequitur,</span> 
     </span>
     <span class='ocr_line' id='line_1_31' title="bbox 162 2998 1170 3079; baseline 0.003 -20"><span class='ocrx_word' id='word_1_296' title='bbox 162 3005 196 3059; x_wconf 93' lang='grc' dir='ltr'>ιιι</span> <span class='ocrx_word' id='word_1_297' title='bbox 218 2998 296 3060; x_wconf 89' lang='lat' dir='ltr'>hunc</span> <span class='ocrx_word' id='word_1_298' title='bbox 320 2999 509 3073; x_wconf 88' lang='lat' dir='ltr'>obtinerent,</span> <span class='ocrx_word' id='word_1_299' title='bbox 534 3000 678 3062; x_wconf 91' lang='lat' dir='ltr'>rotundos</span> <span class='ocrx_word' id='word_1_300' title='bbox 703 3000 790 3061; x_wconf 92' lang='lat' dir='ltr'>orbes</span> <span class='ocrx_word' id='word_1_301' title='bbox 815 3001 951 3079; x_wconf 89' lang='lat' dir='ltr'>accipere</span> <span class='ocrx_word' id='word_1_302' title='bbox 976 3000 1125 3063; x_wconf 88' lang='lat' dir='ltr'>debuisse.</span> <span class='ocrx_word' id='word_1_303' title='bbox 1142 3002 1170 3073; x_wconf 76' lang='grc' dir='ltr'>ο)</span> 
     </span>
    </p>

    <p class='ocr_par' dir='ltr' id='par_1_7' title="bbox 128 3082 1524 4861">
     <span class='ocr_line' id='line_1_32' title="bbox 252 3082 1522 3170; baseline 0 -23"><span class='ocrx_word' id='word_1_304' title='bbox 252 3086 409 3151; x_wconf 87' lang='lat' dir='ltr'>Habemus</span> <span class='ocrx_word' id='word_1_305' title='bbox 425 3089 527 3151; x_wconf 90' lang='lat' dir='ltr'>orbenr</span> <span class='ocrx_word' id='word_1_306' title='bbox 541 3097 665 3169; x_wconf 87' lang='lat' dir='ltr'>propter</span> <span class='ocrx_word' id='word_1_307' title='bbox 679 3096 801 3162; x_wconf 89' lang='lat' dir='ltr'>motum,</span> <span class='ocrx_word' id='word_1_308' title='bbox 826 3098 858 3151; x_wconf 86' lang='lat' dir='ltr'>et</span> <span class='ocrx_word' id='word_1_309' title='bbox 881 3109 1006 3169; x_wconf 90' lang='lat' dir='ltr'>corpora</span> <span class='ocrx_word' id='word_1_310' title='bbox 1028 3097 1152 3170; x_wconf 89' lang='lat' dir='ltr'>propter</span> <span class='ocrx_word' id='word_1_311' title='bbox 1175 3107 1328 3150; x_wconf 89' lang='lat' dir='ltr'>numerum</span> <span class='ocrx_word' id='word_1_312' title='bbox 1351 3094 1384 3148; x_wconf 90' lang='lat' dir='ltr'>et</span> <span class='ocrx_word' id='word_1_313' title='bbox 1407 3082 1522 3165; x_wconf 77' lang='lat' dir='ltr'>magni·</span> 
     </span>
     <span class='ocr_line' id='line_1_33' title="bbox 162 3174 1522 3257; baseline 0.002 -22"><span class='ocrx_word' id='word_1_314' title='bbox 162 3175 338 3250; x_wconf 72' lang='lat' dir='ltr'>tudines:‘)</span> <span class='ocrx_word' id='word_1_315' title='bbox 363 3178 432 3257; x_wconf 91' lang='lat' dir='ltr'>quid</span> <span class='ocrx_word' id='word_1_316' title='bbox 456 3186 554 3239; x_wconf 87' lang='lat' dir='ltr'>restat</span> <span class='ocrx_word' id='word_1_317' title='bbox 578 3177 724 3257; x_wconf 90' lang='lat' dir='ltr'>amplius,</span> <span class='ocrx_word' id='word_1_318' title='bbox 751 3178 819 3256; x_wconf 89' lang='lat' dir='ltr'>quin</span> <span class='ocrx_word' id='word_1_319' title='bbox 844 3178 979 3241; x_wconf 88' lang='lat' dir='ltr'>dicamus</span> <span class='ocrx_word' id='word_1_320' title='bbox 1003 3199 1068 3240; x_wconf 87' lang='lat' dir='ltr'>curn</span> <span class='ocrx_word' id='word_1_321' title='bbox 1093 3178 1231 3250; x_wconf 90' lang='lat' dir='ltr'>Platone,</span> <span class='ocrx_word' id='word_1_322' title='bbox 1255 3181 1331 3238; x_wconf 71' lang='lat' dir='ltr'>deor</span> <span class='ocrx_word' id='word_1_323' title='bbox 1353 3174 1401 3237; x_wconf 80' lang='lat' dir='ltr'>da</span> <span class='ocrx_word' id='word_1_324' title='bbox 1423 3194 1522 3252; x_wconf 68' lang='lat' dir='ltr'>ysopo</span> 
     </span>
     <span class='ocr_line' id='line_1_34' title="bbox 162 3262 1522 3347; baseline 0 -22"><span class='ocrx_word' id='word_1_325' title='bbox 162 3287 249 3343; x_wconf 75' lang='lat' dir='ltr'>spuo,</span> <span class='ocrx_word' id='word_1_326' title='bbox 273 3273 364 3346; x_wconf 92' lang='lat' dir='ltr'>atque</span> <span class='ocrx_word' id='word_1_327' title='bbox 388 3267 418 3328; x_wconf 92' lang='lat' dir='ltr'>iu</span> <span class='ocrx_word' id='word_1_328' title='bbox 443 3266 499 3328; x_wconf 91' lang='lat' dir='ltr'>hac</span> <span class='ocrx_word' id='word_1_329' title='bbox 523 3266 676 3328; x_wconf 93' lang='lat' dir='ltr'>mobilium</span> <span class='ocrx_word' id='word_1_330' title='bbox 701 3265 816 3327; x_wconf 81' lang='lat' dir='ltr'>fabrica</span> <span class='ocrx_word' id='word_1_331' title='bbox 838 3287 964 3347; x_wconf 92' lang='lat' dir='ltr'>corpora</span> <span class='ocrx_word' id='word_1_332' title='bbox 988 3268 1109 3329; x_wconf 88' lang='lat' dir='ltr'>orbibus</span> <span class='ocrx_word' id='word_1_333' title='bbox 1129 3275 1160 3327; x_wconf 91' lang='lat' dir='ltr'>et</span> <span class='ocrx_word' id='word_1_334' title='bbox 1175 3266 1263 3327; x_wconf 92' lang='lat' dir='ltr'>orbes</span> <span class='ocrx_word' id='word_1_335' title='bbox 1278 3264 1456 3343; x_wconf 89' lang='lat' dir='ltr'>corporibus</span> <span class='ocrx_word' id='word_1_336' title='bbox 1476 3262 1522 3325; x_wconf 88' lang='lat' dir='ltr'>in·</span> 
     </span>
     <span class='ocr_line' id='line_1_35' title="bbox 161 3352 1524 3436; baseline -0.002 -22"><span class='ocrx_word' id='word_1_337' title='bbox 161 3353 320 3433; x_wconf 78' lang='lat' dir='ltr'>sculpsisse</span> <span class='ocrx_word' id='word_1_338' title='bbox 344 3355 505 3435; x_wconf 88' lang='lat' dir='ltr'>tantisper,</span> <span class='ocrx_word' id='word_1_339' title='bbox 531 3355 600 3418; x_wconf 88' lang='lat' dir='ltr'>dum</span> <span class='ocrx_word' id='word_1_340' title='bbox 624 3354 735 3416; x_wconf 91' lang='lat' dir='ltr'>nullum</span> <span class='ocrx_word' id='word_1_341' title='bbox 760 3356 887 3434; x_wconf 88' lang='lat' dir='ltr'>amplius</span> <span class='ocrx_word' id='word_1_342' title='bbox 912 3376 1019 3436; x_wconf 87' lang='lat' dir='ltr'>corpus</span> <span class='ocrx_word' id='word_1_343' title='bbox 1042 3364 1184 3426; x_wconf 86' lang='lat' dir='ltr'>restaret,</span> <span class='ocrx_word' id='word_1_344' title='bbox 1208 3355 1286 3434; x_wconf 93' lang='lat' dir='ltr'>quod</span> <span class='ocrx_word' id='word_1_345' title='bbox 1309 3373 1367 3415; x_wconf 92' lang='lat' dir='ltr'>non</span> <span class='ocrx_word' id='word_1_346' title='bbox 1391 3352 1474 3415; x_wconf 90' lang='lat' dir='ltr'>iutra</span> <span class='ocrx_word' id='word_1_347' title='bbox 1494 3356 1524 3413; x_wconf 84' lang='grc' dir='ltr'>ει</span> 
     </span>
     <span class='ocr_line' id='line_1_36' title="bbox 161 3437 1522 3519; baseline 0 -17"><span class='ocrx_word' id='word_1_348' title='bbox 161 3450 249 3503; x_wconf 84' lang='lat' dir='ltr'>extra</span> <span class='ocrx_word' id='word_1_349' title='bbox 272 3443 432 3505; x_wconf 87' lang='lat' dir='ltr'>mobilibus</span> <span class='ocrx_word' id='word_1_350' title='bbox 456 3444 576 3506; x_wconf 91' lang='lat' dir='ltr'>orbibus</span> <span class='ocrx_word' id='word_1_351' title='bbox 599 3445 743 3506; x_wconf 87' lang='lat' dir='ltr'>vestitum</span> <span class='ocrx_word' id='word_1_352' title='bbox 768 3454 860 3505; x_wconf 89' lang='lat' dir='ltr'>esset.</span> <span class='ocrx_word' id='word_1_353' title='bbox 907 3445 985 3506; x_wconf 90' lang='lat' dir='ltr'>Nam</span> <span class='ocrx_word' id='word_1_354' title='bbox 1009 3464 1047 3506; x_wconf 82' lang='lat' dir='ltr'>ex</span> <span class='ocrx_word' id='word_1_355' title='bbox 1076 3442 1127 3519; x_wconf 90' lang='grc'>13,</span> <span class='ocrx_word' id='word_1_356' title='bbox 1156 3438 1210 3516; x_wconf 72' lang='lat' dir='ltr'>ld,</span> <span class='ocrx_word' id='word_1_357' title='bbox 1239 3440 1287 3517; x_wconf 82' lang='lat'>15,</span> <span class='ocrx_word' id='word_1_358' title='bbox 1316 3437 1366 3516; x_wconf 79' lang='grc'>16,</span> <span class='ocrx_word' id='word_1_359' title='bbox 1394 3440 1435 3504; x_wconf 87' lang='grc'>17</span> <span class='ocrx_word' id='word_1_360' title='bbox 1459 3437 1522 3504; x_wconf 89' lang='lat' dir='ltr'>libri</span> 
     </span>
     <span class='ocr_line' id='line_1_37' title="bbox 159 3530 1522 3613; baseline -0.003 -21"><span class='ocrx_word' id='word_1_361' title='bbox 159 3530 246 3593; x_wconf 88' lang='lat' dir='ltr'>XIII.</span> <span class='ocrx_word' id='word_1_362' title='bbox 263 3531 398 3594; x_wconf 78' lang='lat' dir='ltr'>Euclidis</span> <span class='ocrx_word' id='word_1_363' title='bbox 421 3533 523 3594; x_wconf 88' lang='lat' dir='ltr'>videre</span> <span class='ocrx_word' id='word_1_364' title='bbox 547 3541 605 3605; x_wconf 86' lang='lat' dir='ltr'>est,</span> <span class='ocrx_word' id='word_1_365' title='bbox 630 3551 719 3613; x_wconf 91' lang='lat' dir='ltr'>quam</span> <span class='ocrx_word' id='word_1_366' title='bbox 743 3530 817 3594; x_wconf 90' lang='lat' dir='ltr'>haec</span> <span class='ocrx_word' id='word_1_367' title='bbox 841 3552 966 3613; x_wconf 90' lang='lat' dir='ltr'>corpora</span> <span class='ocrx_word' id='word_1_368' title='bbox 990 3543 1099 3595; x_wconf 89' lang='lat' dir='ltr'>natura</span> <span class='ocrx_word' id='word_1_369' title='bbox 1123 3553 1179 3593; x_wconf 92' lang='lat' dir='ltr'>sua</span> <span class='ocrx_word' id='word_1_370' title='bbox 1202 3532 1264 3594; x_wconf 87' lang='lat' dir='ltr'>sint</span> <span class='ocrx_word' id='word_1_371' title='bbox 1287 3540 1363 3611; x_wconf 87' lang='lat' dir='ltr'>apta</span> <span class='ocrx_word' id='word_1_372' title='bbox 1386 3530 1428 3593; x_wconf 88' lang='lat' dir='ltr'>ad</span> <span class='ocrx_word' id='word_1_373' title='bbox 1450 3530 1522 3592; x_wconf 80' lang='lat' dir='ltr'>hanc</span> 
     </span>
     <span class='ocr_line' id='line_1_38' title="bbox 160 3619 1522 3703; baseline 0.001 -23"><span class='ocrx_word' id='word_1_374' title='bbox 160 3619 386 3700; x_wconf 84' lang='lat' dir='ltr'>inscriptionem</span> <span class='ocrx_word' id='word_1_375' title='bbox 410 3630 442 3683; x_wconf 91' lang='lat' dir='ltr'>et</span> <span class='ocrx_word' id='word_1_376' title='bbox 464 3621 779 3700; x_wconf 88' lang='lat' dir='ltr'>circumscriptionem.</span> <span class='ocrx_word' id='word_1_377' title='bbox 828 3621 929 3693; x_wconf 88' lang='lat' dir='ltr'>Quare.</span> <span class='ocrx_word' id='word_1_378' title='bbox 959 3623 984 3684; x_wconf 92' lang='lat' dir='ltr'>si</span> <span class='ocrx_word' id='word_1_379' title='bbox 1016 3623 1144 3703; x_wconf 92' lang='lat' dir='ltr'>quinque</span> <span class='ocrx_word' id='word_1_380' title='bbox 1173 3640 1301 3701; x_wconf 88' lang='lat' dir='ltr'>corpora</span> <span class='ocrx_word' id='word_1_381' title='bbox 1323 3619 1522 3683; x_wconf 80' lang='lat' dir='ltr'>mediantibus</span> 
     </span>
     <span class='ocr_line' id='line_1_39' title="bbox 160 3709 1521 3786; baseline 0.001 -17"><span class='ocrx_word' id='word_1_382' title='bbox 160 3720 192 3770; x_wconf 90' lang='lat' dir='ltr'>et</span> <span class='ocrx_word' id='word_1_383' title='bbox 225 3709 435 3772; x_wconf 84' lang='lat' dir='ltr'>claudentibus</span> <span class='ocrx_word' id='word_1_384' title='bbox 470 3711 591 3772; x_wconf 91' lang='lat' dir='ltr'>orbibus</span> <span class='ocrx_word' id='word_1_385' title='bbox 625 3712 795 3773; x_wconf 88' lang='lat' dir='ltr'>inserantur</span> <span class='ocrx_word' id='word_1_386' title='bbox 827 3711 884 3772; x_wconf 91' lang='lat' dir='ltr'>sibi</span> <span class='ocrx_word' id='word_1_387' title='bbox 919 3721 1040 3786; x_wconf 89' lang='lat' dir='ltr'>mutuo,</span> <span class='ocrx_word' id='word_1_388' title='bbox 1075 3709 1252 3772; x_wconf 86' lang='lat' dir='ltr'>habebimus</span> <span class='ocrx_word' id='word_1_389' title='bbox 1285 3728 1441 3771; x_wconf 89' lang='lat' dir='ltr'>numerum</span> <span class='ocrx_word' id='word_1_390' title='bbox 1471 3724 1521 3771; x_wconf 78' lang='lat' dir='ltr'>sex</span> 
     </span>
     <span class='ocr_line' id='line_1_40' title="bbox 160 3796 1407 3859; baseline 0.001 -1"><span class='ocrx_word' id='word_1_391' title='bbox 160 3796 285 3859; x_wconf 90' lang='lat' dir='ltr'>orbium.</span> <span class='ocrx_word' id='word_1_392' title='bbox 1167 3840 1170 3845; x_wconf 86' lang='lat'><em>-</em></span> <span class='ocrx_word' id='word_1_393' title='bbox 1400 3840 1407 3847; x_wconf 91' lang='lat'>-</span> 
     </span>
     <span class='ocr_line' id='line_1_41' title="bbox 248 3880 1521 3968; baseline -0.003 -19"><span class='ocrx_word' id='word_1_394' title='bbox 248 3885 337 3957; x_wconf 89' lang='lat' dir='ltr'>Quod</span> <span class='ocrx_word' id='word_1_395' title='bbox 361 3887 387 3950; x_wconf 89' lang='lat' dir='ltr'>si</span> <span class='ocrx_word' id='word_1_396' title='bbox 412 3887 514 3968; x_wconf 81' lang='lat' dir='ltr'>aIIqua</span> <span class='ocrx_word' id='word_1_397' title='bbox 539 3880 639 3948; x_wconf 83' lang='lat' dir='ltr'>m&#39;undi</span> <span class='ocrx_word' id='word_1_398' title='bbox 665 3897 752 3949; x_wconf 91' lang='lat' dir='ltr'>aetas</span> <span class='ocrx_word' id='word_1_399' title='bbox 776 3888 831 3949; x_wconf 90' lang='lat' dir='ltr'>hoc</span> <span class='ocrx_word' id='word_1_400' title='bbox 855 3897 946 3967; x_wconf 92' lang='lat' dir='ltr'>pacto</span> <span class='ocrx_word' id='word_1_401' title='bbox 966 3888 1002 3949; x_wconf 90' lang='lat' dir='ltr'>de</span> <span class='ocrx_word' id='word_1_402' title='bbox 1018 3888 1118 3949; x_wconf 89' lang='lat' dir='ltr'>mundi</span> <span class='ocrx_word' id='word_1_403' title='bbox 1135 3886 1331 3966; x_wconf 86' lang='lat' dir='ltr'>dispositione</span> <span class='ocrx_word' id='word_1_404' title='bbox 1348 3883 1521 3965; x_wconf 83' lang='lat' dir='ltr'>disputarit,</span> 
     </span>
     <span class='ocr_line' id='line_1_42' title="bbox 161 3975 1521 4056; baseline 0.001 -20"><span class='ocrx_word' id='word_1_405' title='bbox 161 3983 193 4036; x_wconf 89' lang='lat' dir='ltr'>ut</span> <span class='ocrx_word' id='word_1_406' title='bbox 217 3996 271 4038; x_wconf 86' lang='lat' dir='ltr'>sex</span> <span class='ocrx_word' id='word_1_407' title='bbox 301 3977 389 4039; x_wconf 89' lang='lat' dir='ltr'>orbes</span> <span class='ocrx_word' id='word_1_408' title='bbox 419 3985 547 4056; x_wconf 89' lang='lat' dir='ltr'>poneret</span> <span class='ocrx_word' id='word_1_409' title='bbox 575 3975 701 4038; x_wconf 89' lang='lat' dir='ltr'>mobiles</span> <span class='ocrx_word' id='word_1_410' title='bbox 727 3977 808 4038; x_wconf 88' lang='lat' dir='ltr'>circa</span> <span class='ocrx_word' id='word_1_411' title='bbox 832 3975 935 4038; x_wconf 89' lang='lat' dir='ltr'>Solem</span> <span class='ocrx_word' id='word_1_412' title='bbox 968 3975 1167 4051; x_wconf 90' lang='lat' dir='ltr'>immobilem,</span> <span class='ocrx_word' id='word_1_413' title='bbox 1202 3976 1255 4037; x_wconf 90' lang='lat' dir='ltr'>illa</span> <span class='ocrx_word' id='word_1_414' title='bbox 1287 3975 1390 4055; x_wconf 92' lang='lat' dir='ltr'>utique</span> <span class='ocrx_word' id='word_1_415' title='bbox 1424 3990 1521 4037; x_wconf 78' lang='lat' dir='ltr'>veram</span> 
     </span>
     <span class='ocr_line' id='line_1_43' title="bbox 160 4062 1520 4147; baseline 0 -22"><span class='ocrx_word' id='word_1_416' title='bbox 160 4065 374 4127; x_wconf 88' lang='lat' dir='ltr'>astronomiam</span> <span class='ocrx_word' id='word_1_417' title='bbox 397 4064 534 4127; x_wconf 89' lang='lat' dir='ltr'>tradidit.</span> <span class='ocrx_word' id='word_1_418' title='bbox 581 4064 697 4147; x_wconf 83' lang='lat' dir='ltr'>Atqui</span> <span class='ocrx_word' id='word_1_419' title='bbox 720 4065 899 4144; x_wconf 86' lang='lat' dir='ltr'>ejusmodi</span> <span class='ocrx_word' id='word_1_420' title='bbox 931 4085 995 4127; x_wconf 77' lang='lat' dir='ltr'>sex</span> <span class='ocrx_word' id='word_1_421' title='bbox 1018 4065 1125 4128; x_wconf 91' lang='lat' dir='ltr'>orbes</span> <span class='ocrx_word' id='word_1_422' title='bbox 1150 4065 1263 4126; x_wconf 88' lang='lat' dir='ltr'>habet</span> <span class='ocrx_word' id='word_1_423' title='bbox 1286 4062 1520 4143; x_wconf 85' lang='lat' dir='ltr'>Copernicus,</span> 
     </span>
     <span class='ocr_line' id='line_1_44' title="bbox 160 4150 1521 4234; baseline 0 -21"><span class='ocrx_word' id='word_1_424' title='bbox 160 4172 294 4234; x_wconf 91' lang='lat' dir='ltr'>eosque</span> <span class='ocrx_word' id='word_1_425' title='bbox 319 4154 424 4215; x_wconf 91' lang='lat' dir='ltr'>binos</span> <span class='ocrx_word' id='word_1_426' title='bbox 447 4153 482 4215; x_wconf 91' lang='lat' dir='ltr'>in</span> <span class='ocrx_word' id='word_1_427' title='bbox 507 4153 686 4234; x_wconf 89' lang='lat' dir='ltr'>ejusmodi</span> <span class='ocrx_word' id='word_1_428' title='bbox 711 4152 754 4215; x_wconf 90' lang='lat' dir='ltr'>ad</span> <span class='ocrx_word' id='word_1_429' title='bbox 779 4153 935 4215; x_wconf 91' lang='lat' dir='ltr'>invicem</span> <span class='ocrx_word' id='word_1_430' title='bbox 959 4155 1216 4234; x_wconf 88' lang='lat' dir='ltr'>proportione,</span> <span class='ocrx_word' id='word_1_431' title='bbox 1249 4160 1287 4215; x_wconf 87' lang='lat' dir='ltr'>ut</span> <span class='ocrx_word' id='word_1_432' title='bbox 1310 4153 1400 4214; x_wconf 89' lang='lat' dir='ltr'>haec</span> <span class='ocrx_word' id='word_1_433' title='bbox 1425 4150 1521 4232; x_wconf 88' lang='lat' dir='ltr'>quin·</span> 
     </span>
     <span class='ocr_line' id='line_1_45' title="bbox 160 4242 1522 4325; baseline -0.001 -23"><span class='ocrx_word' id='word_1_434' title='bbox 160 4259 228 4320; x_wconf 89' lang='lat' dir='ltr'>que</span> <span class='ocrx_word' id='word_1_435' title='bbox 257 4260 410 4323; x_wconf 89' lang='lat' dir='ltr'>corpora</span> <span class='ocrx_word' id='word_1_436' title='bbox 439 4244 558 4304; x_wconf 88' lang='lat' dir='ltr'>omnia</span> <span class='ocrx_word' id='word_1_437' title='bbox 589 4242 782 4325; x_wconf 82' lang='lat' dir='ltr'>aptissime</span> <span class='ocrx_word' id='word_1_438' title='bbox 813 4242 1038 4305; x_wconf 77' lang='lat' dir='ltr'>interlocuti</span> <span class='ocrx_word' id='word_1_439' title='bbox 1071 4244 1235 4323; x_wconf 83' lang='lat' dir='ltr'>possiet,</span> <span class='ocrx_word' id='word_1_440' title='bbox 1269 4261 1361 4322; x_wconf 86' lang='lat' dir='ltr'>quae</span> <span class='ocrx_word' id='word_1_441' title='bbox 1392 4256 1522 4304; x_wconf 85' lang='lat' dir='ltr'>summa</span> 
     </span>
     <span class='ocr_line' id='line_1_46' title="bbox 159 4325 1521 4412; baseline 0 -22"><span class='ocrx_word' id='word_1_442' title='bbox 159 4330 234 4392; x_wconf 89' lang='lat' dir='ltr'>erit</span> <span class='ocrx_word' id='word_1_443' title='bbox 256 4349 377 4392; x_wconf 90' lang='lat' dir='ltr'>eorum</span> <span class='ocrx_word' id='word_1_444' title='bbox 408 4349 498 4410; x_wconf 89' lang='lat' dir='ltr'>quae</span> <span class='ocrx_word' id='word_1_445' title='bbox 526 4340 737 4412; x_wconf 90' lang='lat' dir='ltr'>sequuntur.</span> <span class='ocrx_word' id='word_1_446' title='bbox 786 4330 887 4402; x_wconf 85' lang='lat' dir='ltr'>Quare</span> <span class='ocrx_word' id='word_1_447' title='bbox 912 4332 1062 4412; x_wconf 83' lang='lat' dir='ltr'>tantisper</span> <span class='ocrx_word' id='word_1_448' title='bbox 1085 4332 1253 4394; x_wconf 87' lang='lat' dir='ltr'>audiendus</span> <span class='ocrx_word' id='word_1_449' title='bbox 1277 4339 1341 4404; x_wconf 86' lang='lat' dir='ltr'>est,</span> <span class='ocrx_word' id='word_1_450' title='bbox 1367 4332 1439 4393; x_wconf 91' lang='lat' dir='ltr'>dum</span> <span class='ocrx_word' id='word_1_451' title='bbox 1461 4325 1521 4409; x_wconf 80' lang='lat' dir='ltr'>quie</span> 
     </span>
     <span class='ocr_line' id='line_1_47' title="bbox 159 4418 1520 4503; baseline -0.002 -22"><span class='ocrx_word' id='word_1_452' title='bbox 159 4427 213 4481; x_wconf 87' lang='lat' dir='ltr'>aut</span> <span class='ocrx_word' id='word_1_453' title='bbox 236 4419 370 4499; x_wconf 87' lang='lat' dir='ltr'>aptiores</span> <span class='ocrx_word' id='word_1_454' title='bbox 395 4420 433 4481; x_wconf 92' lang='lat' dir='ltr'>ad</span> <span class='ocrx_word' id='word_1_455' title='bbox 457 4420 532 4482; x_wconf 92' lang='lat' dir='ltr'>haec</span> <span class='ocrx_word' id='word_1_456' title='bbox 546 4421 810 4501; x_wconf 87' lang='lat' dir='ltr'>philosoplremata</span> <span class='ocrx_word' id='word_1_457' title='bbox 823 4421 984 4499; x_wconf 88' lang='lat' dir='ltr'>protulerit</span> <span class='ocrx_word' id='word_1_458' title='bbox 997 4422 1190 4503; x_wconf 87' lang='lat' dir='ltr'>hypotheses,</span> <span class='ocrx_word' id='word_1_459' title='bbox 1216 4428 1270 4481; x_wconf 87' lang='lat' dir='ltr'>aut</span> <span class='ocrx_word' id='word_1_460' title='bbox 1292 4420 1439 4493; x_wconf 76' lang='lat' dir='ltr'>docuerit,</span> <span class='ocrx_word' id='word_1_461' title='bbox 1462 4418 1520 4481; x_wconf 83' lang='lat' dir='ltr'>iot·</span> 
     </span>
     <span class='ocr_line' id='line_1_48' title="bbox 128 4507 1522 4590; baseline -0.001 -19"><span class='ocrx_word' id='word_1_462' title='bbox 128 4560 134 4583; x_wconf 82' lang='lat'>,</span> <span class='ocrx_word' id='word_1_463' title='bbox 160 4509 236 4572; x_wconf 88' lang='lat' dir='ltr'>tuito</span> <span class='ocrx_word' id='word_1_464' title='bbox 260 4509 290 4570; x_wconf 92' lang='lat' dir='ltr'>in</span> <span class='ocrx_word' id='word_1_465' title='bbox 321 4527 458 4570; x_wconf 91' lang='lat' dir='ltr'>numeros</span> <span class='ocrx_word' id='word_1_466' title='bbox 488 4518 577 4590; x_wconf 88' lang='lat' dir='ltr'>atque</span> <span class='ocrx_word' id='word_1_467' title='bbox 606 4511 635 4571; x_wconf 92' lang='lat' dir='ltr'>in</span> <span class='ocrx_word' id='word_1_468' title='bbox 668 4518 798 4571; x_wconf 88' lang='lat' dir='ltr'>ruentem</span> <span class='ocrx_word' id='word_1_469' title='bbox 833 4510 958 4571; x_wconf 89' lang='lat' dir='ltr'>hominis</span> <span class='ocrx_word' id='word_1_470' title='bbox 992 4511 1121 4590; x_wconf 82' lang='lat' dir='ltr'>Irrepere</span> <span class='ocrx_word' id='word_1_471' title='bbox 1155 4528 1266 4590; x_wconf 89' lang='lat' dir='ltr'>posse,</span> <span class='ocrx_word' id='word_1_472' title='bbox 1300 4509 1379 4588; x_wconf 92' lang='lat' dir='ltr'>qnod</span> <span class='ocrx_word' id='word_1_473' title='bbox 1413 4507 1522 4588; x_wconf 80' lang='lat' dir='ltr'>optima</span> 
     </span>
     <span class='ocr_line' id='line_1_49' title="bbox 159 4596 1522 4678; baseline -0.003 -17"><span class='ocrx_word' id='word_1_474' title='bbox 159 4599 274 4662; x_wconf 90' lang='lat' dir='ltr'>ratione</span> <span class='ocrx_word' id='word_1_475' title='bbox 300 4617 339 4660; x_wconf 85' lang='lat' dir='ltr'>ex</span> <span class='ocrx_word' id='word_1_476' title='bbox 362 4597 437 4677; x_wconf 88' lang='lat' dir='ltr'>ipsis</span> <span class='ocrx_word' id='word_1_477' title='bbox 461 4607 586 4660; x_wconf 90' lang='lat' dir='ltr'>naturae</span> <span class='ocrx_word' id='word_1_478' title='bbox 617 4598 773 4678; x_wconf 89' lang='lat' dir='ltr'>principiis</span> <span class='ocrx_word' id='word_1_479' title='bbox 804 4599 964 4659; x_wconf 89' lang='lat' dir='ltr'>deductum</span> <span class='ocrx_word' id='word_1_480' title='bbox 990 4606 1047 4660; x_wconf 91' lang='lat' dir='ltr'>est.</span> <span class='ocrx_word' id='word_1_481' title='bbox 1093 4599 1173 4661; x_wconf 86' lang='lat' dir='ltr'>Nam</span> <span class='ocrx_word' id='word_1_482' title='bbox 1205 4599 1274 4677; x_wconf 91' lang='lat' dir='ltr'>quid</span> <span class='ocrx_word' id='word_1_483' title='bbox 1309 4596 1522 4669; x_wconf 86' lang='lat' dir='ltr'>admirabilius,</span> 
     </span>
     <span class='ocr_line' id='line_1_50' title="bbox 160 4685 1522 4771; baseline -0.002 -22"><span class='ocrx_word' id='word_1_484' title='bbox 160 4690 228 4767; x_wconf 86' lang='lat' dir='ltr'>quid</span> <span class='ocrx_word' id='word_1_485' title='bbox 253 4688 292 4750; x_wconf 86' lang='lat' dir='ltr'>ad</span> <span class='ocrx_word' id='word_1_486' title='bbox 317 4687 557 4771; x_wconf 84' lang='lat' dir='ltr'>persuadendum</span> <span class='ocrx_word' id='word_1_487' title='bbox 581 4687 836 4749; x_wconf 86' lang='lat' dir='ltr'>accommodatius</span> <span class='ocrx_word' id='word_1_488' title='bbox 857 4687 915 4749; x_wconf 88' lang='lat' dir='ltr'>dici</span> <span class='ocrx_word' id='word_1_489' title='bbox 940 4696 992 4747; x_wconf 89' lang='lat' dir='ltr'>aut</span> <span class='ocrx_word' id='word_1_490' title='bbox 1016 4688 1087 4767; x_wconf 87' lang='lat' dir='ltr'>fingi</span> <span class='ocrx_word' id='word_1_491' title='bbox 1111 4695 1229 4767; x_wconf 91' lang='lat' dir='ltr'>potest,</span> <span class='ocrx_word' id='word_1_492' title='bbox 1262 4704 1353 4766; x_wconf 90' lang='lat' dir='ltr'>quam</span> <span class='ocrx_word' id='word_1_493' title='bbox 1376 4685 1457 4767; x_wconf 90' lang='lat' dir='ltr'>quod</span> <span class='ocrx_word' id='word_1_494' title='bbox 1478 4703 1522 4757; x_wconf 89' lang='lat' dir='ltr'>ea,</span> 
     </span>
     <span class='ocr_line' id='line_1_51' title="bbox 161 4774 1524 4861; baseline 0.001 -24"><span class='ocrx_word' id='word_1_495' title='bbox 161 4794 237 4855; x_wconf 84' lang='lat' dir='ltr'>quae</span> <span class='ocrx_word' id='word_1_496' title='bbox 252 4775 437 4858; x_wconf 86' lang='lat' dir='ltr'>Copernicus</span> <span class='ocrx_word' id='word_1_497' title='bbox 462 4794 498 4837; x_wconf 86' lang='lat' dir='ltr'>ex</span> <span class='ocrx_word' id='word_1_498' title='bbox 514 4797 715 4854; x_wconf 65' lang='grc' dir='ltr'>φαινομηοις,</span> <span class='ocrx_word' id='word_1_499' title='bbox 739 4796 776 4840; x_wconf 78' lang='lat' dir='ltr'>eu</span> <span class='ocrx_word' id='word_1_500' title='bbox 800 4775 967 4851; x_wconf 78' lang='lat' dir='ltr'>ellectibus,</span> <span class='ocrx_word' id='word_1_501' title='bbox 993 4795 1031 4838; x_wconf 86' lang='lat' dir='ltr'>ex</span> <span class='ocrx_word' id='word_1_502' title='bbox 1054 4776 1282 4860; x_wconf 86' lang='lat' dir='ltr'>posterioribus,</span> <span class='ocrx_word' id='word_1_503' title='bbox 1308 4774 1394 4861; x_wconf 86' lang='lat' dir='ltr'>quasi</span> <span class='ocrx_word' id='word_1_504' title='bbox 1418 4792 1524 4839; x_wconf 74' lang='lat' dir='ltr'>casem</span> 
     </span>
    </p>
   </div>
   <div class='ocr_carea' id='block_1_5' title="bbox 0 0 1688 5482">
    <p class='ocr_par' dir='ltr' id='par_1_8' title="bbox 0 0 1688 5482">
     <span class='ocr_line' id='line_1_52' title="bbox 0 0 1688 5482; baseline 0 0"><span class='ocrx_word' id='word_1_505' title='bbox 0 0 1688 5482; x_wconf 95' lang='lat' dir='ltr'> </span> 
     </span>
    </p>
   </div>
  </div>
 </body>
</html>
