3366 5482
682 241 1002 295 humanitatom
1407 294 1410 299 ,
1458 245 1521 312 109

159 399 380 479 quinquangnlo
405 399 540 472 tertiam,
565 398 730 478 sexangulo
756 407 901 479 quartam.
949 398 1084 482 Cumque
1100 402 1194 464 etiam
1218 402 1297 464 oculi
1320 405 1523 467 reclamarent

158 488 185 549 in
208 488 347 548 secunda
369 487 529 562 distantia,
554 506 630 568 quae
655 495 703 548 est
725 486 805 549 inter
822 487 931 550 Jovem
951 497 984 550 et
998 489 1144 561 Martem,
1168 491 1347 570 quadratum
1368 492 1521 573 triangulo

159 588 188 637 et
210 574 439 656 quinquangulu
462 574 595 655 adjunxi.
642 574 792 637 Infinitum
816 585 864 637 est
887 576 1006 656 singula
1027 579 1177 657 persequi.

243 663 289 725 Et
310 664 380 725 linis
404 662 494 744 hujus
517 663 594 725 irriti
618 672 745 725 conatus
770 663 829 725 fuit
851 663 944 739 idem,
979 665 1029 744 qui
1052 667 1195 745 postremi
1220 674 1251 727 et
1274 667 1371 729 felicis
1394 667 1519 731 initium.

159 752 272 832 Nempe
294 752 447 831 cogitavi,
470 752 527 813 hac
542 751 604 825 via,
630 752 775 831 siquidem
791 751 925 814 ordinem
950 753 1027 814 iuter
1050 755 1162 832 figuras
1179 755 1266 815 velim
1281 773 1416 831 servare,
1441 776 1520 818 nun-

160 860 246 922 quam
272 859 321 902 me
344 849 557 921 perventurum
580 857 675 919 usque
690 841 729 902 ad
744 838 859 913 Solem,
886 859 980 920 neque
995 859 1118 903 causam
1143 841 1328 916 habiturum,
1354 845 1521 923 curpotios

160 930 218 991 sint
241 948 315 1002 sex,
340 947 428 1009 quam
452 928 560 1007 viginti
583 927 630 988 vel
655 937 774 989 centuni
799 929 887 988 orbes
902 930 1038 990 mobiles.
1085 929 1127 990 Et
1141 926 1241 992 tamen
1266 931 1428 1009 placebant
1442 934 1520 1011 figu-

161 1038 222 1092 rae,
248 1025 355 1098 utpote
380 1016 582 1100 quantitates,
607 1024 640 1077 et
662 1036 711 1078 res
736 1017 828 1077 coelis
852 1017 942 1095 prior.
990 1015 1156 1086 Quantitas
1176 1019 1255 1079 enim
1269 1018 1354 1080 initio
1370 1038 1437 1081 cnm
1451 1039 1521 1082 cor-

161 1127 228 1186 pure
260 1103 419 1179 creata⁵);
453 1104 530 1165 coeli
559 1104 656 1166 altero
681 1104 739 1166 die.
788 1102 876 1174 Quod
911 1106 936 1165 si
967 1105 1170 1184 (cogitabam)
1203 1125 1257 1186 pro
1292 1108 1461 1187 quantitate
1491 1118 1523 1169 et

162 1194 353 1275 proportione
380 1213 433 1254 sex
457 1192 621 1266 coelomm,
646 1210 720 1272 quos
745 1193 856 1253 statuit
880 1191 1084 1272 Copemicus,
1117 1195 1244 1273 quinque
1269 1202 1386 1257 tantum
1409 1197 1522 1276 figurae

161 1285 237 1344 inter
259 1282 395 1344 infinitas
419 1280 552 1360 reliquas
576 1281 700 1358 reperiri
725 1289 864 1360 possent,
896 1300 973 1359 quae
1001 1300 1074 1360 prae
1098 1284 1207 1344 ceteris
1235 1284 1404 1361 peculiares
1428 1304 1522 1364 qnas-

162 1372 227 1432 dam
261 1372 466 1451 proprietates
497 1369 657 1441 haberent,
692 1388 729 1429 ex
763 1379 833 1429 voto
866 1387 915 1429 res
948 1378 1040 1431 esset.
1087 1372 1183 1450 Atqui
1211 1390 1325 1432 rursum
1359 1372 1521 1437 instabam.

163 1457 239 1529 Quid
273 1460 386 1537 figurae
416 1456 524 1537 planae
555 1457 634 1516 inter
657 1457 769 1517 solidos
799 1456 912 1516 orbes?
958 1456 1065 1518 Solida
1088 1460 1190 1536 potius
1214 1478 1341 1539 corpora
1364 1460 1521 1522 adeantur.

162 1547 251 1621 licce,
278 1547 389 1619 lector,
415 1546 569 1607 inventum
593 1545 648 1604 hoc
673 1553 705 1605 et
728 1545 885 1606 materiam
909 1547 1003 1607 totius
1019 1546 1104 1624 hujus
1119 1546 1263 1625 opusculi.
1310 1548 1389 1608 Nam
1408 1549 1434 1608 si
1455 1547 1522 1628 quis

163 1636 266 1695 leuiter
298 1633 480 1712 geometriae
510 1633 626 1710 peritus
651 1632 777 1694 totidem
807 1633 905 1693 verbis
930 1644 1101 1706 moneatur,
1136 1634 1179 1695 illi
1211 1634 1316 1695 statim
1349 1635 1378 1696 in
1403 1645 1522 1714 promtu

163 1735 228 1783 sunt
253 1723 384 1803 quinque
408 1721 559 1800 regularia
579 1739 705 1798 corpora
730 1740 794 1781 cnm
819 1722 1011 1799 proportione
1037 1722 1151 1783 orbium
1170 1722 1459 1802 circumscriptorum
1483 1724 1521 1785 ad

163 1811 342 1889 inscriptos:
373 1809 415 1870 illi
440 1807 548 1868 statim
572 1807 609 1867 ob
634 1811 736 1869 oculos
761 1819 898 1868 versatur
922 1810 1055 1883 scholion
1087 1810 1159 1871 illud
1186 1809 1362 1871 Euclideum
1387 1812 1425 1872 ad
1448 1830 1521 1890 pro-

163 1898 341 1978 positionem
371 1893 417 1959 18.
443 1896 492 1957 lib.
522 1893 570 1956 13.
607 1914 663 1974 quo
693 1897 919 1958 demonstratur
947 1897 1131 1975 impossibile
1165 1917 1248 1972 esse,
1283 1907 1316 1959 ut
1346 1899 1433 1978 plura
1461 1901 1523 1961 sint

165 1995 210 2048 aut
234 1987 446 2065 excogitentur
476 1983 627 2062 regularia
650 2003 777 2063 corpora
802 2003 890 2065 quam
914 1983 1051 2064 quinque.
1100 1984 1162 2046 Res
1192 1984 1389 2048 admiratione
1420 1987 1520 2066 digua,

166 2095 224 2138 cum
250 2075 382 2137 nondum
406 2081 560 2134 constaret
584 2073 657 2132 inihi
681 2073 717 2132 de
742 2073 926 2151 singulorum
950 2091 1105 2153 corporum
1125 2075 1346 2153 praerogativis
1362 2075 1391 2136 in
1407 2076 1521 2149 ordine,

169 2184 246 2226 usum
269 2182 317 2224 me
342 2161 463 2223 minime
488 2169 598 2238 arguta
621 2161 795 2238 conjectura
824 2180 860 2221 ex
884 2162 964 2222 notis
986 2163 1176 2240 planetarum
1203 2162 1357 2224 distantiis
1381 2163 1522 2239 deducta,

169 2253 235 2314 adeo
260 2251 391 2313 feliciter
414 2267 536 2327 scopum
561 2248 698 2326 tetigisse
723 2249 752 2309 in
778 2250 881 2310 ordine
905 2268 1074 2328 corporum,
1110 2259 1144 2310 ut
1166 2250 1239 2312 nihil
1264 2251 1293 2311 in
1318 2251 1377 2312 illis
1402 2258 1520 2329 postea,

171 2360 226 2401 cum
254 2338 414 2419 exquisitis
444 2355 564 2416 agerem
593 2336 774 2408 rationibus,
808 2337 964 2398 immutare
993 2337 1151 2415 potuerim.
1199 2339 1247 2399 Ad
1282 2339 1324 2399 rei
1349 2340 1520 2401 memoriam

174 2428 278 2491 ascribo
308 2426 362 2488 tibi
387 2425 589 2498 seutentiam,
623 2425 667 2484 ita
691 2427 732 2485 uti
758 2425 875 2496 incidit,
909 2433 941 2485 et
965 2444 999 2485 eo
1033 2434 1182 2487 momentu
1205 2427 1305 2487 verbis
1334 2435 1519 2506 conceptam.

177 2517 277 2587 ,Terra
300 2523 349 2574 est
368 2514 496 2575 circulus
511 2531 630 2573 mensor
644 2511 823 2585 omuium¹):
847 2513 891 2574 illi
914 2514 1124 2574 circumscribe
1139 2515 1368 2576 dodecaddrou:
1393 2515 1521 2577 circulus

177 2604 219 2665 huc
241 2601 496 2682 comprehendens
514 2600 578 2665 erit
601 2602 695 2663 Mars.
742 2601 835 2661 Marti
860 2600 1073 2662 circumscribe
1093 2602 1284 2664 tetraedron:
1315 2604 1442 2665 circulus
1465 2605 1521 2665 hoc

181 2691 416 2772 comprehendens
440 2689 499 2750 erit
520 2688 650 2766 Jupiter.
699 2689 769 2749 Jovi
794 2689 1002 2750 circumscribe
1026 2690 1152 2752 cubum:
1184 2691 1312 2752 circulus
1337 2693 1412 2753 hunc
1437 2711 1520 2754 com-

182 2781 350 2856 prehendens
375 2778 433 2838 erit
456 2776 615 2838 Saturnus.
662 2775 733 2837 Jarn
758 2777 870 2838 Terrae
903 2778 1036 2838 inscribe
1061 2778 1257 2839 icosaddrou:
1290 2779 1334 2840 illi
1362 2779 1523 2858 inscriptus

185 2867 290 2931 circulus
314 2866 373 2928 erit
396 2867 512 2927 Venus.
562 2864 673 2924 Veneri
698 2864 828 2927 inscribe
852 2866 1037 2927 octaedron:
1063 2866 1105 2928 illi
1130 2867 1291 2946 inscriptus
1315 2868 1442 2929 circulus
1466 2869 1525 2929 erit

187 2955 362 3018 llercurius.“
408 2954 512 3016 Habes
536 2952 683 3013 rationem
709 2954 822 3015 numeri
845 2955 1044 3033 planetarum.

253 3047 335 3106 Haec
360 3043 479 3104 occasio
505 3051 536 3102 et
559 3060 716 3102 successus
740 3043 828 3121 hujus
853 3042 975 3104 laboris.
1023 3042 1103 3115 Vide
1137 3061 1213 3103 nnnc
1247 3041 1338 3103 etiam
1367 3061 1464 3104 meum
1497 3043 1525 3104 in

189 3128 229 3190 hoc
248 3134 318 3194 libro
342 3131 540 3212 propositum.
588 3128 630 3190 Et
653 3130 772 3209 quidem
796 3141 938 3211 quantam
966 3150 1004 3191 ex
1037 3130 1209 3191 inventione
1239 3131 1425 3209 voluptatem
1453 3150 1525 3210 per-

191 3222 310 3297 ceperim,
343 3238 493 3300 nunquam
524 3217 623 3279 verbis
653 3236 840 3296 expressero.
887 3219 955 3281 Non
981 3238 1027 3280 me
1051 3219 1160 3297 perditi
1185 3220 1329 3297 temporis
1352 3219 1528 3298 poenitebat

120 3354 123 3373 .
193 3310 300 3386 anplius,
326 3329 383 3369 non
407 3316 579 3386 pertaesum
603 3315 652 3368 est
676 3307 797 3387 laboris,
823 3307 979 3367 molestias
1004 3307 1112 3368 calculi
1137 3307 1235 3368 nullas
1259 3306 1437 3386 subterfugi,
1462 3307 1528 3369 dies

193 3406 326 3479 nucesque
351 3396 551 3475 computando
575 3395 744 3456 consumsi:
770 3397 865 3456 donec
880 3413 1042 3469 cernerem,
1068 3403 1166 3457 utrum
1180 3403 1326 3473 concepta
1340 3395 1440 3457 verbis
1456 3415 1528 3457 sen-

194 3486 264 3546 tentia
284 3506 349 3548 cum
367 3484 526 3566 Cepernici
546 3483 666 3544 orbibus
691 3484 886 3558 consentiret,
912 3503 949 3544 au
976 3503 1046 3545 vero
1070 3485 1184 3545 ferrent
1207 3503 1275 3545 mea
1298 3484 1409 3563 gaudia
1432 3483 1526 3545 venti.

195 3562 258 3634 Quod
277 3575 302 3636 si
326 3593 399 3648 rem,
425 3572 467 3634 uti
492 3592 559 3633 esse
583 3571 736 3649 putabam,
764 3572 1027 3652 deprehenderem,
1051 3581 1155 3634 votum
1178 3573 1244 3633 Deo
1261 3572 1333 3652 Opt.
1349 3572 1432 3634 Max.
1457 3572 1525 3647 feci,

120 3724 122 3741 ,
195 3670 226 3716 isse
244 3664 330 3741 prima
355 3662 514 3724 occasione
538 3661 594 3721 huc
618 3660 794 3721 admirabile
824 3680 896 3721 suae
926 3660 1095 3740 sapientiae
1119 3662 1268 3740 specimen
1293 3659 1419 3739 publicis
1444 3662 1526 3740 typis

195 3740 250 3812 iuer
272 3752 406 3813 homines
436 3749 678 3811 enunciaturum:
713 3756 746 3810 nt
778 3749 913 3828 quamvis
948 3768 1042 3830 neque
1072 3750 1146 3810 haec
1176 3749 1362 3829 undiquaque
1387 3748 1527 3810 absoluta

196 3830 245 3911 sint,
264 3849 292 3901 et
315 3841 394 3903 forte
418 3846 535 3900 restent
557 3837 709 3910 nonnulla,
735 3856 811 3917 quae
835 3857 873 3897 ex
896 3837 943 3898 his
967 3839 1063 3899 fluant
1084 3838 1249 3916 principiis,
1273 3855 1395 3916 quorum
1419 3837 1527 3898 iuven-

194 3919 277 3990 tiouem
291 3929 363 3990 mihi
379 3944 534 3989 reservare
548 3944 684 4004 possem:
710 3936 810 3986 tamen
835 3926 896 3998 alii,
922 3927 971 4005 qni
995 3926 1098 3987 valent
1121 3925 1249 4004 ingenio,
1276 3943 1362 4003 qnam
1387 3925 1525 4003 plurima,

195 4009 463 4078 adillustrariouem
481 4013 606 4077 nominis
622 4012 724 4086 divini,
749 4014 844 4091 primu
869 4032 983 4094 quoque
1008 4023 1142 4093 tempore
1162 4014 1254 4091 juxta
1277 4031 1324 4073 me
1347 4015 1526 4093 proferrent,

192 4102 334 4168 etlauuem
350 4103 574 4185 sapientissimo
591 4100 729 4163 Creatori
745 4121 801 4163 uno
826 4121 876 4163 ore
901 4102 1082 4164 accinereut.
1118 4099 1194 4163 Cum
1216 4100 1308 4181 igitur
1330 4102 1435 4179 paucis
1457 4110 1528 4181 post

192 4185 273 4254 diebus
296 4214 343 4255 res
367 4193 564 4266 succederet,
598 4199 689 4269 atque
713 4208 769 4268 ego
793 4190 1063 4268 deprehenderem,
1100 4209 1189 4270 quam
1212 4197 1282 4268 apte
1306 4207 1395 4251 unum
1419 4208 1528 4269 corpus

189 4285 244 4346 pust
263 4283 342 4344 alind
366 4282 444 4342 inter
468 4299 538 4341 suos
562 4278 702 4357 planetas
728 4279 856 4351 sederet,
882 4286 1036 4357 totumque
1056 4277 1209 4356 negotium
1233 4278 1262 4338 in
1288 4278 1413 4338 formam
1436 4297 1528 4357 prae-

191 4369 266 4429 sentis
287 4370 423 4451 opusculi
445 4367 628 4447 redigerem:
654 4373 744 4445 atque
768 4365 798 4426 id
823 4366 985 4427 Maestliuo
1010 4366 1121 4427 celebri
1145 4366 1358 4427 mathematico
1382 4367 1528 4444 probare-

191 4453 242 4516 tur:
269 4457 430 4539 intelligis,
461 4456 555 4516 amice
579 4456 708 4528 Lector,
738 4473 784 4515 me
809 4454 871 4514 voti
896 4473 996 4526 reum,
1027 4473 1122 4532 neque
1146 4473 1236 4533 posse
1260 4472 1371 4514 morem
1396 4453 1527 4534 satyrico

191 4552 289 4621 gerere,
314 4548 364 4626 qui
388 4565 498 4607 nonum
520 4543 550 4604 in
575 4561 683 4603 anuum
703 4541 793 4620 jubet
817 4542 910 4602 libros
935 4541 1080 4604 detinere.

261 4636 340 4696 llaec
364 4655 424 4695 uua
447 4653 540 4694 causa
564 4640 612 4693 est
636 4648 721 4692 meae
744 4631 974 4691 maturationis:
1005 4630 1054 4691 cui
1081 4637 1115 4690 ut
1138 4647 1254 4690 omnem
1278 4628 1333 4689 tibi
1358 4625 1529 4704 scrupulum

194 4714 292 4785 sinistre
314 4721 489 4806 suspicandi
512 4720 642 4796 eximam
656 4716 701 4792 ¹¹),
725 4718 804 4780 addo
828 4718 933 4780 lubens
957 4725 989 4779 et
1012 4717 1156 4793 alteram,
1185 4723 1217 4777 et
1239 4717 1333 4777 recito
1356 4714 1425 4792 tibi,
1455 4714 1530 4781 illud
