3366 5482
163 206 231 275 ale
715 207 837 275 spongo
854 205 978 270 tychonis

164 369 351 433 confundens
375 386 429 428 nec
453 367 616 429 intervalla
638 366 841 446 distinguens,
871 366 956 428 nobis
980 366 1143 429 deridiculo
1168 367 1225 430 fuit
1256 368 1452 432 exclamans:
1477 370 1539 437 mi-

163 457 306 532 raculum,
332 455 440 519 bovem
454 457 664 535 multipedem!
711 456 780 518 Non
804 476 877 516 sane
901 457 997 535 major
1021 465 1070 519 est
1092 457 1148 517 hoc
1169 457 1234 518 loco
1249 457 1379 521 Patricii
1404 459 1536 537 sapien·

163 547 224 621 tia,
259 546 328 606 dum
350 545 492 624 planetas
515 544 595 606 inter
616 545 707 619 fixas,
737 544 780 605 ita
802 552 835 605 ut
859 544 945 606 nobis
970 553 1112 624 apparet,
1148 564 1253 607 cursus
1278 566 1351 609 suos
1385 565 1540 628 peragere

163 633 329 698 contendit.
426 653 430 658 ’
508 659 510 662 ·

251 724 317 784 Hoc
340 722 442 801 itaque
465 721 598 784 Patricio
623 722 734 782 dictum
759 729 833 796 esto,
859 721 925 783 vias
949 721 1139 801 planetarum
1168 731 1354 802 apparentes
1379 733 1411 785 et
1436 723 1540 786 histo-

161 812 238 875 riam
261 817 394 873 motuum
419 810 502 871 libris
525 829 671 889 promere,
697 811 898 872 astronomiae
922 809 1111 889 potissimum
1135 811 1331 873 mechanicae
1357 821 1390 874 et
1414 813 1537 892 practi-

163 920 217 964 cae
236 906 355 980 partem
370 919 454 960 esse:
480 899 545 960 vias
564 918 635 960 vero
651 919 737 960 veras
762 908 793 959 et
808 900 953 979 genuinas
969 898 1111 972 invenire,
1137 918 1212 978 opus
1235 920 1304 961 esse
1326 902 1540 964 astronomiae

163 987 416 1067 contemplativae
441 988 568 1061 (fmstra
592 987 743 1049 Osiandro
767 997 798 1049 et
821 988 954 1050 Patricio
978 988 1246 1062 reclamantibus):
1272 999 1306 1051 at
1325 990 1440 1064 dicere,
1468 992 1539 1072 qui-

163 1080 220 1141 bus
244 1077 363 1139 circulis
388 1083 419 1136 et
443 1076 528 1138 lineis
554 1076 754 1156 depingantur
778 1076 805 1138 in
830 1094 943 1158 papyro
960 1076 1105 1155 imagines
1126 1077 1229 1156 justae
1251 1098 1394 1141 verorum
1415 1079 1538 1142 illorum

164 1173 307 1240 motuum,
332 1166 371 1226 ad
396 1165 539 1227 inferiora
562 1173 783 1244 geometrarum
809 1165 953 1226 subsellia
966 1165 1127 1244 pertinere.
1175 1165 1261 1227 Haec
1277 1168 1327 1246 qui
1342 1168 1537 1248 distinguere

164 1254 319 1328 didicerit,
344 1255 370 1316 is
395 1253 483 1315 facile
507 1274 574 1315 sese
599 1274 618 1314 a
640 1254 857 1315 somniantibus
881 1255 1101 1315 abstractarum
1126 1256 1287 1317 formarum
1310 1257 1538 1336 captatoribus,

162 1342 213 1426 qui
243 1342 401 1404 materiam
431 1345 508 1414 (rem
539 1362 628 1403 unam
657 1350 689 1403 et
713 1343 808 1404 solam
838 1351 909 1420 post
933 1343 1046 1415 Deum)
1077 1343 1165 1405 nimis
1189 1363 1294 1405 secure
1323 1354 1538 1418 contemnunt,

76 1500 78 1504 μ
166 1451 327 1512 eommque
351 1431 529 1511 importunis
554 1431 749 1511 sophismatis
774 1432 924 1511 expediet.
972 1432 1074 1510 Atque
1098 1433 1172 1493 baec
1189 1432 1323 1495 Patricio
1347 1435 1537 1514 respondere

166 1521 257 1596 volui,
282 1516 445 1600 propterea
468 1521 545 1599 quod
572 1521 648 1582 Urso
674 1527 704 1580 et
725 1519 875 1581 Osiandro
899 1519 1069 1581 errantibus
1093 1520 1123 1581 in
1140 1520 1317 1600 quibusdam
1333 1524 1534 1604 suffragatur.

166 1611 217 1673 Ad
239 1611 351 1673 Ursum
375 1609 476 1671 redeo.

124 1712 128 1726 ·
251 1698 416 1761 Undecimo
441 1698 547 1770 Ursus,
573 1704 606 1757 ut
628 1696 748 1774 penitus
771 1705 946 1775 prosternat
969 1697 1186 1758 astronomiam
1210 1698 1305 1759 nostri
1330 1700 1436 1773 seculi,
1465 1701 1536 1763 lau-

163 1789 217 1852 dat
241 1787 404 1868 antiquam,
431 1806 511 1849 more
537 1786 724 1866 querulorum
749 1805 851 1847 senum
881 1794 935 1848 aut
962 1785 988 1845 si
1013 1786 1091 1865 quod
1115 1787 1197 1848 aliud
1222 1795 1270 1849 est
1300 1808 1397 1867 genus
1431 1789 1535 1853 homi-

163 1897 231 1940 uum
255 1877 515 1955 desperabuudum
540 1883 571 1936 et
595 1874 851 1937 melancholicum.
898 1875 961 1937 Sed
985 1883 1016 1935 et
1035 1883 1213 1954 argumento
1234 1877 1329 1938 utitur
1353 1898 1392 1939 ex
1416 1880 1536 1958 optima

162 1974 196 2029 ut
217 1975 291 2046 puto
316 1965 431 2026 forma:
463 1965 638 2045 pleraeque,
672 1963 780 2042 inquit,
812 1971 894 2025 artes
918 1964 988 2025 olim
1013 1965 1210 2042 perfectiores
1236 1967 1333 2041 fuere,
1364 1968 1529 2042 medicina,

162 2055 285 2128 musica,
305 2053 449 2122 oratoria,
475 2053 576 2132 quidni
600 2059 632 2111 et
655 2053 858 2113 astronomia?
904 2054 950 2114 De
969 2052 1118 2114 medicina
1132 2054 1311 2117 Thessalica
1332 2065 1424 2117 sunto
1445 2077 1532 2132 sane,

162 2143 211 2224 qui
235 2142 364 2203 divinius
389 2141 499 2221 aliquid
524 2139 704 2217 concipiant,
730 2159 818 2219 quam
844 2161 880 2202 ex
904 2142 1032 2204 residuis
1056 2143 1255 2204 monumentis
1279 2153 1428 2223 apparet:
1460 2154 1533 2208 suut

162 2231 296 2294 vicissim
320 2249 380 2290 non
404 2229 527 2290 minoris
542 2228 668 2289 nominis
694 2237 842 2305 auctores,
866 2232 1022 2293 Feruelius
1038 2239 1070 2293 et
1086 2232 1153 2306 alii,
1181 2232 1228 2312 qui
1252 2234 1321 2312 plus
1345 2242 1453 2296 nostro
1478 2255 1531 2296 se-

160 2320 227 2385 culo
257 2319 394 2382 tribuunt
429 2317 535 2396 majori
572 2316 839 2389 verisimilitudine.
894 2321 940 2381 De
969 2320 1084 2382 musica
1110 2319 1255 2399 judicium
1279 2323 1347 2384 fert
1369 2324 1471 2386 Ursus
1496 2345 1534 2387 ex

161 2417 286 2484 eventu,
320 2407 452 2487 quinon
477 2414 526 2468 est
553 2407 600 2467 vel
624 2406 652 2467 in
677 2406 752 2468 artis
776 2409 823 2471 vel
848 2409 878 2469 in
903 2409 1026 2470 artificis
1049 2418 1215 2487 potestate.
1265 2409 1383 2485 Credo,
1419 2415 1532 2476 multos

160 2496 303 2561 admirari
327 2504 464 2558 vetemm
491 2496 635 2558 musicam
664 2515 720 2556 non
751 2498 841 2558 aliam
866 2498 903 2558 ob
928 2517 1065 2572 causam,
1101 2518 1189 2579 quam
1215 2500 1285 2578 quia
1309 2500 1410 2580 qualis
1441 2503 1533 2565 fuerit

159 2588 310 2666 ignorant.
359 2584 475 2656 Quibus
506 2603 578 2664 ego,
612 2585 637 2647 si
660 2585 743 2646 Deus
767 2587 862 2648 vitam
895 2587 1082 2648 concesserit
1117 2607 1170 2649 nec
1203 2588 1297 2648 otium
1328 2590 1475 2665 defuerit,
1502 2592 1530 2652 in

159 2673 394 2738 Harmonicis
429 2675 503 2736 meis
536 2675 761 2747 demonstrabo,
792 2684 904 2757 quanto
937 2676 1099 2737 intervallo
1128 2686 1216 2739 vetus
1244 2678 1362 2739 musica
1393 2688 1531 2742 nostram

159 2771 315 2845 sequatur.
362 2762 451 2834 Quod
475 2772 574 2824 autem
599 2764 738 2825 clamitat
752 2765 858 2839 Ursus,
884 2765 972 2826 hodie
996 2784 1053 2825 nou
1079 2785 1146 2826 esse
1171 2774 1289 2827 tantum
1313 2768 1448 2829 musices
1473 2771 1530 2832 im-

159 2852 275 2934 perium
298 2853 326 2914 in
352 2853 479 2933 animos,
505 2851 534 2913 id
559 2851 687 2934 Scythes
712 2852 776 2926 ille,
802 2873 896 2932 aeque
922 2855 1079 2933 antiquus,
1098 2853 1229 2916 'hinnitu
1254 2856 1323 2935 equi
1351 2857 1398 2917 sui
1424 2861 1529 2939 (quem

161 2941 292 3024 optimae
317 2942 487 3004 cautilenae
510 2942 663 3021 praeferre
679 2942 811 3013 solebat)
837 2942 924 3004 facile
940 2945 1062 3005 refutat.
1110 2943 1221 3004 Rarius
1241 2945 1446 3008 audiebantur
1461 2947 1531 3009 boui

163 3040 319 3104 cantores,
349 3050 425 3104 vox,
455 3040 488 3093 ut
514 3031 543 3091 in
568 3031 732 3092 comoediis
763 3039 794 3092 et
822 3032 986 3111 tragoediis
1016 3033 1060 3093 sic
1088 3032 1118 3093 in
1146 3040 1238 3094 cantu
1268 3053 1530 3117 quorsumcunque

157 3121 379 3195 inflammatur,
406 3120 507 3181 sensui
534 3119 689 3181 verborum
714 3120 886 3199 aptabatur,
912 3122 1037 3199 tempori
1055 3130 1087 3182 et
1113 3122 1252 3200 personis
1277 3130 1309 3184 et
1332 3123 1410 3197 loco,
1437 3126 1532 3186 verba

159 3210 259 3281 clara,
293 3208 457 3271 articulata
487 3218 518 3270 et
540 3209 720 3282 vernacula;
754 3227 864 3288 magna
887 3211 988 3289 gentis
1013 3209 1151 3271 Graecae
1182 3211 1344 3285 mollities,
1381 3232 1532 3293 personae

160 3316 275 3380 quoque
291 3297 514 3380 cytharistriae,
538 3297 692 3377 psaltriae,
720 3298 840 3371 Lesbia,
869 3298 991 3378 Sappho
1017 3300 1063 3360 vel
1090 3299 1221 3377 lapidem
1241 3301 1402 3364 moverint.
1443 3301 1532 3374 Quae

160 3388 261 3450 omuia
285 3387 365 3449 etsi
389 3387 458 3467 quid
483 3387 562 3448 aliud
589 3386 646 3447 fnit
671 3387 749 3465 apud
770 3395 890 3448 veteres
906 3389 1056 3459 decorum,
1080 3389 1169 3449 hodie
1185 3408 1302 3469 quoque
1322 3390 1437 3453 imitari
1455 3410 1532 3471 pos-

161 3496 283 3540 sumus:
318 3496 372 3537 uec
401 3495 551 3557 nunquam
580 3475 739 3536 imitamur.
787 3476 933 3538 Nostrum
960 3496 1031 3538 vero
1065 3477 1221 3539 artificium
1252 3478 1407 3541 veteribus
1441 3483 1532 3559 plane

161 3565 220 3629 fuit
247 3565 440 3645 incognitum.
489 3564 549 3627 Sed
579 3565 665 3644 plura
694 3585 747 3625 suo
777 3566 851 3628 loco.
898 3565 944 3625 De
970 3567 1102 3628 oratoria
1130 3585 1187 3627 non
1218 3568 1378 3629 contendo.
1429 3569 1533 3631 Causa

160 3663 263 3718 tamen
288 3674 398 3734 magna
421 3663 469 3715 est
493 3654 521 3715 in
546 3662 655 3714 natura
679 3663 710 3715 et
733 3656 865 3715 moribus
889 3655 998 3733 gentis,
1024 3675 1099 3736 quae
1116 3655 1294 3718 mollissima
1320 3658 1410 3720 facile
1436 3659 1533 3720 cuivis

161 3744 291 3808 cedebat
315 3744 446 3818 affectui,
472 3743 585 3823 gloriae
611 3762 680 3805 vero
706 3743 909 3828 cupidissima,
935 3744 964 3804 id
989 3745 1053 3824 ejus
1073 3744 1286 3822 adipiscendae
1311 3767 1406 3809 causa
1432 3748 1532 3810 facere

162 3852 220 3896 uon
246 3833 406 3908 dubitarit,
432 3833 509 3912 quod
535 3840 635 3893 tamen
660 3833 721 3894 illis
737 3832 898 3905 laudabile,
922 3833 1010 3893 hodie
1032 3835 1109 3912 apud
1125 3853 1228 3894 omnes
1243 3845 1352 3914 gentes
1368 3837 1532 3898 detestan-

164 3921 235 3985 dum
260 3931 318 3993 est,
342 3931 375 3984 ut
399 3922 464 4003 quis
489 3922 546 3983 sibi
572 3920 628 4001 ipsi
653 3921 802 3982 violentas
829 3942 933 3983 manus
959 3924 1075 3985 aflerat.
1122 3923 1168 3983 De
1184 3925 1371 3987 astronomia
1394 3945 1467 3987 vero
1483 3946 1532 3988 res

162 4012 207 4075 ita
229 4013 314 4075 clara
337 4020 394 4088 est,
420 4021 453 4073 ut
476 4012 547 4073 nihil
572 4029 673 4089 supra.
723 4010 855 4071 Veniant
879 4019 1025 4092 quotquot
1051 4012 1166 4073 suntin
1182 4012 1304 4093 Europa
1322 4014 1413 4094 periti
1433 4035 1531 4079 rerum

163 4102 463 4178 mathematicarum:
488 4122 546 4163 non
571 4100 730 4162 habiturus
755 4099 796 4160 sit
818 4101 915 4163 Ursus
939 4101 986 4161 vel
1010 4121 1113 4176 onum,
1148 4101 1198 4180 qui
1222 4102 1276 4165 hoc
1304 4104 1347 4165 illi
1373 4105 1531 4183 largiatur,

161 4191 372 4274 perfectiorem
402 4191 496 4252 fuisse
521 4199 655 4252 retemm
681 4190 906 4251 astronomiam.
953 4189 1060 4268 ltaque
1090 4191 1193 4269 quanti
1218 4190 1260 4253 sit
1287 4193 1475 4276 faciendum,
1506 4194 1531 4256 si

162 4278 230 4360 quis
252 4287 391 4360 praestet
415 4283 493 4359 quod
517 4278 671 4359 pollicitus
696 4288 745 4340 est
768 4279 875 4353 Ursus,
900 4296 942 4338 sc.
969 4278 1190 4341 restitutionem
1211 4283 1418 4345 astronomiae
1442 4292 1530 4345 vete·
1590 4349 1595 4354 ,

162 4368 219 4444 ris,
254 4366 464 4431 consideratus
495 4371 591 4430 lector
625 4377 759 4429 censeto.
807 4368 892 4429 Haec
921 4368 1084 4447 praecipua
1113 4369 1210 4443 fuere,
1244 4389 1320 4450 quae
1349 4372 1406 4433 boc
1435 4373 1530 4452 primo

162 4457 263 4538 capite
287 4458 324 4518 de
348 4465 457 4518 natura
479 4457 691 4540 hypothesium
717 4456 897 4519 dicerentur.

749 4700 939 4713 m-
