3366 5482
168 288 216 355 aa
771 288 933 338 assemsum.

172 463 266 501 uuum
284 453 343 497 ante
362 446 485 497 Chrhtssm
502 452 607 503 numm,
636 452 695 495 aute
720 445 783 496 haec
811 454 897 495 nostra
921 446 1007 497 secula
1027 442 1095 494 tart
1115 447 1200 505 annis,
1220 461 1250 495 es
1267 445 1413 497 Ptolemaeo
1430 446 1473 496 lib.
1492 445 1536 495 ill.

172 514 257 583 cap.2
276 518 434 568 manifestum
454 516 516 568 est.“
555 514 595 576 (ln
614 516 721 566 editione
740 516 879 583 Almegesti
897 517 1040 567 Venetiana
1059 532 1082 566 a.
1105 515 1173 566 1515
1192 517 1248 566 lolio
1268 514 1324 578 28.)

245 586 470 648 „Mathematicus“
490 589 531 652 qui
549 585 678 636 Heruarto
705 590 856 636 sententiam
884 603 955 637 suam
979 588 1009 637 de
1028 587 1160 637 Prodromo
1178 588 1320 651 perscripsit
1339 584 1430 650 (comp.
1448 582 1537 650 pil),

171 658 339 711 iohannes
356 658 545 708 Praetorius
563 658 625 712 luit,
643 659 764 720 professor
781 666 834 707 tum
853 662 969 722 temporis
987 658 1129 707 matheseos
1154 660 1178 707 in
1206 658 1337 708 academia
1355 656 1495 707 Altorfiaua
1512 666 1539 707 et
1567 660 1576 677 “

173 736 328 781 astronomus
345 730 389 781 ¹rei
407 729 521 793 publicae
539 727 751 793 licrimbergensis
776 728 820 789 (ob
837 744 926 779 munus
952 732 997 793 ipsi
1023 729 1169 778 mandatum
1193 727 1363 779 conscribendi
1389 726 1539 778 Celenderis

172 798 370 862 suuiremaria),
395 801 436 865 qui
464 813 549 864 pamm
576 799 674 863 quidem
699 801 807 849 innotuit
832 802 975 863 conscriptis
1001 800 1067 849 libris
1090 799 1288 856 mathematicis,
1315 812 1466 865 quamquam
1481 812 1537 863 per·

167 871 252 921 'multa
276 871 374 937 reliquit
397 871 567 934 manuscripta
591 868 623 918 ad
645 871 769 919 mathesin
793 873 1016 935 astronomiamque
1045 871 1196 934 pertinentia
1227 868 1318 934 (comp.
1346 869 1538 933 Doppelmaier:

175 940 248 1002 „Von
266 942 315 991 deu
333 940 428 991 Nilrnb.
446 939 658 995 Mathematiois“,
685 956 709 1005 p.
730 937 792 1001 86),
817 942 898 1005 magis
926 956 982 990 vero
1009 942 1128 991 conlectis
1161 942 1330 990 instrumentis
1354 940 1539 991 mathematicis

172 1009 316 1073 (,meusuls
331 1007 534 1071 Praetoriana“).
572 1010 641 1059 inest
656 1011 774 1073 judicium
793 1012 913 1061 Praetorii
931 1012 1026 1069 literis,
1051 1011 1075 1060 d.
1096 1012 1118 1060 d.
1140 1008 1173 1060 23
1191 1011 1250 1076 Apr.
1271 1018 1302 1061 st
1321 1027 1343 1061 r.
1364 1007 1450 1069 ibid,
1476 1024 1538 1075 quas

175 1082 379 1147 deprehendimus
397 1084 463 1132 inter
480 1081 540 1131 Mse.
559 1081 683 1131 llerwarti
701 1081 829 1132 Monachii
849 1090 1004 1133 conservata.

243 1170 314 1220 Haec
340 1176 424 1220 autem
451 1177 509 1218 sunt
533 1169 598 1218 illius
616 1170 707 1219 verba:
730 1169 769 1219 De
789 1170 906 1233 Koepleri
925 1171 1032 1235 quadam
1051 1170 1215 1234 propositione
1239 1176 1265 1219 et
1283 1168 1409 1219 Prodromi
1432 1183 1538 1219 censura

173 1245 302 1306 expetitm.
339 1240 379 1292 De
397 1241 446 1290 bac
463 1242 540 1304 ipsius
557 1240 696 1289 subtilitate
714 1242 779 1290 malo
799 1242 860 1290 elios
879 1244 1028 1291 senteutiam
1048 1242 1123 1295 lenc,
1149 1242 1190 1304 qui
1216 1256 1266 1290 nou
1290 1241 1460 1291 astronomicis
1478 1241 1536 1289 eim·

171 1310 268 1377 illiciter
290 1310 499 1377 speculationibus
526 1312 636 1360 conteuti
663 1312 796 1361 secretiora
814 1318 918 1361 naturae
938 1312 1040 1362 decreta
1062 1310 1171 1375 physicis
1199 1317 1225 1360 et
1247 1309 1423 1375 metaphysicis
1442 1308 1483 1373 (ιιι
1501 1312 1538 1361 eit

172 1378 259 1445 autor)
281 1381 418 1432 rationibus
448 1382 532 1432 rimari
556 1387 693 1439 conantur,
721 1388 746 1432 et
772 1382 858 1432 iisdem
883 1384 984 1447 argutiis
1009 1381 1172 1432 delectentur.
1208 1380 1378 1446 Magnorum
1397 1381 1484 1432 ardore
1503 1383 1536 1431 ud

173 1450 229 1503 libri
240 1450 319 1516 'hujus
336 1449 469 1503 lectionem
488 1451 651 1508 accedebam,
672 1453 730 1510 sed,
749 1461 778 1502 ut
797 1468 880 1502 verum
898 1454 987 1513 iatear,
1008 1459 1034 1502 et
1051 1453 1116 1517 quod
1134 1452 1209 1501 nolim
1227 1454 1253 1502 iu
1272 1453 1365 1502 autoris
1384 1458 1536 1503 contemtum

173 1532 218 1575 sut
243 1522 458 1589 reprehensionem
482 1522 592 1577 dictum.
619 1530 711 1587 quanto
736 1538 791 1573 cum
809 1526 902 1587 majore
921 1531 1012 1573 conatu
1031 1539 1117 1573 nervos
1140 1523 1269 1573 intendere
1297 1522 1427 1586 cupiebam
1462 1530 1489 1574 et
1511 1524 1536 1573 in

170 1594 277 1661 legendo
295 1609 407 1658 pergere,
426 1599 496 1643 tanto
514 1592 654 1658 languidior
672 1594 761 1654 iactus,
781 1597 846 1644 omni
865 1609 909 1659 spe
927 1596 1059 1644 frustratus
1078 1595 1120 1643 lui.
1145 1594 1178 1643 Et
1196 1596 1217 1642 si
1230 1608 1332 1644 causam
1351 1596 1404 1658 quis
1422 1600 1535 1659 quaeret,

172 1666 285 1731 equidem
303 1666 376 1715 aliter
393 1664 541 1729 respondere
558 1679 608 1713 uon
625 1667 725 1727 possim,
744 1680 819 1729 quam
837 1666 901 1730 quod
919 1667 1046 1715 minimam
1065 1665 1153 1714 harum
1172 1680 1253 1714 rerum
1270 1670 1369 1728 partem
1386 1664 1534 1731 intelligam.

172 1742 199 1787 ιιι
216 1735 281 1801 quod
300 1737 445 1793 existimem,
463 1734 527 1786 baec
546 1748 563 1785 a
579 1749 653 1798 scopo
672 1738 836 1787 astronomiae
855 1736 965 1785 nonnihil
985 1736 1116 1792 aberrare,
1136 1736 1174 1785 rel
1195 1737 1276 1799 potine
1295 1735 1327 1784 ad
1339 1736 1468 1799 physicam
1480 1751 1534 1801 per·

171 1804 259 1863 tinere,
278 1821 343 1871 quaa
361 1815 528 1857 astronomum
545 1821 594 1854 non
613 1808 664 1855 lere
682 1807 734 1856 ulla
751 1808 776 1856 in
795 1822 821 1856 re
838 1810 924 1869 invare
942 1815 1053 1871 possunt.
1091 1806 1153 1856 Puto
1176 1808 1202 1855 in
1221 1806 1370 1870 disciplinis,
1389 1804 1414 1854 h.
1435 1821 1458 1856 e.
1475 1820 1534 1873 geo·

171 1878 280 1927 metricis
299 1884 325 1928 et
343 1878 515 1933 arithmeticis,
538 1876 647 1940 inprimis
665 1880 796 1928 scientiam
813 1893 857 1942 per
874 1892 901 1927 se
920 1877 998 1926 solam
1016 1879 1122 1941 spectari
1141 1877 1246 1935 debere,
1275 1883 1302 1926 et
1328 1875 1533 1927 mathematicum

161 1961 205 2007 ,ea
220 1950 277 2011 ipsa
292 1949 399 1998 scientia
417 1952 560 1997 contentum
579 1962 633 1997 esse
652 1963 740 2010 posses
767 1956 794 1998 at
821 1963 876 1997 vero
895 1949 920 1997 in
941 1948 1034 1998 artibus
1052 1964 1124 1997 usum
1147 1949 1270 2012 spectari,
1298 1949 1418 2012 sineque
1444 1948 1534 1999 lruetra

165 2018 407 2069 ssarhum'doctnuae
425 2018 598 2081 suscipiuntur.
637 2017 703 2078 Quia
721 2026 804 2068 autem
824 2021 983 2076 astronomia,
1003 2019 1134 2068 Aristotele
1153 2025 1231 2076 teste,
1251 2019 1284 2068 ad
1301 2019 1432 2083 physicam
1454 2020 1534 2085 magis

171 2086 289 2144 inclinat,
307 2102 354 2139 nec
371 2090 481 2138 scientiis
498 2103 543 2152 per
561 2103 587 2136 se
607 2091 764 2138 annumerari
781 2097 879 2152 potest,
900 2097 1010 2153 oportet,
1030 2096 1107 2153 puto,
1131 2096 1159 2138 ut
1177 2096 1331 2140 astronomus
1349 2102 1398 2138 sua
1415 2089 1534 2156 dogmate

172 2158 205 2209 ed
223 2174 295 2209 usum
312 2158 463 2219 transierat,
487 2167 516 2208 ut
542 2173 576 2207 sc.
596 2158 776 2222 phaenomena,
803 2161 878 2209 oculis
907 2169 932 2209 et
950 2175 1024 2209 sensu
1042 2168 1176 2224 percepta,
1205 2163 1255 2210 suls
1280 2160 1456 2224 hypothesibus
1476 2175 1531 2211 con-

169 2237 270 2297 gruant,
291 2244 321 2280 ac
340 2231 376 2280 sic
395 2245 426 2279 ex
444 2235 514 2280 certa
532 2243 610 2279 causa
628 2229 673 2278 tali
691 2236 801 2279 motuum
821 2231 961 2280 discrimina
980 2231 1153 2297 perducantur.

190 2348 203 2379 ‚·;
240 2317 290 2367 illa
315 2332 372 2367 rere
399 2317 535 2381 speculatio
561 2332 688 2380 corporum
713 2319 861 2384 regularium
889 2318 945 2382 quid
979 2333 1071 2383 quaeso
1095 2319 1127 2369 ad
1156 2320 1331 2369 ethonomiam
1350 2317 1464 2369 coniert‘!
1499 2320 1533 2369 Δι

164 2385 273 2453 (inquit)
301 2389 335 2438 ad
358 2389 468 2438 ordinem
494 2404 539 2439 seu
561 2389 757 2452 magnitudinem
780 2391 873 2440 orbium
892 2390 1035 2439 coelestium
1054 2391 1221 2441 deliniendam
1244 2389 1362 2453 prodesse
1379 2397 1481 2454 potsst3
1498 2412 1532 2423 -

161 2473 232 2520 ,sene
249 2474 280 2509 ex
298 2460 347 2509 alio
364 2458 541 2515 fundamento.
570 2475 601 2510 ex
625 2461 836 2510 observationibus
863 2460 959 2511 scilicet
983 2468 1009 2510 et
1032 2476 1049 2511 a
1067 2462 1201 2525 posteriore
1224 2462 1318 2510 orbium
1337 2461 1474 2511 ἀιιιιιιιιιὶιο
1491 2476 1530 2511 su·

162 2529 275 2581 mendae
293 2537 369 2589 sunt3
391 2529 505 2580 hisvero
524 2531 643 2585 definitis,
664 2540 803 2596 congruant
824 2547 870 2582 nec
888 2547 920 2582 ue
940 2547 1041 2594 corpora
1059 2533 1195 2596 regularia,
1223 2532 1281 2596 quid
1299 2531 1393 2582 reiertl
1431 2531 1459 2583 Si
1476 2546 1531 2583 reru

168 2607 242 2666 putat
264 2600 310 2651 hoc
333 2608 452 2665 tanquam
477 2603 595 2665 principio
614 2603 708 2664 posito,
727 2610 753 2652 et
771 2603 954 2653 observationes
976 2610 1003 2651 et
1026 2604 1149 2654 calculum
1177 2603 1210 2653 ad
1236 2603 1262 2652 id
1287 2603 1444 2653 limitandum
1469 2617 1531 2658 esee,

167 2672 215 2721 hoc
233 2674 344 2722 arithmo
371 2681 529 2735 praepostero
554 2672 638 2722 ordine
665 2673 735 2731 fieri,
764 2675 811 2723 nisi
831 2676 936 2724 certiora
955 2674 1068 2731 adierat,
1088 2675 1173 2737 quibua
1197 2672 1262 2723 hanc
1286 2676 1453 2724 astronomiae
1472 2674 1528 2724 doc·

166 2744 259 2793 minem
276 2743 421 2803 confirmet,
441 2758 458 2793 ιι
474 2746 554 2808 priore
572 2744 610 2794 rel
629 2758 659 2793 ex
676 2746 801 2808 principiis
821 2759 877 2795 esur
896 2745 985 2794 deduci
1003 2760 1075 2807 posse
1098 2752 1124 2794 et
1147 2744 1269 2803 stabiliri,
1296 2759 1346 2793 non
1372 2746 1530 2808 pereuntibus

167 2814 387 2865 otrsmuonitns.

239 2904 275 2952 At
298 2902 398 2967 quidem
413 2903 527 2971 ipsemet
546 2901 684 2965 Koepierus
709 2903 805 2952 ridetur
829 2916 901 2952 enam
919 2903 985 2953 hauc
1004 2903 1199 2966 speculationem
1226 2903 1346 2953 refellere.
1384 2902 1453 2955 Nam
1476 2903 1534 2955 licet

162 2975 305 3030 existimet,
331 2972 463 3022 Reiuholdi
482 2973 584 3023 decreta
602 2973 656 3036 plus
675 2974 720 3022 sibi
740 2974 803 3022 adsti
821 2974 885 3023 nlari
913 2988 987 3039 quarn
1006 2974 1148 3037 Cupernioi,
1168 2980 1253 3024 tamen
1271 2989 1304 3024 ne
1321 2973 1369 3024 hoo
1388 2975 1462 3025 modo
1480 2988 1532 3026 cor·

166 3045 264 3110 poribus
290 3043 443 3109 regularibus
471 3046 576 3108 ipsemet
602 3045 694 3094 latetur
719 2990 852 3095 tutandas
876 3047 1015 3095 convenire·
1053 3048 1085 3094 Et
1102 3044 1198 3094 ridetur
1215 3047 1270 3109 ipsa
1288 3044 1465 3108 phaenomena
1481 3060 1533 3096 eor·

166 3118 213 3182 rigi
232 3114 302 3175 velle,
321 3119 352 3163 ut
368 3129 495 3178 corporum
513 3115 651 3179 speculatio
669 3116 802 3166 subsistere
820 3117 911 3180 possim
929 3117 994 3180 qnod
1012 3117 1085 3181 quale
1103 3119 1144 3173 sit,
1164 3116 1206 3166 alii
1224 3117 1337 3172 rideants
1357 3131 1397 3166 me
1409 3117 1535 3168 bseouou

165 3188 305 3250 laurigero
323 3186 410 3235 fateor
449 3186 498 3236 sse
524 3187 590 3236 esso
618 3185 688 3236 rurs
714 3169 876 3250 emphasim
903 3188 966 3237 sono
994 3189 1077 3237 ammo
1102 3189 1128 3237 in
1152 3188 1243 3237 suurn
1261 3186 1375 3237 emtam
1393 3196 1440 3239 sue
1459 3189 1532 3240 eser-

167 3266 280 3308 meutum
298 3256 420 3319 subJ'icere
438 3257 510 3306 rolui.

236 3327 406 3391 appendicem
424 3335 509 3377 autem
527 3328 655 3377 Maestlini
673 3329 747 3392 plane
765 3330 856 3392 probo.
881 3336 908 3378 et
925 3330 946 3377 si
964 3344 1014 3379 nou
1033 3328 1122 3383 fallor,
1145 3328 1207 3378 talia
1224 3331 1250 3378 in
1269 3329 1331 3378 meis
1350 3343 1449 3395 quoque
1467 3344 1532 3380 com·

165 3398 369 3458 mentationibus,
389 3400 414 3447 in
433 3401 540 3462 gratiam
559 3399 590 3447 Α.
603 3399 673 3448 Tuae
693 3401 846 3462 conscriptis,
866 3401 987 3463 proposui.
1025 3400 1118 3449 Dubito
1136 3407 1222 3449 tamen
1242 3414 1274 3449 au
1292 3415 1342 3450 nou
1362 3400 1441 3450 aliam
1458 3402 1533 3451 rstts

168 3470 265 3519 sinatus
285 3472 330 3517 sim
350 3470 515 3532 epicyclorum
534 3469 736 3533 amplitudinem,
765 3485 839 3534 quam
866 3474 918 3535 ipse
943 3486 973 3519 ex
990 3473 1101 3521 maxima
1122 3471 1336 3535 prosthapbaeresi
1357 3486 1414 3520 oum
1432 3486 1534 3523 uocem

166 3540 282 3597 deducit;
309 3540 334 3589 id
352 3540 417 3603 quod
436 3554 466 3588 ex
484 3555 559 3604 parvo
578 3541 706 3590 intervallo
725 3556 769 3591 nos
789 3541 902 3606 decipere
920 3548 1010 3604 potest.
1047 3542 1116 3592 Nihil
1134 3543 1210 3607 igitur
1227 3542 1321 3599 habeo,
1348 3543 1414 3606 quod
1436 3544 1465 3593 iu
1482 3544 1532 3607 Ap·

166 3611 272 3675 modice
288 3609 469 3674 reprehendere
487 3612 586 3674 possim.

237 3681 308 3731 Haec
327 3681 476 3731 Praeiorms.
504 3682 647 3731 Hervartus
673 3682 709 3732 illi
736 3683 849 3732 retulisse
876 3683 973 3733 ridetur
1003 3690 1119 3734 conatum
1150 3683 1269 3748 Keplerl,
1296 3685 1419 3734 radonem
1445 3684 1531 3748 depre-

168 3752 291 3802 hendeudi
310 3752 423 3801 diametri
443 3754 506 3801 orbis
525 3755 602 3802 annui
615 3754 707 3802 Terrae
726 3755 760 3804 ad
772 3755 879 3804 eandem
898 3754 1001 3803 lixarum
1021 3755 1151 3818 sphaerae.
1180 3755 1210 3803 ln
1227 3755 1304 3805 literis
1323 3756 1390 3804 enim
1401 3753 1531 3811 Praetorii,

165 3824 189 3873 d.
211 3823 235 3871 7,
258 3822 379 3884 17.’Μιι]“ἰ
401 3820 469 3871 itte
488 3824 520 3872 ad
539 3824 695 3873 Herwarturn
715 3824 788 3881 datis,
807 3824 871 3874 haec
890 3825 1011 3890 legimus:
1038 3826 1161 3888 Keplerus
1179 3833 1299 3882 conatur,
1323 3827 1447 3877 rationem
1469 3826 1532 3877 oris

163 3894 270 3943 lixarum
288 3894 321 3943 ad
340 3894 424 3942 orbem
442 3910 561 3960 magnum
582 3894 711 3958 Copemiei
730 3898 888 3960 investigare.
926 3895 965 3945 De
993 3896 1040 3946 hoc
1066 3898 1143 3960 ipsius
1160 3898 1273 3947 instituio
1291 3897 1350 3961 quid
1374 3897 1532 3949 sentiendum

164 3967 205 4017 sit.
225 3980 275 4014 nou
293 3967 331 4014 ita
349 3964 447 4015 difficile
466 3974 526 4029 puto
545 3966 685 4029 responderi
704 3981 784 4030 posse.
822 3967 911 4016 Modus
936 3969 1011 4030 ipsius
1040 3969 1237 4032 mrestigstionis
1259 3983 1309 4017 non
1327 3966 1530 4031 reprehenditurs

165 4050 250 4085 vereor
278 4042 377 4096 autem,
396 4052 429 4086 ne
447 4037 538 4086 frustra
556 4037 666 4092 laboret,
685 4037 815 4087 dummodo
836 4037 964 4102 Copernici
989 4038 1083 4101 piacita
1105 4046 1174 4088 sarta
1192 4045 1262 4089 tecta
1279 4052 1334 4089 esse
1352 4040 1431 4103 eupit
1467 4038 1532 4089 liam

164 4106 328 4170 (loperuicue.
358 4107 554 4171 philosophorum
581 4113 607 4156 et
633 4116 829 4158 astronomorum
855 4110 962 4158 decretis
981 4108 1102 4164 edoctus,
1120 4111 1234 4173 principii
1256 4109 1311 4160 loco
1329 4110 1402 4173 ponit
1417 4111 1532 4161 ultimum

163 4178 259 4227 coelum
278 4178 374 4227 finitum
392 4179 509 4240 quidem,
538 4179 581 4228 sed
609 4179 705 4228 infinito
728 4180 825 4236 similae
852 4179 919 4229 uude
947 4179 1056 4244 colligit:
1083 4196 1139 4230 cunr
1164 4181 1242 4231 Terra
1264 4180 1298 4230 ad
1316 4181 1401 4231 orbem
1419 4180 1532 4233 eulmen

162 4248 302 4299 evidentem
319 4250 414 4298 habeat
431 4251 561 4302 rationem.
582 4250 702 4299 distantia
718 4251 841 4301 immensa
858 4252 935 4300 etiem
953 4252 986 4299 sd
1004 4253 1087 4302 orbem
1105 4265 1223 4317 magnum
1241 4267 1292 4302 nou
1304 4253 1442 4303 notabilem
1453 4253 1530 4305 bebe-

164 4320 202 4369 tit
219 4323 357 4376 rationem,
377 4320 441 4382 quod
459 4321 584 4370 concludit
602 4323 627 4369 in
646 4335 692 4369 sua
708 4320 752 4369 ilia
770 4322 979 4372 demonstratione
999 4337 1029 4372 ex
1047 4337 1076 4372 eo
1094 4324 1147 4385 ipso
1165 4324 1298 4386 principio,
1326 4323 1393 4387 quod
1408 4325 1532 4375 immensa

161 4393 195 4440 sit
213 4392 278 4441 orbis
296 4390 424 4439 stellsruni
442 4405 458 4440 a
477 4390 554 4440 Terra
572 4392 699 4441 distantia.
737 4393 770 4441 Et
792 4395 840 4442 nisi
865 4393 912 4443 hoc
938 4394 1084 4456 principium
1111 4393 1207 4442 firmum
1229 4395 1277 4451 sit.
1303 4391 1434 4458 Copemici
1452 4398 1530 4445 niro·

161 4463 246 4511 nomia
273 4461 407 4511 subsistere
434 4477 483 4510 non
510 4464 613 4525 poterit,
641 4469 685 4511 aut
707 4463 797 4513 saltem
816 4465 923 4528 antiquis
951 4465 1162 4514 observationibus
1190 4464 1337 4515 consentire.
1375 4464 1454 4517 Nulla
1470 4466 1530 4517 itur

162 4533 304 4583 emeiliatio
322 4531 375 4581 lieri
393 4534 483 4594 poterit
501 4535 667 4582 uuouomiae
685 4534 822 4584 Ptolemaei
841 4543 868 4585 et
881 4534 1018 4598 Coparnici.
1039 4549 1094 4584 cum
1113 4542 1198 4586 tamea
1216 4536 1256 4586 hic
1268 4535 1373 4586 tirmiter
1385 4536 1529 4593 contendat,

160 4605 250 4655 estem
267 4603 444 4667 phaenomena
460 4604 589 4669 utrubique
608 4618 727 4667 apparere
746 4621 818 4668 posse
836 4614 862 4656 et
880 4621 911 4656 ex
929 4608 1056 4669 uanusque
1075 4607 1161 4668 positis
1178 4607 1312 4671 principiis.
1335 4605 1531 4675 Videtarifliflr

159 4674 291 4738 Kepierus,
310 4676 445 4738 expositis
463 4689 480 4724 ιι
499 4674 634 4738 Copemico
652 4677 777 4740 principiis
796 4684 823 4726 et
839 4679 949 4733 ιιιιιιιιι.
977 4677 1194 4741 irrumpamus,
1221 4692 1287 4742 quse
1310 4678 1389 4742 ipsius
1405 4679 1529 4744 principis

161 4754 275 4797 evertant
303 4744 374 4808 (uam
393 4761 424 4795 ex
441 4746 599 4797 Ptolemaicie
617 4747 731 4813 progredi
743 4748 778 4796 ad
794 4763 867 4797 suum
883 4750 1033 4802 institutum¹
1051 4754 1080 4797 ιιι
1097 4749 1191 4813 opinor,
1213 4764 1265 4799 uon
1282 4744 1395 4813 potaris).
1431 4748 1526 4801 Videat

157 4814 247 4882 Ιςιιιιι,
266 4831 298 4868 ne
315 4817 390 4882 nirnie
406 4817 503 4869 subtilis
520 4818 596 4869 sitin
614 4818 661 4875 lis,
680 4830 746 4882 quse
763 4819 876 4869 suasibus
893 4818 1008 4881 mbiceta
1023 4823 1091 4869 sant
1126 4817 1188 4873 Hes
1205 4820 1320 4886 ophiussa
1342 4820 1524 4873 natussu-
