<?xml version="1.0" encoding="UTF-8"?>
<!DOCTYPE html PUBLIC "-//W3C//DTD XHTML 1.0 Transitional//EN"
    "http://www.w3.org/TR/xhtml1/DTD/xhtml1-transitional.dtd">
<html xmlns="http://www.w3.org/1999/xhtml" xml:lang="en" lang="en">
 <head>
  <title>
</title>
<meta http-equiv="Content-Type" content="text/html;charset=utf-8" />
  <meta name='ocr-system' content='tesseract 3.04.00' />
  <meta name='ocr-capabilities' content='ocr_page ocr_carea ocr_par ocr_line ocrx_word'/>
</head>
<body>
  <div class='ocr_page' id='page_1' title='image "./joanniskepleria04frisgoog_0266.png"; bbox 0 0 3366 5482; ppageno 0'>
   <div class='ocr_carea' id='block_1_1' title="bbox 742 196 1525 298">
    <p class='ocr_par' dir='ltr' id='par_1_1' title="bbox 742 196 1525 298">
     <span class='ocr_line' id='line_1_1' title="bbox 742 196 1525 298; baseline 0.008 -24"><span class='ocrx_word' id='word_1_1' title='bbox 742 212 937 298; x_wconf 65' lang='lat' dir='ltr'><strong>armum</strong></span> <span class='ocrx_word' id='word_1_2' title='bbox 1455 196 1525 280; x_wconf 75' lang='lat' dir='ltr'><strong>alc</strong></span> 
     </span>
    </p>
   </div>
   <div class='ocr_carea' id='block_1_2' title="bbox 159 366 1520 456">
    <p class='ocr_par' dir='ltr' id='par_1_2' title="bbox 159 366 1520 456">
     <span class='ocr_line' id='line_1_2' title="bbox 159 366 1520 456; baseline 0.004 -26"><span class='ocrx_word' id='word_1_3' title='bbox 159 366 325 430; x_wconf 75' lang='lat' dir='ltr'><strong>astronomi</strong></span> <span class='ocrx_word' id='word_1_4' title='bbox 349 367 460 444; x_wconf 87' lang='lat' dir='ltr'><strong>officia,</strong></span> <span class='ocrx_word' id='word_1_5' title='bbox 486 367 612 430; x_wconf 89' lang='lat' dir='ltr'><strong>alterum</strong></span> <span class='ocrx_word' id='word_1_6' title='bbox 637 389 707 431; x_wconf 83' lang='lat' dir='ltr'><strong>vere</strong></span> <span class='ocrx_word' id='word_1_7' title='bbox 732 373 973 448; x_wconf 89' lang='lat' dir='ltr'><strong>astronomicum,</strong></span> <span class='ocrx_word' id='word_1_8' title='bbox 998 372 1183 456; x_wconf 71' lang='lat' dir='ltr'>hypotheses</span> <span class='ocrx_word' id='word_1_9' title='bbox 1198 378 1416 439; x_wconf 82' lang='lat' dir='ltr'><strong>astronomicas</strong></span> <span class='ocrx_word' id='word_1_10' title='bbox 1439 375 1520 437; x_wconf 87' lang='lat' dir='ltr'><strong>tales</strong></span> 
     </span>
    </p>
   </div>
   <div class='ocr_carea' id='block_1_3' title="bbox 159 456 1635 543">
    <p class='ocr_par' dir='ltr' id='par_1_3' title="bbox 159 456 1635 543">
     <span class='ocr_line' id='line_1_3' title="bbox 159 456 1635 543; baseline 0.005 -25"><span class='ocrx_word' id='word_1_11' title='bbox 159 457 358 532; x_wconf 88' lang='lat' dir='ltr'><strong>constituere,</strong></span> <span class='ocrx_word' id='word_1_12' title='bbox 393 477 432 518; x_wconf 82' lang='lat' dir='ltr'><strong>ex</strong></span> <span class='ocrx_word' id='word_1_13' title='bbox 460 456 566 538; x_wconf 90' lang='lat' dir='ltr'><strong>quibus</strong></span> <span class='ocrx_word' id='word_1_14' title='bbox 597 469 779 538; x_wconf 76' lang='lat' dir='ltr'><strong>apparentes</strong></span> <span class='ocrx_word' id='word_1_15' title='bbox 811 471 910 523; x_wconf 89' lang='lat' dir='ltr'><strong>motus</strong></span> <span class='ocrx_word' id='word_1_16' title='bbox 935 472 1111 542; x_wconf 89' lang='lat' dir='ltr'><strong>sequantur,</strong></span> <span class='ocrx_word' id='word_1_17' title='bbox 1146 465 1272 526; x_wconf 87' lang='lat' dir='ltr'><strong>alterum</strong></span> <span class='ocrx_word' id='word_1_18' title='bbox 1296 464 1520 543; x_wconf 88' lang='lat' dir='ltr'><strong>geometricum,</strong></span> <span class='ocrx_word' id='word_1_19' title='bbox 1556 505 1558 508; x_wconf 33' lang='lat'><em>⁴</em></span> <span class='ocrx_word' id='word_1_20' title='bbox 1633 510 1635 514; x_wconf 25' lang='grc' dir='ltr'><strong><em>ι</em></strong></span> 
     </span>
    </p>
   </div>
   <div class='ocr_carea' id='block_1_4' title="bbox 134 546 1584 4815">
    <p class='ocr_par' dir='ltr' id='par_1_4' title="bbox 158 546 1520 893">
     <span class='ocr_line' id='line_1_4' title="bbox 160 546 1520 633; baseline 0.006 -27"><span class='ocrx_word' id='word_1_21' title='bbox 160 546 344 628; x_wconf 78' lang='lat' dir='ltr'><strong>hypotheses</strong></span> <span class='ocrx_word' id='word_1_22' title='bbox 373 547 574 624; x_wconf 88' lang='lat' dir='ltr'><strong>geometricas</strong></span> <span class='ocrx_word' id='word_1_23' title='bbox 603 549 803 629; x_wconf 89' lang='lat' dir='ltr'><strong>cujuscunque</strong></span> <span class='ocrx_word' id='word_1_24' title='bbox 835 552 947 611; x_wconf 89' lang='lat' dir='ltr'><strong>formae</strong></span> <span class='ocrx_word' id='word_1_25' title='bbox 972 553 1091 624; x_wconf 87' lang='lat' dir='ltr'><strong>(variae</strong></span> <span class='ocrx_word' id='word_1_26' title='bbox 1121 572 1248 632; x_wconf 91' lang='lat' dir='ltr'><strong>namque</strong></span> <span class='ocrx_word' id='word_1_27' title='bbox 1273 572 1365 633; x_wconf 81' lang='lat' dir='ltr'><strong>saepe</strong></span> <span class='ocrx_word' id='word_1_28' title='bbox 1388 555 1418 615; x_wconf 88' lang='lat' dir='ltr'><strong>in</strong></span> <span class='ocrx_word' id='word_1_29' title='bbox 1444 566 1520 632; x_wconf 86' lang='lat' dir='ltr'><strong>ge&#39;o-</strong></span> 
     </span>
     <span class='ocr_line' id='line_1_5' title="bbox 158 635 1520 723; baseline 0.005 -27"><span class='ocrx_word' id='word_1_30' title='bbox 158 635 266 696; x_wconf 84' lang='lat' dir='ltr'><strong>metria</strong></span> <span class='ocrx_word' id='word_1_31' title='bbox 289 654 359 697; x_wconf 89' lang='lat' dir='ltr'><strong>esse</strong></span> <span class='ocrx_word' id='word_1_32' title='bbox 383 637 525 715; x_wconf 89' lang='lat' dir='ltr'><strong>possunt)</strong></span> <span class='ocrx_word' id='word_1_33' title='bbox 554 636 633 696; x_wconf 88' lang='lat' dir='ltr'><strong>tales</strong></span> <span class='ocrx_word' id='word_1_34' title='bbox 664 639 860 714; x_wconf 87' lang='lat' dir='ltr'><strong>constituere,</strong></span> <span class='ocrx_word' id='word_1_35' title='bbox 895 660 932 700; x_wconf 80' lang='lat' dir='ltr'><strong>ex</strong></span> <span class='ocrx_word' id='word_1_36' title='bbox 962 640 1067 720; x_wconf 90' lang='lat' dir='ltr'><strong>quibus</strong></span> <span class='ocrx_word' id='word_1_37' title='bbox 1096 641 1279 723; x_wconf 87' lang='lat' dir='ltr'><strong>hypotheses</strong></span> <span class='ocrx_word' id='word_1_38' title='bbox 1304 643 1374 705; x_wconf 89' lang='lat' dir='ltr'><strong>illae</strong></span> <span class='ocrx_word' id='word_1_39' title='bbox 1403 642 1520 722; x_wconf 84' lang='lat' dir='ltr'><strong>priores</strong></span> 
     </span>
     <span class='ocr_line' id='line_1_6' title="bbox 159 723 1519 804; baseline 0.004 -19"><span class='ocrx_word' id='word_1_40' title='bbox 159 723 396 798; x_wconf 83' lang='lat' dir='ltr'><strong>astronomicae,</strong></span> <span class='ocrx_word' id='word_1_41' title='bbox 424 725 454 786; x_wconf 88' lang='lat' dir='ltr'><strong>h.</strong></span> <span class='ocrx_word' id='word_1_42' title='bbox 481 744 507 785; x_wconf 91' lang='lat' dir='ltr'><strong>e.</strong></span> <span class='ocrx_word' id='word_1_43' title='bbox 529 727 591 787; x_wconf 89' lang='lat' dir='ltr'><strong>veri</strong></span> <span class='ocrx_word' id='word_1_44' title='bbox 615 726 804 804; x_wconf 87' lang='lat' dir='ltr'><strong>planetarum</strong></span> <span class='ocrx_word' id='word_1_45' title='bbox 827 736 941 801; x_wconf 90' lang='lat' dir='ltr'><strong>motus,</strong></span> <span class='ocrx_word' id='word_1_46' title='bbox 976 749 1033 790; x_wconf 92' lang='lat' dir='ltr'><strong>non</strong></span> <span class='ocrx_word' id='word_1_47' title='bbox 1058 730 1220 792; x_wconf 88' lang='lat' dir='ltr'><strong>adulterati</strong></span> <span class='ocrx_word' id='word_1_48' title='bbox 1245 732 1326 792; x_wconf 89' lang='lat' dir='ltr'><strong>visus</strong></span> <span class='ocrx_word' id='word_1_49' title='bbox 1350 739 1519 793; x_wconf 91' lang='lat' dir='ltr'><strong>commuta-</strong></span> 
     </span>
     <span class='ocr_line' id='line_1_7' title="bbox 159 813 764 893; baseline 0.005 -19"><span class='ocrx_word' id='word_1_50' title='bbox 159 813 248 888; x_wconf 89' lang='lat' dir='ltr'><strong>tione,</strong></span> <span class='ocrx_word' id='word_1_51' title='bbox 272 822 305 875; x_wconf 90' lang='lat' dir='ltr'><strong>et</strong></span> <span class='ocrx_word' id='word_1_52' title='bbox 328 822 492 893; x_wconf 87' lang='lat' dir='ltr'><strong>sequantur</strong></span> <span class='ocrx_word' id='word_1_53' title='bbox 515 821 546 874; x_wconf 90' lang='lat' dir='ltr'><strong>et</strong></span> <span class='ocrx_word' id='word_1_54' title='bbox 569 815 764 877; x_wconf 82' lang='lat' dir='ltr'><strong>calculentur.</strong></span> 
     </span>
    </p>

    <p class='ocr_par' dir='ltr' id='par_1_5' title="bbox 155 901 1520 1161">
     <span class='ocr_line' id='line_1_8' title="bbox 247 901 1520 983; baseline 0.004 -20"><span class='ocrx_word' id='word_1_55' title='bbox 247 901 305 963; x_wconf 87' lang='lat' dir='ltr'><strong>Hic</strong></span> <span class='ocrx_word' id='word_1_56' title='bbox 330 922 377 963; x_wconf 91' lang='lat' dir='ltr'><strong>me</strong></span> <span class='ocrx_word' id='word_1_57' title='bbox 400 911 487 964; x_wconf 89' lang='lat' dir='ltr'><strong>tenor</strong></span> <span class='ocrx_word' id='word_1_58' title='bbox 511 903 575 983; x_wconf 92' lang='lat' dir='ltr'><strong>ipse</strong></span> <span class='ocrx_word' id='word_1_59' title='bbox 600 904 745 966; x_wconf 87' lang='lat' dir='ltr'><strong>sermonis</strong></span> <span class='ocrx_word' id='word_1_60' title='bbox 770 904 827 965; x_wconf 93' lang='lat' dir='ltr'><strong>mei</strong></span> <span class='ocrx_word' id='word_1_61' title='bbox 851 906 971 977; x_wconf 81' lang='lat' dir='ltr'><strong>inritat,</strong></span> <span class='ocrx_word' id='word_1_62' title='bbox 996 913 1029 967; x_wconf 91' lang='lat' dir='ltr'><strong>nt</strong></span> <span class='ocrx_word' id='word_1_63' title='bbox 1053 905 1204 969; x_wconf 86' lang='lat' dir='ltr'><strong>Osiandro</strong></span> <span class='ocrx_word' id='word_1_64' title='bbox 1229 908 1436 970; x_wconf 86' lang='lat' dir='ltr'><strong>Patricium</strong></span> <span class='ocrx_word' id='word_1_65' title='bbox 1461 908 1520 968; x_wconf 87' lang='lat' dir='ltr'><strong>ad·</strong></span> 
     </span>
     <span class='ocr_line' id='line_1_9' title="bbox 155 991 1520 1077; baseline 0.004 -25"><span class='ocrx_word' id='word_1_66' title='bbox 155 993 280 1072; x_wconf 89' lang='lat' dir='ltr'><strong>jungam</strong></span> <span class='ocrx_word' id='word_1_67' title='bbox 309 991 408 1072; x_wconf 89' lang='lat' dir='ltr'><strong>eique</strong></span> <span class='ocrx_word' id='word_1_68' title='bbox 425 999 552 1053; x_wconf 91' lang='lat' dir='ltr'><strong>conatus</strong></span> <span class='ocrx_word' id='word_1_69' title='bbox 576 1001 814 1055; x_wconf 85' lang='lat' dir='ltr'><strong>astronomorum</strong></span> <span class='ocrx_word' id='word_1_70' title='bbox 842 1014 944 1056; x_wconf 87' lang='lat' dir='ltr'><strong>omnes</strong></span> <span class='ocrx_word' id='word_1_71' title='bbox 973 995 1135 1070; x_wconf 77' lang='lat' dir='ltr'><strong>decidenti,</strong></span> <span class='ocrx_word' id='word_1_72' title='bbox 1169 996 1352 1077; x_wconf 89' lang='lat' dir='ltr'><strong>hypotheses</strong></span> <span class='ocrx_word' id='word_1_73' title='bbox 1379 1004 1520 1058; x_wconf 89' lang='lat' dir='ltr'><strong>astrono-</strong></span> 
     </span>
     <span class='ocr_line' id='line_1_10' title="bbox 159 1080 939 1161; baseline 0.003 -19"><span class='ocrx_word' id='word_1_74' title='bbox 159 1081 252 1143; x_wconf 89' lang='lat' dir='ltr'><strong>micas</strong></span> <span class='ocrx_word' id='word_1_75' title='bbox 276 1099 381 1141; x_wconf 90' lang='lat' dir='ltr'><strong>0mnes</strong></span> <span class='ocrx_word' id='word_1_76' title='bbox 403 1080 551 1160; x_wconf 88' lang='lat' dir='ltr'><strong>rejicienti</strong></span> <span class='ocrx_word' id='word_1_77' title='bbox 575 1083 707 1143; x_wconf 91' lang='lat' dir='ltr'><strong>nonnihil</strong></span> <span class='ocrx_word' id='word_1_78' title='bbox 731 1085 939 1161; x_wconf 88' lang='lat' dir='ltr'><strong>respondeam.</strong></span> 
     </span>
    </p>

    <p class='ocr_par' dir='ltr' id='par_1_6' title="bbox 134 1170 1521 2229">
     <span class='ocr_line' id='line_1_11' title="bbox 246 1170 1520 1251; baseline 0.001 -20"><span class='ocrx_word' id='word_1_79' title='bbox 246 1170 415 1231; x_wconf 85' lang='lat' dir='ltr'><strong>Succenset</strong></span> <span class='ocrx_word' id='word_1_80' title='bbox 444 1170 470 1230; x_wconf 90' lang='lat' dir='ltr'><strong>is</strong></span> <span class='ocrx_word' id='word_1_81' title='bbox 500 1171 696 1239; x_wconf 85' lang='lat' dir='ltr'><strong>astronomis,</strong></span> <span class='ocrx_word' id='word_1_82' title='bbox 731 1173 810 1251; x_wconf 91' lang='lat' dir='ltr'><strong>quod</strong></span> <span class='ocrx_word' id='word_1_83' title='bbox 842 1180 987 1234; x_wconf 89' lang='lat' dir='ltr'><strong>conentur</strong></span> <span class='ocrx_word' id='word_1_84' title='bbox 1017 1188 1065 1233; x_wconf 57' lang='lat' dir='ltr'><strong>ex*</strong></span> <span class='ocrx_word' id='word_1_85' title='bbox 1082 1173 1174 1233; x_wconf 90' lang='lat' dir='ltr'><strong>variis</strong></span> <span class='ocrx_word' id='word_1_86' title='bbox 1202 1173 1322 1236; x_wconf 88' lang='lat' dir='ltr'><strong>circulis</strong></span> <span class='ocrx_word' id='word_1_87' title='bbox 1353 1182 1386 1234; x_wconf 93' lang='lat' dir='ltr'><strong>et</strong></span> <span class='ocrx_word' id='word_1_88' title='bbox 1414 1173 1520 1234; x_wconf 87' lang='lat' dir='ltr'><strong>solidis</strong></span> 
     </span>
     <span class='ocr_line' id='line_1_12' title="bbox 159 1258 1518 1342; baseline 0.003 -23"><span class='ocrx_word' id='word_1_89' title='bbox 159 1258 279 1321; x_wconf 88' lang='lat' dir='ltr'><strong>orbibus</strong></span> <span class='ocrx_word' id='word_1_90' title='bbox 301 1259 492 1338; x_wconf 85' lang='lat' dir='ltr'><strong>planetarum</strong></span> <span class='ocrx_word' id='word_1_91' title='bbox 515 1268 613 1320; x_wconf 91' lang='lat' dir='ltr'><strong>motus</strong></span> <span class='ocrx_word' id='word_1_92' title='bbox 638 1269 818 1339; x_wconf 88' lang='lat' dir='ltr'><strong>apparentes</strong></span> <span class='ocrx_word' id='word_1_93' title='bbox 843 1262 970 1334; x_wconf 86' lang='lat' dir='ltr'><strong>efficere,</strong></span> <span class='ocrx_word' id='word_1_94' title='bbox 996 1280 1106 1341; x_wconf 89' lang='lat' dir='ltr'><strong>eosque</strong></span> <span class='ocrx_word' id='word_1_95' title='bbox 1126 1262 1264 1337; x_wconf 91' lang='lat' dir='ltr'><strong>circulos,</strong></span> <span class='ocrx_word' id='word_1_96' title='bbox 1287 1273 1341 1322; x_wconf 84' lang='lat' dir='ltr'><strong>eas</strong></span> <span class='ocrx_word' id='word_1_97' title='bbox 1366 1261 1518 1342; x_wconf 84' lang='lat' dir='ltr'><strong>hypothe-</strong></span> 
     </span>
     <span class='ocr_line' id='line_1_13' title="bbox 159 1347 1519 1430; baseline 0.001 -21"><span class='ocrx_word' id='word_1_98' title='bbox 159 1367 220 1422; x_wconf 88' lang='lat' dir='ltr'><strong>ses,</strong></span> <span class='ocrx_word' id='word_1_99' title='bbox 251 1347 368 1409; x_wconf 88' lang='lat' dir='ltr'><strong>cerebri</strong></span> <span class='ocrx_word' id='word_1_100' title='bbox 398 1347 444 1408; x_wconf 90' lang='lat' dir='ltr'><strong>sui</strong></span> <span class='ocrx_word' id='word_1_101' title='bbox 472 1349 628 1426; x_wconf 87' lang='lat' dir='ltr'><strong>figmenta,</strong></span> <span class='ocrx_word' id='word_1_102' title='bbox 656 1368 755 1410; x_wconf 91' lang='lat' dir='ltr'><strong>rerum</strong></span> <span class='ocrx_word' id='word_1_103' title='bbox 783 1358 907 1410; x_wconf 89' lang='lat' dir='ltr'><strong>naturae</strong></span> <span class='ocrx_word' id='word_1_104' title='bbox 938 1350 1094 1428; x_wconf 89' lang='lat' dir='ltr'><strong>imputare.</strong></span> <span class='ocrx_word' id='word_1_105' title='bbox 1141 1350 1187 1411; x_wconf 92' lang='lat' dir='ltr'><strong>De</strong></span> <span class='ocrx_word' id='word_1_106' title='bbox 1215 1350 1348 1430; x_wconf 90' lang='lat' dir='ltr'><strong>planetis</strong></span> <span class='ocrx_word' id='word_1_107' title='bbox 1373 1350 1439 1429; x_wconf 91' lang='lat' dir='ltr'><strong>ipse</strong></span> <span class='ocrx_word' id='word_1_108' title='bbox 1463 1350 1519 1411; x_wconf 89' lang='lat' dir='ltr'><strong>hoo</strong></span> 
     </span>
     <span class='ocr_line' id='line_1_14' title="bbox 159 1437 1518 1519; baseline 0.001 -21"><span class='ocrx_word' id='word_1_109' title='bbox 159 1438 304 1510; x_wconf 81' lang='lat' dir='ltr'><strong>affirmat,</strong></span> <span class='ocrx_word' id='word_1_110' title='bbox 336 1437 415 1498; x_wconf 90' lang='lat' dir='ltr'><strong>inter</strong></span> <span class='ocrx_word' id='word_1_111' title='bbox 438 1437 514 1497; x_wconf 81' lang='lat' dir='ltr'><strong>lixas</strong></span> <span class='ocrx_word' id='word_1_112' title='bbox 539 1438 606 1498; x_wconf 90' lang='lat' dir='ltr'><strong>illos</strong></span> <span class='ocrx_word' id='word_1_113' title='bbox 631 1438 657 1497; x_wconf 92' lang='lat' dir='ltr'><strong>in</strong></span> <span class='ocrx_word' id='word_1_114' title='bbox 684 1438 794 1518; x_wconf 91' lang='lat' dir='ltr'><strong>liquido</strong></span> <span class='ocrx_word' id='word_1_115' title='bbox 818 1440 939 1500; x_wconf 89' lang='lat' dir='ltr'><strong>aethere</strong></span> <span class='ocrx_word' id='word_1_116' title='bbox 964 1439 1117 1513; x_wconf 90' lang='lat' dir='ltr'><strong>incedere,</strong></span> <span class='ocrx_word' id='word_1_117' title='bbox 1145 1439 1394 1519; x_wconf 87' lang='lat' dir='ltr'><strong>quemadmodum</strong></span> <span class='ocrx_word' id='word_1_118' title='bbox 1417 1447 1448 1500; x_wconf 88' lang='lat' dir='ltr'><strong>et</strong></span> <span class='ocrx_word' id='word_1_119' title='bbox 1470 1438 1518 1499; x_wconf 83' lang='lat' dir='ltr'><strong>ri-</strong></span> 
     </span>
     <span class='ocr_line' id='line_1_15' title="bbox 159 1524 1519 1609; baseline 0 -21"><span class='ocrx_word' id='word_1_120' title='bbox 159 1527 301 1600; x_wconf 89' lang='lat' dir='ltr'><strong>deantur,</strong></span> <span class='ocrx_word' id='word_1_121' title='bbox 331 1524 441 1587; x_wconf 89' lang='lat' dir='ltr'><strong>liberos</strong></span> <span class='ocrx_word' id='word_1_122' title='bbox 466 1527 504 1586; x_wconf 91' lang='lat' dir='ltr'><strong>ab</strong></span> <span class='ocrx_word' id='word_1_123' title='bbox 530 1526 645 1587; x_wconf 86' lang='lat' dir='ltr'><strong>orbium</strong></span> <span class='ocrx_word' id='word_1_124' title='bbox 669 1527 831 1588; x_wconf 90' lang='lat' dir='ltr'><strong>solidorum</strong></span> <span class='ocrx_word' id='word_1_125' title='bbox 859 1528 1066 1606; x_wconf 89' lang='lat' dir='ltr'><strong>compedibus,</strong></span> <span class='ocrx_word' id='word_1_126' title='bbox 1101 1527 1149 1607; x_wconf 93' lang='lat' dir='ltr'><strong>qui</strong></span> <span class='ocrx_word' id='word_1_127' title='bbox 1179 1529 1251 1590; x_wconf 93' lang='lat' dir='ltr'><strong>nulli</strong></span> <span class='ocrx_word' id='word_1_128' title='bbox 1280 1529 1356 1603; x_wconf 89' lang='lat' dir='ltr'><strong>sint,</strong></span> <span class='ocrx_word' id='word_1_129' title='bbox 1391 1546 1519 1609; x_wconf 89' lang='lat' dir='ltr'><strong>vereque</strong></span> 
     </span>
     <span class='ocr_line' id='line_1_16' title="bbox 134 1614 1518 1696; baseline 0.001 -20"><span class='ocrx_word' id='word_1_130' title='bbox 134 1614 328 1695; x_wconf 86' lang='lat' dir='ltr'><strong>-hujusmodi</strong></span> <span class='ocrx_word' id='word_1_131' title='bbox 359 1615 487 1693; x_wconf 78' lang='lat' dir='ltr'><strong>spitales</strong></span> <span class='ocrx_word' id='word_1_132' title='bbox 512 1623 543 1676; x_wconf 93' lang='lat' dir='ltr'><strong>et</strong></span> <span class='ocrx_word' id='word_1_133' title='bbox 566 1617 648 1676; x_wconf 89' lang='lat' dir='ltr'><strong>varie</strong></span> <span class='ocrx_word' id='word_1_134' title='bbox 679 1635 795 1677; x_wconf 81' lang='lat' dir='ltr'><strong>rursum</strong></span> <span class='ocrx_word' id='word_1_135' title='bbox 817 1636 1010 1696; x_wconf 82' lang='lat' dir='ltr'><strong>prorsumque</strong></span> <span class='ocrx_word' id='word_1_136' title='bbox 1039 1624 1194 1678; x_wconf 88' lang='lat' dir='ltr'><strong>contortas</strong></span> <span class='ocrx_word' id='word_1_137' title='bbox 1226 1617 1336 1691; x_wconf 91' lang='lat' dir='ltr'><strong>lineas,</strong></span> <span class='ocrx_word' id='word_1_138' title='bbox 1368 1634 1518 1696; x_wconf 89' lang='lat' dir='ltr'><strong>nunqnam</strong></span> 
     </span>
     <span class='ocr_line' id='line_1_17' title="bbox 159 1703 1515 1785; baseline 0 -20"><span class='ocrx_word' id='word_1_139' title='bbox 159 1705 213 1766; x_wconf 90' lang='lat' dir='ltr'><strong>sibi</strong></span> <span class='ocrx_word' id='word_1_140' title='bbox 238 1703 315 1784; x_wconf 81' lang='lat' dir='ltr'><strong>ipsis</strong></span> <span class='ocrx_word' id='word_1_141' title='bbox 337 1721 393 1782; x_wconf 91' lang='lat' dir='ltr'><strong>per</strong></span> <span class='ocrx_word' id='word_1_142' title='bbox 416 1703 516 1765; x_wconf 91' lang='lat' dir='ltr'><strong>omnia</strong></span> <span class='ocrx_word' id='word_1_143' title='bbox 538 1705 667 1779; x_wconf 90' lang='lat' dir='ltr'><strong>similes,</strong></span> <span class='ocrx_word' id='word_1_144' title='bbox 693 1724 786 1783; x_wconf 91' lang='lat' dir='ltr'><strong>eaque</strong></span> <span class='ocrx_word' id='word_1_145' title='bbox 811 1714 909 1767; x_wconf 89' lang='lat' dir='ltr'><strong>motus</strong></span> <span class='ocrx_word' id='word_1_146' title='bbox 934 1705 1166 1785; x_wconf 85' lang='lat' dir='ltr'><strong>inaequalitate,</strong></span> <span class='ocrx_word' id='word_1_147' title='bbox 1188 1707 1277 1785; x_wconf 87' lang='lat' dir='ltr'><strong>plane</strong></span> <span class='ocrx_word' id='word_1_148' title='bbox 1303 1705 1387 1766; x_wconf 91' lang='lat' dir='ltr'><strong>utin</strong></span> <span class='ocrx_word' id='word_1_149' title='bbox 1413 1706 1515 1766; x_wconf 91' lang='lat' dir='ltr'><strong>oculos</strong></span> 
     </span>
     <span class='ocr_line' id='line_1_18' title="bbox 160 1793 1518 1868; baseline 0 -14"><span class='ocrx_word' id='word_1_150' title='bbox 160 1801 280 1856; x_wconf 86' lang='lat' dir='ltr'><strong>nostros</strong></span> <span class='ocrx_word' id='word_1_151' title='bbox 304 1793 466 1867; x_wconf 86' lang='lat' dir='ltr'><strong>incurrunt,</strong></span> <span class='ocrx_word' id='word_1_152' title='bbox 492 1793 672 1855; x_wconf 89' lang='lat' dir='ltr'><strong>describere.</strong></span> <span class='ocrx_word' id='word_1_153' title='bbox 719 1794 784 1855; x_wconf 86' lang='lat' dir='ltr'><strong>Nec</strong></span> <span class='ocrx_word' id='word_1_154' title='bbox 808 1795 910 1856; x_wconf 90' lang='lat' dir='ltr'><strong>mirari</strong></span> <span class='ocrx_word' id='word_1_155' title='bbox 934 1813 989 1855; x_wconf 92' lang='lat' dir='ltr'><strong>nos</strong></span> <span class='ocrx_word' id='word_1_156' title='bbox 1013 1793 1121 1856; x_wconf 92' lang='lat' dir='ltr'><strong>debere</strong></span> <span class='ocrx_word' id='word_1_157' title='bbox 1136 1795 1317 1856; x_wconf 84' lang='lat' dir='ltr'><strong>varietatem</strong></span> <span class='ocrx_word' id='word_1_158' title='bbox 1340 1794 1427 1868; x_wconf 90' lang='lat' dir='ltr'><strong>hanc,</strong></span> <span class='ocrx_word' id='word_1_159' title='bbox 1453 1811 1518 1855; x_wconf 86' lang='lat' dir='ltr'><strong>cum</strong></span> 
     </span>
     <span class='ocr_line' id='line_1_19' title="bbox 161 1881 1518 1962; baseline -0.001 -19"><span class='ocrx_word' id='word_1_160' title='bbox 161 1883 301 1960; x_wconf 90' lang='lat' dir='ltr'><strong>planetae</strong></span> <span class='ocrx_word' id='word_1_161' title='bbox 328 1899 436 1943; x_wconf 85' lang='lat' dir='ltr'><strong>revera</strong></span> <span class='ocrx_word' id='word_1_162' title='bbox 460 1881 521 1943; x_wconf 91' lang='lat' dir='ltr'><strong>sint</strong></span> <span class='ocrx_word' id='word_1_163' title='bbox 550 1882 693 1944; x_wconf 87' lang='lat' dir='ltr'><strong>animalia</strong></span> <span class='ocrx_word' id='word_1_164' title='bbox 723 1883 848 1944; x_wconf 89' lang='lat' dir='ltr'><strong>rationis</strong></span> <span class='ocrx_word' id='word_1_165' title='bbox 872 1882 1010 1962; x_wconf 86' lang='lat' dir='ltr'><strong>capacia,</strong></span> <span class='ocrx_word' id='word_1_166' title='bbox 1041 1884 1256 1961; x_wconf 87' lang='lat' dir='ltr'><strong>comprobante</strong></span> <span class='ocrx_word' id='word_1_167' title='bbox 1281 1884 1311 1944; x_wconf 93' lang='lat' dir='ltr'><strong>id</strong></span> <span class='ocrx_word' id='word_1_168' title='bbox 1336 1883 1518 1944; x_wconf 86' lang='lat' dir='ltr'><strong>auctoritate</strong></span> 
     </span>
     <span class='ocr_line' id='line_1_20' title="bbox 159 1970 1521 2052; baseline 0.001 -21"><span class='ocrx_word' id='word_1_169' title='bbox 159 1970 368 2050; x_wconf 87' lang='lat' dir='ltr'><strong>philosophiae</strong></span> <span class='ocrx_word' id='word_1_170' title='bbox 383 1970 569 2046; x_wconf 83' lang='lat' dir='ltr'><strong>barbaricae,</strong></span> <span class='ocrx_word' id='word_1_171' title='bbox 596 1979 627 2031; x_wconf 93' lang='lat' dir='ltr'><strong>et</strong></span> <span class='ocrx_word' id='word_1_172' title='bbox 642 1972 876 2050; x_wconf 87' lang='lat' dir='ltr'><strong>omnipotentiae</strong></span> <span class='ocrx_word' id='word_1_173' title='bbox 893 1972 1010 2033; x_wconf 90' lang='lat' dir='ltr'><strong>divinae</strong></span> <span class='ocrx_word' id='word_1_174' title='bbox 1026 1991 1083 2032; x_wconf 93' lang='lat' dir='ltr'><strong>non</strong></span> <span class='ocrx_word' id='word_1_175' title='bbox 1109 1973 1199 2033; x_wconf 87' lang='lat' dir='ltr'><strong>fuerit</strong></span> <span class='ocrx_word' id='word_1_176' title='bbox 1213 1972 1408 2052; x_wconf 85' lang='lat' dir='ltr'><strong>impossibile,</strong></span> <span class='ocrx_word' id='word_1_177' title='bbox 1432 1978 1521 2033; x_wconf 88' lang='lat' dir='ltr'><strong>tanta</strong></span> 
     </span>
     <span class='ocr_line' id='line_1_21' title="bbox 159 2059 1519 2141; baseline 0 -21"><span class='ocrx_word' id='word_1_178' title='bbox 159 2060 311 2139; x_wconf 87' lang='lat' dir='ltr'><strong>sapientia</strong></span> <span class='ocrx_word' id='word_1_179' title='bbox 333 2068 488 2121; x_wconf 86' lang='lat' dir='ltr'><strong>creaturas</strong></span> <span class='ocrx_word' id='word_1_180' title='bbox 512 2061 655 2135; x_wconf 90' lang='lat' dir='ltr'><strong>condere,</strong></span> <span class='ocrx_word' id='word_1_181' title='bbox 681 2069 715 2121; x_wconf 91' lang='lat' dir='ltr'><strong>ut</strong></span> <span class='ocrx_word' id='word_1_182' title='bbox 739 2061 902 2141; x_wconf 90' lang='lat' dir='ltr'><strong>imperatos</strong></span> <span class='ocrx_word' id='word_1_183' title='bbox 926 2062 980 2121; x_wconf 87' lang='lat' dir='ltr'><strong>hos</strong></span> <span class='ocrx_word' id='word_1_184' title='bbox 1004 2069 1103 2121; x_wconf 91' lang='lat' dir='ltr'><strong>motus</strong></span> <span class='ocrx_word' id='word_1_185' title='bbox 1128 2063 1165 2122; x_wconf 91' lang='lat' dir='ltr'><strong>ad</strong></span> <span class='ocrx_word' id='word_1_186' title='bbox 1190 2062 1277 2122; x_wconf 88' lang='lat' dir='ltr'><strong>finem</strong></span> <span class='ocrx_word' id='word_1_187' title='bbox 1300 2079 1393 2140; x_wconf 91' lang='lat' dir='ltr'><strong>usque</strong></span> <span class='ocrx_word' id='word_1_188' title='bbox 1418 2059 1519 2121; x_wconf 90' lang='lat' dir='ltr'><strong>mundi</strong></span> 
     </span>
     <span class='ocr_line' id='line_1_22' title="bbox 159 2156 371 2229; baseline 0 -20"><span class='ocrx_word' id='word_1_189' title='bbox 159 2156 371 2229; x_wconf 83' lang='lat' dir='ltr'><strong>exsequantur.</strong></span> 
     </span>
    </p>

    <p class='ocr_par' dir='ltr' id='par_1_7' title="bbox 155 2235 1584 4815">
     <span class='ocr_line' id='line_1_23' title="bbox 245 2235 1520 2316; baseline -0.001 -18"><span class='ocrx_word' id='word_1_190' title='bbox 245 2237 379 2299; x_wconf 91' lang='lat' dir='ltr'><strong>Primum</strong></span> <span class='ocrx_word' id='word_1_191' title='bbox 406 2237 463 2298; x_wconf 93' lang='lat' dir='ltr'><strong>hoc</strong></span> <span class='ocrx_word' id='word_1_192' title='bbox 492 2235 535 2296; x_wconf 90' lang='lat' dir='ltr'><strong>illi</strong></span> <span class='ocrx_word' id='word_1_193' title='bbox 567 2237 654 2297; x_wconf 89' lang='lat' dir='ltr'><strong>facile</strong></span> <span class='ocrx_word' id='word_1_194' title='bbox 674 2256 866 2312; x_wconf 89' lang='lat' dir='ltr'><strong>concessero,</strong></span> <span class='ocrx_word' id='word_1_195' title='bbox 902 2237 1014 2299; x_wconf 86' lang='lat' dir='ltr'><strong>solidos</strong></span> <span class='ocrx_word' id='word_1_196' title='bbox 1038 2238 1125 2299; x_wconf 86' lang='lat' dir='ltr'><strong>orbes</strong></span> <span class='ocrx_word' id='word_1_197' title='bbox 1150 2239 1247 2299; x_wconf 92' lang='lat' dir='ltr'><strong>nullos</strong></span> <span class='ocrx_word' id='word_1_198' title='bbox 1278 2256 1355 2299; x_wconf 90' lang='lat' dir='ltr'><strong>esse.</strong></span> <span class='ocrx_word' id='word_1_199' title='bbox 1404 2238 1437 2297; x_wconf 90' lang='lat' dir='ltr'><strong>In</strong></span> <span class='ocrx_word' id='word_1_200' title='bbox 1462 2255 1520 2316; x_wconf 92' lang='lat' dir='ltr'><strong>quo</strong></span> 
     </span>
     <span class='ocr_line' id='line_1_24' title="bbox 160 2325 1519 2407; baseline 0 -21"><span class='ocrx_word' id='word_1_201' title='bbox 160 2337 190 2388; x_wconf 93' lang='lat' dir='ltr'><strong>et</strong></span> <span class='ocrx_word' id='word_1_202' title='bbox 212 2326 365 2407; x_wconf 87' lang='lat' dir='ltr'><strong>Tychonis</strong></span> <span class='ocrx_word' id='word_1_203' title='bbox 390 2325 556 2387; x_wconf 87' lang='lat' dir='ltr'><strong>rationibus</strong></span> <span class='ocrx_word' id='word_1_204' title='bbox 582 2326 670 2387; x_wconf 88' lang='lat' dir='ltr'><strong>facile</strong></span> <span class='ocrx_word' id='word_1_205' title='bbox 695 2326 850 2390; x_wconf 86' lang='lat' dir='ltr'><strong>subscribo</strong></span> <span class='ocrx_word' id='word_1_206' title='bbox 879 2336 909 2387; x_wconf 90' lang='lat' dir='ltr'><strong>et</strong></span> <span class='ocrx_word' id='word_1_207' title='bbox 933 2327 1069 2406; x_wconf 86' lang='lat' dir='ltr'><strong>privatas</strong></span> <span class='ocrx_word' id='word_1_208' title='bbox 1094 2327 1185 2388; x_wconf 90' lang='lat' dir='ltr'><strong>etiam</strong></span> <span class='ocrx_word' id='word_1_209' title='bbox 1214 2326 1320 2388; x_wconf 91' lang='lat' dir='ltr'><strong>habeo.</strong></span> <span class='ocrx_word' id='word_1_210' title='bbox 1370 2326 1519 2387; x_wconf 86' lang='lat' dir='ltr'><strong>Patricius</strong></span> 
     </span>
     <span class='ocr_line' id='line_1_25' title="bbox 159 2413 1518 2497; baseline -0.001 -21"><span class='ocrx_word' id='word_1_211' title='bbox 159 2435 227 2477; x_wconf 90' lang='lat' dir='ltr'><strong>vero</strong></span> <span class='ocrx_word' id='word_1_212' title='bbox 243 2415 378 2497; x_wconf 91' lang='lat' dir='ltr'><strong>Tychoni</strong></span> <span class='ocrx_word' id='word_1_213' title='bbox 401 2414 524 2476; x_wconf 89' lang='lat' dir='ltr'><strong>ridicule</strong></span> <span class='ocrx_word' id='word_1_214' title='bbox 551 2413 624 2475; x_wconf 89' lang='lat' dir='ltr'><strong>facit</strong></span> <span class='ocrx_word' id='word_1_215' title='bbox 648 2414 796 2495; x_wconf 89' lang='lat' dir='ltr'><strong>injuriam,</strong></span> <span class='ocrx_word' id='word_1_216' title='bbox 821 2435 906 2496; x_wconf 89' lang='lat' dir='ltr'><strong>quem</strong></span> <span class='ocrx_word' id='word_1_217' title='bbox 931 2416 975 2476; x_wconf 89' lang='lat' dir='ltr'><strong>ait</strong></span> <span class='ocrx_word' id='word_1_218' title='bbox 998 2415 1178 2477; x_wconf 89' lang='lat' dir='ltr'><strong>fascinatum</strong></span> <span class='ocrx_word' id='word_1_219' title='bbox 1204 2416 1340 2494; x_wconf 90' lang='lat' dir='ltr'><strong>opinione</strong></span> <span class='ocrx_word' id='word_1_220' title='bbox 1355 2414 1518 2476; x_wconf 87' lang='lat' dir='ltr'><strong>solidorum</strong></span> 
     </span>
     <span class='ocr_line' id='line_1_26' title="bbox 161 2503 1520 2586; baseline 0.001 -22"><span class='ocrx_word' id='word_1_221' title='bbox 161 2505 275 2566; x_wconf 84' lang='lat' dir='ltr'><strong>orbium</strong></span> <span class='ocrx_word' id='word_1_222' title='bbox 309 2523 417 2565; x_wconf 84' lang='lat' dir='ltr'><strong>novam</strong></span> <span class='ocrx_word' id='word_1_223' title='bbox 442 2504 620 2564; x_wconf 77' lang='lat' dir='ltr'><strong>confinxisse</strong></span> <span class='ocrx_word' id='word_1_224' title='bbox 645 2505 746 2565; x_wconf 90' lang='lat' dir='ltr'><strong>mundi</strong></span> <span class='ocrx_word' id='word_1_225' title='bbox 773 2506 915 2578; x_wconf 88' lang='lat' dir='ltr'><strong>forrnam;</strong></span> <span class='ocrx_word' id='word_1_226' title='bbox 947 2524 1034 2585; x_wconf 91' lang='lat' dir='ltr'><strong>quam</strong></span> <span class='ocrx_word' id='word_1_227' title='bbox 1063 2504 1232 2583; x_wconf 90' lang='lat' dir='ltr'><strong>opinionem</strong></span> <span class='ocrx_word' id='word_1_228' title='bbox 1256 2505 1358 2586; x_wconf 84' lang='lat' dir='ltr'><strong>Tycho</strong></span> <span class='ocrx_word' id='word_1_229' title='bbox 1383 2503 1520 2565; x_wconf 90' lang='lat' dir='ltr'><strong>omnihus</strong></span> 
     </span>
     <span class='ocr_line' id='line_1_27' title="bbox 161 2591 1547 2675; baseline -0.002 -20"><span class='ocrx_word' id='word_1_230' title='bbox 161 2593 279 2672; x_wconf 89' lang='lat' dir='ltr'><strong>scriptis</strong></span> <span class='ocrx_word' id='word_1_231' title='bbox 308 2602 339 2654; x_wconf 92' lang='lat' dir='ltr'><strong>et</strong></span> <span class='ocrx_word' id='word_1_232' title='bbox 369 2592 436 2673; x_wconf 88' lang='lat' dir='ltr'><strong>ipsa</strong></span> <span class='ocrx_word' id='word_1_233' title='bbox 459 2593 661 2672; x_wconf 80' lang='lat' dir='ltr'><strong>hypotheseos</strong></span> <span class='ocrx_word' id='word_1_234' title='bbox 685 2613 759 2654; x_wconf 88' lang='lat' dir='ltr'><strong>suae</strong></span> <span class='ocrx_word' id='word_1_235' title='bbox 783 2594 955 2655; x_wconf 89' lang='lat' dir='ltr'><strong>conditione</strong></span> <span class='ocrx_word' id='word_1_236' title='bbox 983 2594 1150 2675; x_wconf 88' lang='lat' dir='ltr'><strong>impugnat.</strong></span> <span class='ocrx_word' id='word_1_237' title='bbox 1196 2593 1301 2673; x_wconf 85' lang='lat' dir='ltr'><strong>Neque</strong></span> <span class='ocrx_word' id='word_1_238' title='bbox 1325 2611 1420 2672; x_wconf 90' lang='lat' dir='ltr'><strong>nego,</strong></span> <span class='ocrx_word' id='word_1_239' title='bbox 1449 2591 1547 2672; x_wconf 59' lang='lat' dir='ltr'><strong>pla-1</strong></span> 
     </span>
     <span class='ocr_line' id='line_1_28' title="bbox 161 2681 1519 2757; baseline -0.001 -14"><span class='ocrx_word' id='word_1_240' title='bbox 161 2691 294 2744; x_wconf 87' lang='lat' dir='ltr'><strong>uetamm</strong></span> <span class='ocrx_word' id='word_1_241' title='bbox 323 2682 463 2744; x_wconf 87' lang='lat' dir='ltr'><strong>circuitus</strong></span> <span class='ocrx_word' id='word_1_242' title='bbox 491 2682 608 2743; x_wconf 87' lang='lat' dir='ltr'><strong>ratione</strong></span> <span class='ocrx_word' id='word_1_243' title='bbox 639 2701 756 2742; x_wconf 90' lang='lat' dir='ltr'><strong>summa</strong></span> <span class='ocrx_word' id='word_1_244' title='bbox 784 2683 997 2744; x_wconf 86' lang='lat' dir='ltr'><strong>administrari.</strong></span> <span class='ocrx_word' id='word_1_245' title='bbox 1045 2682 1107 2744; x_wconf 89' lang='lat' dir='ltr'><strong>Sed</strong></span> <span class='ocrx_word' id='word_1_246' title='bbox 1137 2691 1168 2743; x_wconf 90' lang='lat' dir='ltr'><strong>et</strong></span> <span class='ocrx_word' id='word_1_247' title='bbox 1197 2683 1252 2743; x_wconf 93' lang='lat' dir='ltr'><strong>hoc</strong></span> <span class='ocrx_word' id='word_1_248' title='bbox 1277 2683 1370 2757; x_wconf 90' lang='lat' dir='ltr'><strong>daho,</strong></span> <span class='ocrx_word' id='word_1_249' title='bbox 1404 2681 1430 2742; x_wconf 92' lang='lat' dir='ltr'><strong>si</strong></span> <span class='ocrx_word' id='word_1_250' title='bbox 1453 2681 1519 2742; x_wconf 90' lang='lat' dir='ltr'><strong>Deo</strong></span> 
     </span>
     <span class='ocr_line' id='line_1_29' title="bbox 160 2771 1517 2852; baseline -0.001 -21"><span class='ocrx_word' id='word_1_251' title='bbox 160 2772 304 2833; x_wconf 90' lang='lat' dir='ltr'><strong>conditori</strong></span> <span class='ocrx_word' id='word_1_252' title='bbox 329 2771 508 2851; x_wconf 83' lang='lat' dir='ltr'><strong>placuisset,</strong></span> <span class='ocrx_word' id='word_1_253' title='bbox 538 2779 572 2831; x_wconf 91' lang='lat' dir='ltr'><strong>ut</strong></span> <span class='ocrx_word' id='word_1_254' title='bbox 594 2771 736 2849; x_wconf 90' lang='lat' dir='ltr'><strong>planetae</strong></span> <span class='ocrx_word' id='word_1_255' title='bbox 761 2772 889 2851; x_wconf 86' lang='lat' dir='ltr'><strong>spirales</strong></span> <span class='ocrx_word' id='word_1_256' title='bbox 913 2772 1080 2852; x_wconf 89' lang='lat' dir='ltr'><strong>hujusmodi</strong></span> <span class='ocrx_word' id='word_1_257' title='bbox 1105 2781 1136 2832; x_wconf 90' lang='lat' dir='ltr'><strong>et</strong></span> <span class='ocrx_word' id='word_1_258' title='bbox 1159 2771 1339 2849; x_wconf 83' lang='lat' dir='ltr'><strong>irregulares</strong></span> <span class='ocrx_word' id='word_1_259' title='bbox 1364 2771 1517 2844; x_wconf 84' lang='lat' dir='ltr'><strong>circuitus,</strong></span> 
     </span>
     <span class='ocr_line' id='line_1_30' title="bbox 160 2860 1519 2941; baseline -0.001 -20"><span class='ocrx_word' id='word_1_260' title='bbox 160 2861 263 2941; x_wconf 89' lang='lat' dir='ltr'><strong>quales</strong></span> <span class='ocrx_word' id='word_1_261' title='bbox 288 2860 504 2939; x_wconf 85' lang='lat' dir='ltr'><strong>aspicientibus</strong></span> <span class='ocrx_word' id='word_1_262' title='bbox 530 2860 615 2919; x_wconf 91' lang='lat' dir='ltr'><strong>nobis</strong></span> <span class='ocrx_word' id='word_1_263' title='bbox 640 2870 797 2940; x_wconf 86' lang='lat' dir='ltr'><strong>apparent,</strong></span> <span class='ocrx_word' id='word_1_264' title='bbox 818 2863 1006 2935; x_wconf 84' lang='lat' dir='ltr'><strong>corrficerent,</strong></span> <span class='ocrx_word' id='word_1_265' title='bbox 1033 2862 1063 2922; x_wconf 91' lang='lat' dir='ltr'><strong>id</strong></span> <span class='ocrx_word' id='word_1_266' title='bbox 1083 2860 1126 2921; x_wconf 92' lang='lat' dir='ltr'><strong>illi</strong></span> <span class='ocrx_word' id='word_1_267' title='bbox 1143 2862 1250 2921; x_wconf 86' lang='lat' dir='ltr'><strong>effectu</strong></span> <span class='ocrx_word' id='word_1_268' title='bbox 1275 2860 1363 2929; x_wconf 87' lang='lat' dir='ltr'><strong>facile</strong></span> <span class='ocrx_word' id='word_1_269' title='bbox 1389 2860 1519 2921; x_wconf 90' lang='lat' dir='ltr'><strong>futurum</strong></span> 
     </span>
     <span class='ocr_line' id='line_1_31' title="bbox 161 2947 1584 3028; baseline -0.002 -18"><span class='ocrx_word' id='word_1_270' title='bbox 161 2950 262 3010; x_wconf 89' lang='lat' dir='ltr'><strong>fuisse.</strong></span> <span class='ocrx_word' id='word_1_271' title='bbox 312 2950 424 3010; x_wconf 90' lang='lat' dir='ltr'><strong>Verum</strong></span> <span class='ocrx_word' id='word_1_272' title='bbox 448 2949 477 3008; x_wconf 92' lang='lat' dir='ltr'><strong>in</strong></span> <span class='ocrx_word' id='word_1_273' title='bbox 502 2949 557 3008; x_wconf 92' lang='lat' dir='ltr'><strong>hoc</strong></span> <span class='ocrx_word' id='word_1_274' title='bbox 579 2950 644 3028; x_wconf 91' lang='lat' dir='ltr'><strong>jam</strong></span> <span class='ocrx_word' id='word_1_275' title='bbox 669 2949 769 3011; x_wconf 86' lang='lat' dir='ltr'><strong>differt</strong></span> <span class='ocrx_word' id='word_1_276' title='bbox 783 2947 933 3011; x_wconf 88' lang='lat' dir='ltr'><strong>Patricius</strong></span> <span class='ocrx_word' id='word_1_277' title='bbox 958 2950 996 3011; x_wconf 87' lang='lat' dir='ltr'><strong>ab</strong></span> <span class='ocrx_word' id='word_1_278' title='bbox 1012 2950 1194 3010; x_wconf 86' lang='lat' dir='ltr'><strong>astronomis</strong></span> <span class='ocrx_word' id='word_1_279' title='bbox 1210 2968 1280 3008; x_wconf 88' lang='lat' dir='ltr'><strong>vere</strong></span> <span class='ocrx_word' id='word_1_280' title='bbox 1299 2948 1517 3028; x_wconf 79' lang='lat' dir='ltr'><strong>philosophari·</strong></span> <span class='ocrx_word' id='word_1_281' title='bbox 1583 3013 1584 3017; x_wconf 43' lang='lat'><strong>,</strong></span> 
     </span>
     <span class='ocr_line' id='line_1_32' title="bbox 160 3037 1518 3118; baseline -0.002 -20"><span class='ocrx_word' id='word_1_282' title='bbox 160 3039 252 3111; x_wconf 90' lang='lat' dir='ltr'><strong>tibus,</strong></span> <span class='ocrx_word' id='word_1_283' title='bbox 287 3058 353 3100; x_wconf 92' lang='lat' dir='ltr'><strong>cum</strong></span> <span class='ocrx_word' id='word_1_284' title='bbox 378 3037 545 3118; x_wconf 90' lang='lat' dir='ltr'><strong>quaeritur:</strong></span> <span class='ocrx_word' id='word_1_285' title='bbox 581 3039 723 3117; x_wconf 89' lang='lat' dir='ltr'><strong>quidnam</strong></span> <span class='ocrx_word' id='word_1_286' title='bbox 746 3040 845 3117; x_wconf 87' lang='lat' dir='ltr'><strong>potius</strong></span> <span class='ocrx_word' id='word_1_287' title='bbox 870 3040 935 3099; x_wconf 88' lang='lat' dir='ltr'><strong>Deo</strong></span> <span class='ocrx_word' id='word_1_288' title='bbox 959 3039 1119 3117; x_wconf 86' lang='lat' dir='ltr'><strong>placuerit,</strong></span> <span class='ocrx_word' id='word_1_289' title='bbox 1151 3057 1187 3097; x_wconf 89' lang='lat' dir='ltr'><strong>an</strong></span> <span class='ocrx_word' id='word_1_290' title='bbox 1213 3047 1245 3097; x_wconf 89' lang='lat' dir='ltr'><strong>ut</strong></span> <span class='ocrx_word' id='word_1_291' title='bbox 1268 3038 1409 3115; x_wconf 91' lang='lat' dir='ltr'><strong>planetae</strong></span> <span class='ocrx_word' id='word_1_292' title='bbox 1433 3052 1518 3096; x_wconf 91' lang='lat' dir='ltr'><strong>com·</strong></span> 
     </span>
     <span class='ocr_line' id='line_1_33' title="bbox 160 3125 1518 3207; baseline -0.001 -20"><span class='ocrx_word' id='word_1_293' title='bbox 160 3128 274 3206; x_wconf 91' lang='lat' dir='ltr'><strong>positos</strong></span> <span class='ocrx_word' id='word_1_294' title='bbox 298 3126 468 3207; x_wconf 89' lang='lat' dir='ltr'><strong>hujusmodi</strong></span> <span class='ocrx_word' id='word_1_295' title='bbox 496 3137 699 3206; x_wconf 90' lang='lat' dir='ltr'><strong>perpetuoque</strong></span> <span class='ocrx_word' id='word_1_296' title='bbox 725 3149 742 3188; x_wconf 89' lang='lat' dir='ltr'><strong>a</strong></span> <span class='ocrx_word' id='word_1_297' title='bbox 767 3149 798 3188; x_wconf 86' lang='lat' dir='ltr'><strong>se</strong></span> <span class='ocrx_word' id='word_1_298' title='bbox 830 3128 902 3207; x_wconf 88' lang='lat' dir='ltr'><strong>ipsis</strong></span> <span class='ocrx_word' id='word_1_299' title='bbox 927 3129 1063 3188; x_wconf 88' lang='lat' dir='ltr'><strong>diversos</strong></span> <span class='ocrx_word' id='word_1_300' title='bbox 1092 3135 1123 3186; x_wconf 91' lang='lat' dir='ltr'><strong>et</strong></span> <span class='ocrx_word' id='word_1_301' title='bbox 1150 3126 1332 3204; x_wconf 86' lang='lat' dir='ltr'><strong>irregulares</strong></span> <span class='ocrx_word' id='word_1_302' title='bbox 1361 3125 1518 3185; x_wconf 90' lang='lat' dir='ltr'><strong>anfractus</strong></span> 
     </span>
     <span class='ocr_line' id='line_1_34' title="bbox 159 3213 1517 3296; baseline -0.002 -20"><span class='ocrx_word' id='word_1_303' title='bbox 159 3216 354 3294; x_wconf 76' lang='lat' dir='ltr'><strong>pervolitant,</strong></span> <span class='ocrx_word' id='word_1_304' title='bbox 390 3235 466 3276; x_wconf 87' lang='lat' dir='ltr'><strong>anne</strong></span> <span class='ocrx_word' id='word_1_305' title='bbox 498 3223 531 3276; x_wconf 91' lang='lat' dir='ltr'><strong>ut</strong></span> <span class='ocrx_word' id='word_1_306' title='bbox 559 3216 732 3277; x_wconf 86' lang='lat' dir='ltr'><strong>uniformem</strong></span> <span class='ocrx_word' id='word_1_307' title='bbox 758 3227 789 3277; x_wconf 91' lang='lat' dir='ltr'><strong>et</strong></span> <span class='ocrx_word' id='word_1_308' title='bbox 814 3236 902 3296; x_wconf 89' lang='lat' dir='ltr'><strong>qnam</strong></span> <span class='ocrx_word' id='word_1_309' title='bbox 926 3217 989 3278; x_wconf 90' lang='lat' dir='ltr'><strong>lieri</strong></span> <span class='ocrx_word' id='word_1_310' title='bbox 1012 3223 1114 3294; x_wconf 90' lang='lat' dir='ltr'><strong>potest</strong></span> <span class='ocrx_word' id='word_1_311' title='bbox 1138 3214 1390 3294; x_wconf 89' lang='lat' dir='ltr'><strong>regularissimum</strong></span> <span class='ocrx_word' id='word_1_312' title='bbox 1419 3213 1517 3274; x_wconf 92' lang='lat' dir='ltr'><strong>circu·</strong></span> 
     </span>
     <span class='ocr_line' id='line_1_35' title="bbox 160 3301 1518 3384; baseline -0.002 -19"><span class='ocrx_word' id='word_1_313' title='bbox 160 3307 214 3367; x_wconf 92' lang='lat' dir='ltr'><strong>lum</strong></span> <span class='ocrx_word' id='word_1_314' title='bbox 238 3305 421 3378; x_wconf 88' lang='lat' dir='ltr'><strong>describant,</strong></span> <span class='ocrx_word' id='word_1_315' title='bbox 446 3304 536 3384; x_wconf 89' lang='lat' dir='ltr'><strong>plane</strong></span> <span class='ocrx_word' id='word_1_316' title='bbox 561 3305 710 3367; x_wconf 89' lang='lat' dir='ltr'><strong>diversum</strong></span> <span class='ocrx_word' id='word_1_317' title='bbox 736 3307 773 3366; x_wconf 85' lang='lat' dir='ltr'><strong>ab</strong></span> <span class='ocrx_word' id='word_1_318' title='bbox 798 3326 835 3366; x_wconf 86' lang='lat' dir='ltr'><strong>ea</strong></span> <span class='ocrx_word' id='word_1_319' title='bbox 859 3314 957 3366; x_wconf 87' lang='lat' dir='ltr'><strong>motus</strong></span> <span class='ocrx_word' id='word_1_320' title='bbox 981 3305 1097 3366; x_wconf 90' lang='lat' dir='ltr'><strong>confusi</strong></span> <span class='ocrx_word' id='word_1_321' title='bbox 1124 3305 1233 3379; x_wconf 85' lang='lat' dir='ltr'><strong>forma,</strong></span> <span class='ocrx_word' id='word_1_322' title='bbox 1259 3304 1388 3384; x_wconf 88' lang='lat' dir='ltr'><strong>quaein</strong></span> <span class='ocrx_word' id='word_1_323' title='bbox 1415 3301 1518 3363; x_wconf 90' lang='lat' dir='ltr'><strong>oculos</strong></span> 
     </span>
     <span class='ocr_line' id='line_1_36' title="bbox 160 3391 1517 3473; baseline -0.003 -19"><span class='ocrx_word' id='word_1_324' title='bbox 160 3404 278 3457; x_wconf 86' lang='lat' dir='ltr'><strong>nostros</strong></span> <span class='ocrx_word' id='word_1_325' title='bbox 302 3394 440 3467; x_wconf 82' lang='lat' dir='ltr'><strong>incurrit3</strong></span> <span class='ocrx_word' id='word_1_326' title='bbox 472 3413 581 3456; x_wconf 90' lang='lat' dir='ltr'><strong>causae</strong></span> <span class='ocrx_word' id='word_1_327' title='bbox 606 3413 676 3455; x_wconf 90' lang='lat' dir='ltr'><strong>vero</strong></span> <span class='ocrx_word' id='word_1_328' title='bbox 706 3394 824 3473; x_wconf 86' lang='lat' dir='ltr'><strong>possint</strong></span> <span class='ocrx_word' id='word_1_329' title='bbox 846 3394 985 3469; x_wconf 90' lang='lat' dir='ltr'><strong>inveniri,</strong></span> <span class='ocrx_word' id='word_1_330' title='bbox 1021 3393 1126 3473; x_wconf 92' lang='lat' dir='ltr'><strong>quibus</strong></span> <span class='ocrx_word' id='word_1_331' title='bbox 1154 3393 1237 3455; x_wconf 90' lang='lat' dir='ltr'><strong>visus</strong></span> <span class='ocrx_word' id='word_1_332' title='bbox 1268 3401 1371 3453; x_wconf 89' lang='lat' dir='ltr'><strong>noster</strong></span> <span class='ocrx_word' id='word_1_333' title='bbox 1394 3391 1517 3451; x_wconf 88' lang='lat' dir='ltr'><strong>delusus</strong></span> 
     </span>
     <span class='ocr_line' id='line_1_37' title="bbox 159 3479 1516 3564; baseline -0.002 -21"><span class='ocrx_word' id='word_1_334' title='bbox 159 3485 246 3546; x_wconf 90' lang='lat' dir='ltr'><strong>aliter</strong></span> <span class='ocrx_word' id='word_1_335' title='bbox 278 3484 346 3544; x_wconf 91' lang='lat' dir='ltr'><strong>illos</strong></span> <span class='ocrx_word' id='word_1_336' title='bbox 378 3484 534 3561; x_wconf 87' lang='lat' dir='ltr'><strong>regulares</strong></span> <span class='ocrx_word' id='word_1_337' title='bbox 564 3493 661 3544; x_wconf 91' lang='lat' dir='ltr'><strong>motus</strong></span> <span class='ocrx_word' id='word_1_338' title='bbox 691 3484 858 3558; x_wconf 88' lang='lat' dir='ltr'><strong>intueatur,</strong></span> <span class='ocrx_word' id='word_1_339' title='bbox 894 3503 980 3564; x_wconf 90' lang='lat' dir='ltr'><strong>quam</strong></span> <span class='ocrx_word' id='word_1_340' title='bbox 1009 3502 1116 3544; x_wconf 89' lang='lat' dir='ltr'><strong>revera</strong></span> <span class='ocrx_word' id='word_1_341' title='bbox 1143 3483 1310 3561; x_wconf 86' lang='lat' dir='ltr'><strong>comparati</strong></span> <span class='ocrx_word' id='word_1_342' title='bbox 1340 3481 1410 3540; x_wconf 91' lang='lat' dir='ltr'><strong>sint.</strong></span> <span class='ocrx_word' id='word_1_343' title='bbox 1458 3479 1516 3541; x_wconf 88' lang='lat' dir='ltr'><strong>Hic</strong></span> 
     </span>
     <span class='ocr_line' id='line_1_38' title="bbox 159 3568 1518 3653; baseline -0.004 -19"><span class='ocrx_word' id='word_1_344' title='bbox 159 3592 243 3634; x_wconf 90' lang='lat' dir='ltr'><strong>nemo</strong></span> <span class='ocrx_word' id='word_1_345' title='bbox 267 3579 317 3633; x_wconf 89' lang='lat' dir='ltr'><strong>est</strong></span> <span class='ocrx_word' id='word_1_346' title='bbox 340 3591 356 3632; x_wconf 93' lang='lat' dir='ltr'><strong>e</strong></span> <span class='ocrx_word' id='word_1_347' title='bbox 379 3571 478 3632; x_wconf 90' lang='lat' dir='ltr'><strong>sobrie</strong></span> <span class='ocrx_word' id='word_1_348' title='bbox 502 3571 793 3651; x_wconf 84' lang='lat' dir='ltr'><strong>philosophantibus,</strong></span> <span class='ocrx_word' id='word_1_349' title='bbox 821 3573 869 3653; x_wconf 91' lang='lat' dir='ltr'><strong>qui</strong></span> <span class='ocrx_word' id='word_1_350' title='bbox 894 3592 951 3633; x_wconf 91' lang='lat' dir='ltr'><strong>non</strong></span> <span class='ocrx_word' id='word_1_351' title='bbox 976 3573 1031 3633; x_wconf 93' lang='lat' dir='ltr'><strong>hoc</strong></span> <span class='ocrx_word' id='word_1_352' title='bbox 1056 3573 1199 3644; x_wconf 87' lang='lat' dir='ltr'><strong>affirmet,</strong></span> <span class='ocrx_word' id='word_1_353' title='bbox 1224 3571 1298 3632; x_wconf 91' lang='lat' dir='ltr'><strong>illud</strong></span> <span class='ocrx_word' id='word_1_354' title='bbox 1322 3568 1442 3631; x_wconf 90' lang='lat' dir='ltr'><strong>omnino</strong></span> <span class='ocrx_word' id='word_1_355' title='bbox 1467 3586 1518 3629; x_wconf 89' lang='lat' dir='ltr'><strong>re·</strong></span> 
     </span>
     <span class='ocr_line' id='line_1_39' title="bbox 155 3657 1519 3742; baseline -0.004 -19"><span class='ocrx_word' id='word_1_356' title='bbox 155 3663 242 3741; x_wconf 85' lang='lat' dir='ltr'><strong>jiciat</strong></span> <span class='ocrx_word' id='word_1_357' title='bbox 265 3661 381 3740; x_wconf 91' lang='lat' dir='ltr'><strong>sibique</strong></span> <span class='ocrx_word' id='word_1_358' title='bbox 406 3660 492 3721; x_wconf 87' lang='lat' dir='ltr'><strong>simul</strong></span> <span class='ocrx_word' id='word_1_359' title='bbox 517 3662 698 3723; x_wconf 90' lang='lat' dir='ltr'><strong>astronomis</strong></span> <span class='ocrx_word' id='word_1_360' title='bbox 723 3661 924 3742; x_wconf 82' lang='lat' dir='ltr'><strong>maximopere</strong></span> <span class='ocrx_word' id='word_1_361' title='bbox 948 3663 1125 3740; x_wconf 84' lang='lat' dir='ltr'><strong>gratuletur,</strong></span> <span class='ocrx_word' id='word_1_362' title='bbox 1152 3661 1178 3721; x_wconf 89' lang='lat' dir='ltr'><strong>si</strong></span> <span class='ocrx_word' id='word_1_363' title='bbox 1198 3679 1307 3721; x_wconf 91' lang='lat' dir='ltr'><strong>causas</strong></span> <span class='ocrx_word' id='word_1_364' title='bbox 1331 3657 1519 3736; x_wconf 86' lang='lat' dir='ltr'><strong>deceptionis</strong></span> 
     </span>
     <span class='ocr_line' id='line_1_40' title="bbox 159 3745 1518 3828; baseline -0.005 -16"><span class='ocrx_word' id='word_1_365' title='bbox 159 3751 333 3822; x_wconf 84' lang='lat' dir='ltr'><strong>invenerint,</strong></span> <span class='ocrx_word' id='word_1_366' title='bbox 359 3771 378 3810; x_wconf 89' lang='lat' dir='ltr'><strong>a</strong></span> <span class='ocrx_word' id='word_1_367' title='bbox 402 3749 480 3810; x_wconf 86' lang='lat' dir='ltr'><strong>veris</strong></span> <span class='ocrx_word' id='word_1_368' title='bbox 503 3751 693 3827; x_wconf 84' lang='lat' dir='ltr'><strong>planetarum</strong></span> <span class='ocrx_word' id='word_1_369' title='bbox 718 3751 846 3811; x_wconf 89' lang='lat' dir='ltr'><strong>motibus</strong></span> <span class='ocrx_word' id='word_1_370' title='bbox 873 3750 1092 3811; x_wconf 90' lang='lat' dir='ltr'><strong>accidentarios</strong></span> <span class='ocrx_word' id='word_1_371' title='bbox 1122 3758 1152 3810; x_wconf 91' lang='lat' dir='ltr'><strong>et</strong></span> <span class='ocrx_word' id='word_1_372' title='bbox 1176 3768 1213 3809; x_wconf 88' lang='lat' dir='ltr'><strong>ex</strong></span> <span class='ocrx_word' id='word_1_373' title='bbox 1236 3747 1400 3828; x_wconf 84' lang='lat' dir='ltr'><strong>phantasia</strong></span> <span class='ocrx_word' id='word_1_374' title='bbox 1422 3745 1518 3806; x_wconf 87' lang='lat' dir='ltr'><strong>visio·</strong></span> 
     </span>
     <span class='ocr_line' id='line_1_41' title="bbox 159 3834 1517 3919; baseline -0.004 -19"><span class='ocrx_word' id='word_1_375' title='bbox 159 3841 202 3901; x_wconf 86' lang='lat' dir='ltr'><strong>nis</strong></span> <span class='ocrx_word' id='word_1_376' title='bbox 225 3848 312 3902; x_wconf 90' lang='lat' dir='ltr'><strong>ortos</strong></span> <span class='ocrx_word' id='word_1_377' title='bbox 336 3838 511 3916; x_wconf 85' lang='lat' dir='ltr'><strong>sejunxerit,</strong></span> <span class='ocrx_word' id='word_1_378' title='bbox 536 3848 568 3900; x_wconf 91' lang='lat' dir='ltr'><strong>et</strong></span> <span class='ocrx_word' id='word_1_379' title='bbox 591 3839 764 3900; x_wconf 88' lang='lat' dir='ltr'><strong>circuitibus</strong></span> <span class='ocrx_word' id='word_1_380' title='bbox 789 3840 1015 3919; x_wconf 89' lang='lat' dir='ltr'><strong>simplicitatem</strong></span> <span class='ocrx_word' id='word_1_381' title='bbox 1034 3847 1124 3919; x_wconf 90' lang='lat' dir='ltr'><strong>atque</strong></span> <span class='ocrx_word' id='word_1_382' title='bbox 1140 3837 1308 3899; x_wconf 90' lang='lat' dir='ltr'><strong>ordinatam</strong></span> <span class='ocrx_word' id='word_1_383' title='bbox 1333 3834 1517 3913; x_wconf 89' lang='lat' dir='ltr'><strong>regularita-</strong></span> 
     </span>
     <span class='ocr_line' id='line_1_42' title="bbox 159 3924 1517 4008; baseline -0.003 -18"><span class='ocrx_word' id='word_1_384' title='bbox 159 3941 217 3991; x_wconf 87' lang='lat' dir='ltr'><strong>tem</strong></span> <span class='ocrx_word' id='word_1_385' title='bbox 242 3926 417 3990; x_wconf 88' lang='lat' dir='ltr'><strong>asseruerit.</strong></span> <span class='ocrx_word' id='word_1_386' title='bbox 467 3928 614 3990; x_wconf 88' lang='lat' dir='ltr'><strong>Patricius</strong></span> <span class='ocrx_word' id='word_1_387' title='bbox 638 3947 709 3989; x_wconf 90' lang='lat' dir='ltr'><strong>vero</strong></span> <span class='ocrx_word' id='word_1_388' title='bbox 734 3929 778 3990; x_wconf 88' lang='lat' dir='ltr'><strong>ita</strong></span> <span class='ocrx_word' id='word_1_389' title='bbox 801 3930 1043 4008; x_wconf 86' lang='lat' dir='ltr'><strong>philosophatur,</strong></span> <span class='ocrx_word' id='word_1_390' title='bbox 1075 3935 1120 4000; x_wconf 92' lang='lat' dir='ltr'><strong>ut,</strong></span> <span class='ocrx_word' id='word_1_391' title='bbox 1146 3927 1195 4008; x_wconf 91' lang='lat' dir='ltr'><strong>qui</strong></span> <span class='ocrx_word' id='word_1_392' title='bbox 1221 3926 1301 3986; x_wconf 92' lang='lat' dir='ltr'><strong>illum</strong></span> <span class='ocrx_word' id='word_1_393' title='bbox 1326 3924 1423 4000; x_wconf 89' lang='lat' dir='ltr'><strong>audit,</strong></span> <span class='ocrx_word' id='word_1_394' title='bbox 1458 3941 1517 3986; x_wconf 88' lang='lat' dir='ltr'><strong>nou</strong></span> 
     </span>
     <span class='ocr_line' id='line_1_43' title="bbox 157 4011 1516 4098; baseline -0.006 -18"><span class='ocrx_word' id='word_1_395' title='bbox 157 4019 262 4098; x_wconf 86' lang='lat' dir='ltr'><strong>pedem</strong></span> <span class='ocrx_word' id='word_1_396' title='bbox 287 4035 405 4078; x_wconf 85' lang='lat' dir='ltr'><strong>movere</strong></span> <span class='ocrx_word' id='word_1_397' title='bbox 424 4017 536 4095; x_wconf 88' lang='lat' dir='ltr'><strong>possit,</strong></span> <span class='ocrx_word' id='word_1_398' title='bbox 569 4018 637 4097; x_wconf 90' lang='lat' dir='ltr'><strong>quin</strong></span> <span class='ocrx_word' id='word_1_399' title='bbox 661 4018 835 4079; x_wconf 86' lang='lat' dir='ltr'><strong>miraculum</strong></span> <span class='ocrx_word' id='word_1_400' title='bbox 859 4018 1031 4097; x_wconf 88' lang='lat' dir='ltr'><strong>contingere</strong></span> <span class='ocrx_word' id='word_1_401' title='bbox 1057 4018 1198 4077; x_wconf 81' lang='lat' dir='ltr'><strong>fateatur.</strong></span> <span class='ocrx_word' id='word_1_402' title='bbox 1246 4013 1406 4093; x_wconf 87' lang='lat' dir='ltr'><strong>Spatiatus</strong></span> <span class='ocrx_word' id='word_1_403' title='bbox 1436 4011 1516 4074; x_wconf 90' lang='lat' dir='ltr'><strong>enim</strong></span> 
     </span>
     <span class='ocr_line' id='line_1_44' title="bbox 159 4105 1516 4187; baseline -0.005 -18"><span class='ocrx_word' id='word_1_404' title='bbox 159 4126 209 4186; x_wconf 90' lang='lat' dir='ltr'><strong>per</strong></span> <span class='ocrx_word' id='word_1_405' title='bbox 232 4124 366 4186; x_wconf 88' lang='lat' dir='ltr'><strong>campos,</strong></span> <span class='ocrx_word' id='word_1_406' title='bbox 392 4105 441 4166; x_wconf 92' lang='lat' dir='ltr'><strong>ubi</strong></span> <span class='ocrx_word' id='word_1_407' title='bbox 466 4125 554 4186; x_wconf 91' lang='lat' dir='ltr'><strong>sepes</strong></span> <span class='ocrx_word' id='word_1_408' title='bbox 579 4117 610 4168; x_wconf 90' lang='lat' dir='ltr'><strong>et</strong></span> <span class='ocrx_word' id='word_1_409' title='bbox 632 4106 799 4187; x_wconf 90' lang='lat' dir='ltr'><strong>propinqua</strong></span> <span class='ocrx_word' id='word_1_410' title='bbox 821 4109 888 4169; x_wconf 88' lang='lat' dir='ltr'><strong>viae</strong></span> <span class='ocrx_word' id='word_1_411' title='bbox 913 4107 971 4168; x_wconf 89' lang='lat' dir='ltr'><strong>sibi</strong></span> <span class='ocrx_word' id='word_1_412' title='bbox 995 4124 1159 4176; x_wconf 87' lang='lat' dir='ltr'><strong>occurrere,</strong></span> <span class='ocrx_word' id='word_1_413' title='bbox 1185 4112 1316 4165; x_wconf 90' lang='lat' dir='ltr'><strong>remotos</strong></span> <span class='ocrx_word' id='word_1_414' title='bbox 1333 4122 1405 4164; x_wconf 87' lang='lat' dir='ltr'><strong>vero</strong></span> <span class='ocrx_word' id='word_1_415' title='bbox 1428 4118 1516 4165; x_wconf 87' lang='lat' dir='ltr'><strong>mon-</strong></span> 
     </span>
     <span class='ocr_line' id='line_1_45' title="bbox 159 4191 1517 4274; baseline -0.006 -16"><span class='ocrx_word' id='word_1_416' title='bbox 159 4206 203 4258; x_wconf 86' lang='lat' dir='ltr'><strong>tes</strong></span> <span class='ocrx_word' id='word_1_417' title='bbox 226 4216 260 4258; x_wconf 88' lang='lat' dir='ltr'><strong>se</strong></span> <span class='ocrx_word' id='word_1_418' title='bbox 294 4194 430 4256; x_wconf 89' lang='lat' dir='ltr'><strong>comitari</strong></span> <span class='ocrx_word' id='word_1_419' title='bbox 462 4196 528 4256; x_wconf 88' lang='lat' dir='ltr'><strong>visu</strong></span> <span class='ocrx_word' id='word_1_420' title='bbox 557 4196 658 4274; x_wconf 85' lang='lat' dir='ltr'><strong>judice</strong></span> <span class='ocrx_word' id='word_1_421' title='bbox 687 4197 854 4274; x_wconf 86' lang='lat' dir='ltr'><strong>putaverit:</strong></span> <span class='ocrx_word' id='word_1_422' title='bbox 888 4213 944 4256; x_wconf 88' lang='lat' dir='ltr'><strong>nnn</strong></span> <span class='ocrx_word' id='word_1_423' title='bbox 969 4202 1072 4256; x_wconf 88' lang='lat' dir='ltr'><strong>utetur</strong></span> <span class='ocrx_word' id='word_1_424' title='bbox 1092 4193 1203 4274; x_wconf 91' lang='lat' dir='ltr'><strong>judicio</strong></span> <span class='ocrx_word' id='word_1_425' title='bbox 1227 4191 1369 4266; x_wconf 85' lang='lat' dir='ltr'><strong>rationis,</strong></span> <span class='ocrx_word' id='word_1_426' title='bbox 1401 4191 1456 4253; x_wconf 90' lang='lat' dir='ltr'><strong>sed</strong></span> <span class='ocrx_word' id='word_1_427' title='bbox 1480 4208 1517 4250; x_wconf 89' lang='lat' dir='ltr'><strong>ue</strong></span> 
     </span>
     <span class='ocr_line' id='line_1_46' title="bbox 160 4283 1518 4366; baseline -0.006 -19"><span class='ocrx_word' id='word_1_428' title='bbox 160 4305 281 4348; x_wconf 86' lang='lat' dir='ltr'><strong>sensum</strong></span> <span class='ocrx_word' id='word_1_429' title='bbox 303 4284 421 4366; x_wconf 93' lang='lat' dir='ltr'><strong>quidem</strong></span> <span class='ocrx_word' id='word_1_430' title='bbox 446 4304 631 4346; x_wconf 89' lang='lat' dir='ltr'><strong>communem</strong></span> <span class='ocrx_word' id='word_1_431' title='bbox 656 4287 809 4347; x_wconf 90' lang='lat' dir='ltr'><strong>consulet:</strong></span> <span class='ocrx_word' id='word_1_432' title='bbox 840 4287 909 4366; x_wconf 88' lang='lat' dir='ltr'><strong>quin</strong></span> <span class='ocrx_word' id='word_1_433' title='bbox 938 4284 1037 4364; x_wconf 88' lang='lat' dir='ltr'><strong>potius</strong></span> <span class='ocrx_word' id='word_1_434' title='bbox 1061 4283 1138 4343; x_wconf 86' lang='lat' dir='ltr'><strong>visui</strong></span> <span class='ocrx_word' id='word_1_435' title='bbox 1171 4283 1289 4352; x_wconf 92' lang='lat' dir='ltr'><strong>credet,</strong></span> <span class='ocrx_word' id='word_1_436' title='bbox 1317 4288 1435 4344; x_wconf 89' lang='lat' dir='ltr'><strong>montes</strong></span> <span class='ocrx_word' id='word_1_437' title='bbox 1458 4296 1518 4340; x_wconf 92' lang='lat' dir='ltr'><strong>non</strong></span> 
     </span>
     <span class='ocr_line' id='line_1_47' title="bbox 160 4371 1519 4454; baseline -0.007 -17"><span class='ocrx_word' id='word_1_438' title='bbox 160 4375 255 4438; x_wconf 90' lang='lat' dir='ltr'><strong>minus</strong></span> <span class='ocrx_word' id='word_1_439' title='bbox 284 4393 320 4436; x_wconf 88' lang='lat' dir='ltr'><strong>ac</strong></span> <span class='ocrx_word' id='word_1_440' title='bbox 343 4392 376 4433; x_wconf 91' lang='lat' dir='ltr'><strong>se</strong></span> <span class='ocrx_word' id='word_1_441' title='bbox 405 4374 503 4452; x_wconf 92' lang='lat' dir='ltr'><strong>ipsum</strong></span> <span class='ocrx_word' id='word_1_442' title='bbox 531 4375 670 4453; x_wconf 86' lang='lat' dir='ltr'><strong>progredi</strong></span> <span class='ocrx_word' id='word_1_443' title='bbox 700 4375 800 4436; x_wconf 91' lang='lat' dir='ltr'><strong>dicet:</strong></span> <span class='ocrx_word' id='word_1_444' title='bbox 830 4375 964 4454; x_wconf 87' lang='lat' dir='ltr'><strong>adeoque</strong></span> <span class='ocrx_word' id='word_1_445' title='bbox 996 4372 1020 4434; x_wconf 89' lang='lat' dir='ltr'><strong>si</strong></span> <span class='ocrx_word' id='word_1_446' title='bbox 1045 4389 1131 4434; x_wconf 90' lang='lat' dir='ltr'><strong>curru</strong></span> <span class='ocrx_word' id='word_1_447' title='bbox 1164 4389 1288 4433; x_wconf 84' lang='lat' dir='ltr'><strong>aversus</strong></span> <span class='ocrx_word' id='word_1_448' title='bbox 1312 4371 1519 4450; x_wconf 86' lang='lat' dir='ltr'><strong>Argentorato</strong></span> 
     </span>
     <span class='ocr_line' id='line_1_48' title="bbox 161 4456 1520 4543; baseline -0.007 -19"><span class='ocrx_word' id='word_1_449' title='bbox 161 4473 211 4527; x_wconf 90' lang='lat' dir='ltr'><strong>aut</strong></span> <span class='ocrx_word' id='word_1_450' title='bbox 233 4464 356 4524; x_wconf 89' lang='lat' dir='ltr'><strong>Vienna</strong></span> <span class='ocrx_word' id='word_1_451' title='bbox 380 4464 566 4541; x_wconf 88' lang='lat' dir='ltr'><strong>egrediatur,</strong></span> <span class='ocrx_word' id='word_1_452' title='bbox 599 4462 707 4525; x_wconf 88' lang='lat' dir='ltr'><strong>Jovem</strong></span> <span class='ocrx_word' id='word_1_453' title='bbox 731 4464 861 4543; x_wconf 91' lang='lat' dir='ltr'><strong>lapidem</strong></span> <span class='ocrx_word' id='word_1_454' title='bbox 885 4461 1015 4541; x_wconf 89' lang='lat' dir='ltr'><strong>jurabit,</strong></span> <span class='ocrx_word' id='word_1_455' title='bbox 1050 4460 1189 4531; x_wconf 89' lang='lat' dir='ltr'><strong>turrium,</strong></span> <span class='ocrx_word' id='word_1_456' title='bbox 1222 4478 1298 4540; x_wconf 87' lang='lat' dir='ltr'><strong>quae</strong></span> <span class='ocrx_word' id='word_1_457' title='bbox 1327 4459 1373 4520; x_wconf 90' lang='lat' dir='ltr'><strong>his</strong></span> <span class='ocrx_word' id='word_1_458' title='bbox 1398 4456 1520 4518; x_wconf 91' lang='lat' dir='ltr'><strong>urbibus</strong></span> 
     </span>
     <span class='ocr_line' id='line_1_49' title="bbox 161 4543 1519 4631; baseline -0.009 -17"><span class='ocrx_word' id='word_1_459' title='bbox 161 4553 314 4630; x_wconf 89' lang='lat' dir='ltr'><strong>praealtae</strong></span> <span class='ocrx_word' id='word_1_460' title='bbox 339 4560 419 4624; x_wconf 88' lang='lat' dir='ltr'><strong>sunt,</strong></span> <span class='ocrx_word' id='word_1_461' title='bbox 444 4553 545 4613; x_wconf 89' lang='lat' dir='ltr'><strong>minas</strong></span> <span class='ocrx_word' id='word_1_462' title='bbox 570 4553 599 4612; x_wconf 93' lang='lat' dir='ltr'><strong>in</strong></span> <span class='ocrx_word' id='word_1_463' title='bbox 625 4573 656 4611; x_wconf 92' lang='lat' dir='ltr'><strong>se</strong></span> <span class='ocrx_word' id='word_1_464' title='bbox 681 4571 814 4631; x_wconf 89' lang='lat' dir='ltr'><strong>vergere.</strong></span> <span class='ocrx_word' id='word_1_465' title='bbox 862 4551 943 4613; x_wconf 90' lang='lat' dir='ltr'><strong>Olim</strong></span> <span class='ocrx_word' id='word_1_466' title='bbox 964 4551 1084 4629; x_wconf 90' lang='lat' dir='ltr'><strong>quidam</strong></span> <span class='ocrx_word' id='word_1_467' title='bbox 1107 4569 1239 4611; x_wconf 81' lang='lat' dir='ltr'><strong>meorum</strong></span> <span class='ocrx_word' id='word_1_468' title='bbox 1264 4543 1519 4609; x_wconf 89' lang='lat' dir='ltr'><strong>contubernalium</strong></span> 
     </span>
     <span class='ocr_line' id='line_1_50' title="bbox 161 4634 1517 4720; baseline -0.007 -18"><span class='ocrx_word' id='word_1_469' title='bbox 161 4660 212 4720; x_wconf 90' lang='lat' dir='ltr'><strong>per</strong></span> <span class='ocrx_word' id='word_1_470' title='bbox 235 4641 386 4702; x_wconf 85' lang='lat' dir='ltr'><strong>fenestrae</strong></span> <span class='ocrx_word' id='word_1_471' title='bbox 407 4641 514 4703; x_wconf 90' lang='lat' dir='ltr'><strong>vitrum</strong></span> <span class='ocrx_word' id='word_1_472' title='bbox 538 4649 699 4720; x_wconf 87' lang='lat' dir='ltr'><strong>pascentes</strong></span> <span class='ocrx_word' id='word_1_473' title='bbox 724 4641 752 4701; x_wconf 90' lang='lat' dir='ltr'><strong>in</strong></span> <span class='ocrx_word' id='word_1_474' title='bbox 776 4641 946 4704; x_wconf 88' lang='lat' dir='ltr'><strong>suburbano</strong></span> <span class='ocrx_word' id='word_1_475' title='bbox 970 4647 1057 4719; x_wconf 89' lang='lat' dir='ltr'><strong>prato</strong></span> <span class='ocrx_word' id='word_1_476' title='bbox 1081 4638 1174 4700; x_wconf 90' lang='lat' dir='ltr'><strong>boves</strong></span> <span class='ocrx_word' id='word_1_477' title='bbox 1189 4634 1408 4718; x_wconf 66' lang='lat' dir='ltr'><strong>prospiciebam</strong></span> <span class='ocrx_word' id='word_1_478' title='bbox 1432 4651 1517 4694; x_wconf 90' lang='lat' dir='ltr'><strong>cum-</strong></span> 
     </span>
     <span class='ocr_line' id='line_1_51' title="bbox 164 4723 1519 4815; baseline -0.007 -23"><span class='ocrx_word' id='word_1_479' title='bbox 164 4749 217 4812; x_wconf 90' lang='lat' dir='ltr'><strong>que</strong></span> <span class='ocrx_word' id='word_1_480' title='bbox 245 4749 299 4812; x_wconf 90' lang='lat' dir='ltr'><strong>pro</strong></span> <span class='ocrx_word' id='word_1_481' title='bbox 324 4730 458 4792; x_wconf 87' lang='lat' dir='ltr'><strong>fenestra</strong></span> <span class='ocrx_word' id='word_1_482' title='bbox 485 4731 632 4815; x_wconf 86' lang='lat' dir='ltr'><strong>penderet</strong></span> <span class='ocrx_word' id='word_1_483' title='bbox 656 4750 802 4807; x_wconf 88' lang='lat' dir='ltr'><strong>araneus,</strong></span> <span class='ocrx_word' id='word_1_484' title='bbox 837 4748 903 4792; x_wconf 92' lang='lat' dir='ltr'><strong>eum</strong></span> <span class='ocrx_word' id='word_1_485' title='bbox 927 4729 977 4791; x_wconf 88' lang='lat' dir='ltr'><strong>ilie</strong></span> <span class='ocrx_word' id='word_1_486' title='bbox 1001 4748 1066 4791; x_wconf 90' lang='lat' dir='ltr'><strong>cum</strong></span> <span class='ocrx_word' id='word_1_487' title='bbox 1094 4727 1189 4789; x_wconf 90' lang='lat' dir='ltr'><strong>bobus</strong></span> <span class='ocrx_word' id='word_1_488' title='bbox 1218 4732 1343 4807; x_wconf 87' lang='lat' dir='ltr'><strong>aspectu</strong></span> <span class='ocrx_word' id='word_1_489' title='bbox 1371 4723 1519 4784; x_wconf 91' lang='lat' dir='ltr'><strong>directore</strong></span> 
     </span>
    </p>
   </div>
   <div class='ocr_carea' id='block_1_5' title="bbox 0 0 1689 5482">
    <p class='ocr_par' dir='ltr' id='par_1_8' title="bbox 0 0 1689 5482">
     <span class='ocr_line' id='line_1_52' title="bbox 0 0 1689 5482; baseline 0 0"><span class='ocrx_word' id='word_1_490' title='bbox 0 0 1689 5482; x_wconf 95' lang='lat' dir='ltr'><strong> </strong></span> 
     </span>
    </p>
   </div>
  </div>
 </body>
</html>
