3366 5482
128 355 132 362 ,
202 271 272 341 utu
624 273 1140 340 murnum-u·

202 428 947 505 mummnminffizodiacuminu.
993 430 1568 512 Estigitnripaiusatellaelasox·

202 522 269 585 tilis
290 531 355 584 tam
378 522 409 582 in
434 518 464 581 G
487 539 576 600 qnam
600 520 630 580 in
653 520 702 593 Μ,
733 521 804 599 qnia
826 522 936 582 stellae
958 521 1081 582 radiant
1109 522 1139 581 in
1164 522 1269 583 orbem
1290 519 1503 591 ennumcirna,
1534 530 1568 585 et

204 610 235 674 (ἶ
263 611 384 692 quidem
411 609 489 688 jam
510 610 611 686 tangit
643 609 844 682 horizontem,
878 610 912 670 m
944 629 1015 671 vern
1050 619 1100 671 est
1125 610 1216 672 inira
1262 608 1445 682 Quaeritur,
1477 609 1566 689 quala

202 708 347 782 punctum
371 698 409 758 de
431 697 543 759 circulo
556 694 621 758 MG
645 697 807 758 tenendum
830 698 873 759 sit
894 716 949 776 pro
972 698 1137 760 directione
1159 697 1250 776 liujus
1271 699 1392 761 sextilis
1415 698 1455 760 ad
1473 698 1566 760 boro-
1591 757 1593 760 .

203 787 350 868 scapum?
385 787 466 849 b'am
489 786 516 846 si
540 783 569 846 G
592 795 682 846 extra
694 785 861 859 zodiacum,
885 787 1011 848 duectm
1025 787 1149 849 durabit
1161 787 1349 850 diuh’ssime:
1372 787 1475 848 omnia
1488 787 1567 849 enirn

204 887 318 959 puncta
340 875 442 935 circuli
466 873 551 953 pani
579 892 616 934 ex
641 874 667 934 L
695 874 839 953 descripti
871 877 1043 936 successive
1075 882 1206 954 tangunt
1240 876 1457 955 horoscopum
1495 893 1567 954 ergo

204 967 302 1028 aulum
325 975 467 1042 punctum
482 963 516 1022 Μ
535 961 659 1022 valebit.
707 960 870 1031 Quaeritur
894 963 985 1042 igitur
1009 963 1165 1043 longitudo
1188 965 1262 1026 ΜΗ.
1309 964 1474 1026 Metbodns
1498 982 1567 1024 cor-

203 1053 375 1119 rectissima
397 1052 453 1112 boc
477 1051 543 1112 loco
566 1058 623 1123 est,
648 1060 681 1110 ut
696 1062 848 1112 secantem
864 1052 923 1112 LM
948 1047 1009 1114 60·
1031 1052 1149 1114 dividas
1172 1070 1226 1131 per
1248 1062 1405 1114 secantem
1420 1052 1479 1113 LH
1493 1051 1566 1113 lati·

206 1142 333 1212 tndinis,
364 1150 397 1201 ut
418 1140 547 1219 prodeat
570 1157 678 1199 secans
701 1139 773 1200 ΜΗ.
819 1139 889 1201 Jam
913 1141 1084 1220 blaginus
1118 1144 1158 1212 (iu
1177 1148 1355 1214 Supplmeaso
1374 1148 1567 1214 spumarum

203 1256 229 1306 p.
250 1235 302 1290 ¹⁵0
319 1237 345 1286 ι.
376 1236 492 1286 rmkot.
514 1230 597 1299 1608)
622 1229 737 1289 mavult
759 1240 901 1306 punctum
925 1229 958 1288 m
982 1230 1011 1289 in
1036 1237 1198 1308 aequatore
1222 1241 1369 1304 statuere,
1395 1239 1431 1291 nt
1452 1229 1567 1292 sitLH

206 1317 377 1391 declinatio,
402 1316 492 1378 HMF
512 1325 673 1395 aequator;
698 1316 756 1377 erit
778 1316 871 1395 igitur
893 1337 1052 1397 processus
1076 1318 1166 1392 idem,
1190 1328 1223 1379 et
1237 1320 1327 1393 scias,
1351 1318 1408 1380 boc
1423 1337 1567 1397 processu

204 1407 340 1471 tabulam
367 1424 435 1466 esse
464 1405 590 1476 laetam,
628 1423 665 1464 ex
695 1423 753 1484 qna
780 1405 923 1484 Maginus
948 1406 1037 1485 jubet
1070 1424 1243 1485 excerpere.
1297 1407 1348 1469 Sic
1378 1405 1567 1486 Origanns

204 1494 391 1562 (mendas
409 1491 645 1556 Brandonburgicae
664 1493 696 1540 ab
708 1507 730 1541 a.
747 1490 930 1542 tots-16⁵5.
952 1495 1067 1544 Fraukol.
1082 1495 1115 1544 ad
1127 1493 1175 1544 ΟΦ
1191 1491 1269 1545 1609.
1288 1495 1345 1544 Vol
1357 1495 1378 1544 1.
1398 1510 1423 1558 p.
1438 1490 1491 1543 388
1504 1490 1566 1560 aeq.)

204 1587 272 1632 cum
294 1586 348 1628 suo
371 1565 460 1627 modo
484 1574 516 1624 et
540 1563 644 1623 tabula
670 1564 759 1643 plane
788 1565 843 1626 hoc
871 1576 1026 1644 praestat,
1061 1566 1138 1645 qnod
1163 1585 1220 1645 ego
1243 1585 1335 1646 snpra
1359 1566 1447 1628 docui
1471 1567 1565 1645 primo

204 1656 359 1720 schemate
390 1673 444 1734 per
476 1661 617 1713 secantes
654 1653 806 1722 (victoum
833 1663 932 1712 mbo:
962 1663 1062 1713 nodum
1085 1671 1157 1712 sum
1181 1663 1352 1713 eomtsuandi
1376 1663 1416 1712 vel
1444 1662 1568 1727 aequum

205 1752 334 1812 qums,
359 1741 488 1793 dividendo
507 1748 636 1790 mantem
653 1740 693 1789 rel
711 1739 876 1791 differentiam
895 1742 1034 1792 latitudinis
1052 1741 1099 1793 da
1118 1758 1165 1793 noc
1184 1758 1233 1809 ago
1258 1758 1306 1794 nso
1326 1743 1452 1808 Origanur
1471 1743 1567 1808 nequi

205 1821 360 1891 mnam).
405 1812 527 1876 Invenit
549 1811 641 1883 enim,
676 1821 820 1891 quantum
843 1814 985 1891 planetae
1009 1814 1142 1876 debeant
1164 1814 1279 1876 distare
1308 1814 1338 1877 in
1362 1815 1503 1889 zodiaco,
1536 1821 1568 1874 ut

206 1905 249 1970 uit
275 1904 356 1965 inter
382 1902 514 1982 ipsorum
542 1918 669 1980 corpora
695 1901 848 1979 perfectus
872 1911 1025 1980 aspectus.
1071 1903 1267 1975 Nesciebam,
1300 1903 1420 1965 tabulas
1453 1903 1511 1964 bas
1538 1902 1566 1962 in

204 1992 329 2074 Ergino
352 1991 401 2052 vel
425 1988 560 2069 Origano
584 1988 719 2050 inveniri.
766 1989 882 2069 Magini
906 2000 1006 2052 tamen
1031 1993 1213 2053 sententiam
1243 1993 1280 2053 de
1309 2000 1475 2072 aequatore
1510 2008 1566 2051 non

205 2090 279 2166 puto
302 2087 428 2142 naturae
453 2085 696 2139 consentaneam.
741 2077 937 2142 Planetamm
960 2088 993 2141 et
1015 2078 1097 2142 Solis
1121 2081 1179 2141 iter
1202 2090 1251 2142 est
1273 2081 1304 2142 in
1327 2080 1469 2142 zodiaco:
1499 2078 1567 2141 inde

205 2176 256 2235 eut
278 2169 325 2230 vis
347 2167 485 2246 partibus
509 2165 625 2226 zodiaci
648 2165 732 2226 radio
756 2168 866 2228 stellae
880 2167 972 2228 tactis
988 2169 1126 2230 movendi
1150 2177 1301 2244 naturam,
1324 2188 1393 2231 cum
1416 2188 1472 2230 eae
1494 2186 1567 2247 par-

207 2267 256 2323 to
277 2257 317 2321 ad
340 2256 536 2333 horoscopum
560 2253 692 2316 veniunt.
740 2251 856 2317 Sufficit
879 2256 986 2336 igitur,
1012 2267 1046 2318 ut
1068 2267 1215 2340 aequator
1236 2265 1375 2337 praestet
1398 2275 1567 2319 mensnram

108 2420 115 2432 ι
207 2345 352 2427 temporis
376 2342 562 2406 directionis.

294 2457 331 2533 l)
358 2459 551 2520 Ptolemaeus
581 2457 658 2518 forte
682 2451 853 2540 ὁλοσχερως
881 2466 913 2519 et
941 2459 1089 2540 pinguiori
1113 2461 1251 2522 Minerva
1273 2459 1409 2535 dixerat,
1443 2459 1569 2540 gradum

206 2547 381 2632 aeqmtoris
404 2547 433 2609 in
456 2546 621 2608 directione
650 2546 820 2624 significare
845 2567 955 2609 annum
991 2550 1158 2620 (violentum
1177 2559 1295 2624 Magium
1313 2560 1447 2625 gloriatur,
1475 2556 1570 2608 Nailo-

205 2638 267 2690 dm
283 2659 317 2671 -
336 2637 362 2686 in
381 2634 518 2685 Commeut.
539 2635 571 2684 ad
584 2633 753 2684 Ptolemaeum
774 2663 807 2672 -
825 2638 907 2685 verius
925 2650 1001 2702 quam
1019 2645 1116 2687 ceteros
1134 2646 1277 2688 umcutm
1295 2639 1373 2689 luisse
1386 2646 1499 2688 mentm
1510 2638 1567 2688 Pto·

206 2709 297 2761 lenaei
315 2710 341 2757 in
360 2706 550 2766 dbscdonibus,
575 2705 718 2754 atmodum
737 2707 813 2769 ipsius
833 2710 964 2757 convenire
988 2723 1044 2758 oum
1062 2709 1135 2758 modo
1154 2724 1198 2758 suo
1217 2708 1263 2759 &a
1300 2709 1368 2761 Num
1387 2709 1429 2760 bic
1447 2723 1521 2759 rarus
1539 2710 1571 2758 rit

206 2788 293 2840 modus
310 2787 485 2844 Ptolemaicns,
505 2793 531 2835 et
548 2784 622 2851 qualo
639 2792 709 2836 mum
727 2788 760 2837 sit
769 2787 897 2849 judicium,
916 2788 1013 2851 postulo
1027 2794 1053 2838 et
1065 2782 1193 2854 expecto).
1231 2782 1322 2855 Sane,
1348 2782 1419 2862 quia
1443 2790 1569 2843 eventus

206 2870 403 2936 directionum
428 2887 486 2929 non
511 2867 548 2927 ad
573 2866 788 2929 subtilissimas
813 2868 954 2929 minutias
977 2871 1171 2948 respondent,
1194 2871 1314 2950 putavit
1331 2870 1497 2932 mittendas
1513 2868 1569 2930 mi-

207 2960 323 3033 nutias,
356 2969 388 3019 et
410 2966 491 3019 recte
516 2955 646 3035 quidem.
692 2955 906 3031 Recentiores,
932 2954 1104 3033 Cardanus,
1129 2960 1285 3039 blaginus,
1309 2958 1467 3032 Naiboda,
1490 2959 1569 3019 Bra·

207 3050 300 3123 hena,
337 3046 474 3108 minutim
504 3045 605 3106 omnia
637 3053 868 3118 consectantes,
907 3046 1019 3108 rectius
1047 3048 1250 3122 contendunt,
1289 3040 1379 3111 360⁰
1400 3046 1569 3128 significare

207 3133 315 3218 tttl,
342 3152 447 3196 annos.
492 3132 581 3193 Meus
614 3134 719 3195 modus
749 3135 900 3196 consentit
929 3135 1058 3197 maxime
1082 3154 1147 3197 curu
1171 3136 1311 3211 Braheo,
1346 3136 1414 3215 qni,
1450 3144 1486 3197 ut
1515 3152 1569 3214 ego

206 3244 262 3309 per
288 3224 404 3287 zodiaci
432 3240 520 3284 arcus
544 3220 640 3302 dirigo
663 3221 781 3298 Solem,
804 3223 850 3284 ita
873 3223 939 3303 ipse
964 3243 1017 3304 per
1040 3225 1213 3305 aequaturis
1235 3245 1323 3288 arcus
1347 3225 1519 3287 oborientes
1540 3223 1570 3284 in

209 3321 295 3379 recta
317 3314 457 3393 sphaera.

297 3417 333 3494 5)
366 3416 454 3488 Quod
481 3417 508 3478 P
514 3434 671 3479 eucerus
695 3418 736 3489 (in
748 3427 808 3477 libro
827 3426 859 3476 de
871 3427 1059 3479 Divinationum
1071 3430 1203 3494 generibus
1215 3421 1371 3494 praecipuis)
1394 3428 1487 3503 putat
1509 3435 1572 3480 cum

119 3549 125 3557 ·
208 3509 355 3583 Herlicio,
381 3526 434 3568 eas
458 3506 625 3568 censendas
650 3524 719 3568 esse
742 3508 932 3588 planetarum
956 3509 1078 3585 domus,
1109 3528 1184 3589 quae
1209 3510 1493 3572 constellationibus
1517 3506 1571 3568 de-

208 3599 394 3669 seribuntur,
427 3614 482 3656 nec
509 3595 695 3674 incipiendus
725 3595 763 3657 ab
794 3597 998 3677 aequinoctio,
1032 3597 1086 3660 sed
1117 3620 1135 3660 a
1162 3599 1261 3678 prima
1283 3598 1405 3662 arietis:
1423 3598 1571 3680 speciem

207 3687 301 3751 babet
323 3684 396 3759 veri,
421 3685 465 3746 sic
489 3685 566 3745 enim
590 3691 711 3746 etcum
736 3685 839 3746 Lunae
863 3686 1068 3748 mansionibus
1091 3688 1134 3749 lit.
1181 3689 1227 3748 At
1248 3687 1318 3748 vide
1343 3687 1420 3750 libro
1443 3684 1570 3750 monde

208 3774 331 3854 „Stella
353 3773 563 3855 Serpeutarii“
594 3774 776 3835 sententiam
800 3793 919 3850 meam,
945 3775 1037 3836 etiam
1065 3795 1103 3837 ex
1125 3786 1226 3837 mente
1255 3776 1479 3856 astrologorum
1508 3774 1570 3836 lor-

208 3873 330 3941 matnm,
354 3863 488 3924 Pencero
512 3861 711 3924 contrariam:
742 3861 800 3924 etsi
823 3872 938 3925 totum
962 3865 1129 3926 domuum
1152 3864 1341 3944 negotium
1365 3874 1569 3928 contemno.

296 3979 382 4042 Haec
405 3979 444 4040 ad
470 3979 575 4041 literas
598 3977 626 4038 d.
652 3978 682 4038 d.
707 3975 760 4040 25.
785 3978 900 4040 Martii.
946 3979 1034 4042 Nunc
1058 3980 1097 4040 ad
1121 3990 1283 4062 sequentes
1309 3976 1361 4043 18.
1384 3980 1481 4060 Maji:

300 4066 332 4141 l)
363 4067 463 4141 Petis,
493 4075 527 4129 ut
551 4066 634 4128 brevi
657 4076 820 4146 praecepto
845 4075 875 4128 te
894 4067 1008 4146 juvem,
1032 4076 1067 4129 ut
1090 4069 1185 4145 scias,
1217 4078 1361 4148 qnantum
1390 4067 1569 4149 eoperui-

208 4157 314 4223 canis
338 4157 500 4218 motibus
525 4156 762 4234 planetarum
786 4155 829 4217 sit
843 4156 1022 4232 addendum,
1046 4168 1189 4239 qnantum
1204 4157 1454 4220 subtrahendum.
1497 4157 1569 4220 Dixi

203 4248 267 4330 jam
301 4263 393 4324 saepe
426 4253 458 4306 et
490 4244 616 4323 scripsi,
649 4262 711 4305 rem
739 4252 902 4324 praecepto
926 4247 1137 4326 comprehendi
1167 4265 1224 4307 uon
1249 4264 1351 4327 posse.
1398 4246 1568 4309 Brabeus

206 4338 273 4418 ipso
296 4335 340 4398 sic
365 4334 442 4414 egit:
476 4333 629 4408 ostendit,
664 4333 860 4412 quantumin
884 4335 1113 4398 excentricitate
1138 4337 1333 4409 mutandum,
1368 4335 1568 4414 quantumin

207 4444 364 4508 upogaeo‚
398 4430 542 4503 quantum
575 4421 604 4483 in
638 4421 831 4502 proportione
864 4422 999 4497 orbium,
1032 4425 1060 4486 in
1093 4434 1175 4486 motu
1198 4424 1315 4499 medio,
1349 4423 1381 4486 iu
1404 4423 1566 4487 latitudine

206 4516 348 4578 maxima.
397 4509 514 4581 Quibus
545 4509 720 4572 constitutis
748 4512 843 4590 jussit
873 4522 982 4592 postea
1014 4514 1163 4575 calculare
1202 4521 1302 4575 motus
1330 4512 1420 4574 modo
1449 4513 1566 4574 usitato

206 4600 429 4669 iquteniois
454 4608 486 4662 et
508 4597 716 4680 Alpbonsiuis,
740 4608 859 4662 tantum
882 4601 1026 4664 correctis
1050 4601 1213 4682 principiis.
1260 4601 1410 4680 Exemplo
1429 4600 1566 4682 ingentis

206 4690 377 4764 ιιιίοιιιὶι,
400 4708 477 4769 quae
501 4688 548 4750 his
572 4707 610 4750 ex
633 4687 788 4768 principiis
812 4689 922 4765 oritur,
951 4690 992 4752 sit
1016 4690 1069 4753 tibi
1093 4691 1206 4752 Mers.
1253 4689 1343 4752 Anno
1357 4684 1454 4753 1606.
1478 4689 1564 4769 prin-

206 4778 285 4862 aspin
306 4779 379 4843 anui
402 4786 444 4841 ut.
466 4797 496 4840 n.
518 4777 616 4856 incipe
638 4776 751 4841 addere
779 4778 844 4858 ejus
876 4779 952 4842 loeis
973 4778 1164 4852 Pmteniois,
1195 4775 1251 4844 22.
1272 4777 1364 4843 Febr.
1390 4777 1473 4849 adds
1495 4777 1566 4859 plu-
