3366 5482
765 240 1041 306 marmania

804 535 924 634 Caput
951 537 980 608 Ι.

475 661 481 672 “
594 690 747 768 cnseat
770 691 950 774 apportas
972 696 1195 758 mammea.

304 836 338 896 In
373 833 583 913 descriptione·
604 831 812 911 hypothesium
845 833 888 893 sic
919 833 1050 912 loquitur
1073 835 1192 910 Ursus,
1218 837 1313 915 quasi.
1335 857 1399 903 neu
1424 841 1477 904 aa
1499 844 1585 907 aliisi

216 931 408 1004 comparatae
433 930 536 985 essent
558 921 761 1000 hypotheses,
786 920 938 1000 quemad
962 921 1055 983 ludos·
1073 923 1244 991 hominibus
1271 925 1439 995 faciendoss
1480 928 1592 1001 Quam

215 1015 264 1076 au,
277 1031 341 1075 rem
363 1030 420 1073 non
444 1011 531 1073 satis¹
544 1008 701 1076 verborum
720 1008 844 1082 invenit,
878 1008 983 1088 quibus
1010 1029 1098 1088 quam
1121 1012 1184 1079 fieri
1208 1020 1314 1090 potest
1336 1019 1584 1084 contemtissime

216 1103 255 1165 de
276 1101 336 1163 boc
356 1118 465 1179 genere
488 1096 697 1161 inventionum.
714 1098 871 1176 loquatur:
897 1115 951 1158 nec
965 1099 1048 1176 prins
1063 1108 1165 1161 cessat
1179 1102 1347 1166 orationem
1362 1124 1450 1168 snam
1465 1109 1581 1172 distin-

216 1207 318 1271 guere,
343 1187 593 1266 subdistinguere,
619 1204 707 1264 quam
731 1204 763 1244 se
786 1186 885 1262 ipsum
900 1187 1118 1263 quodammodo
1133 1191 1330 1268 superaverit
1377 1193 1456 1257 Nos
1477 1215 1583 1260 veram

215 1276 425 1360 hypothesium
447 1284 586 1337 naturam
608 1273 981 1355 primumexplicabimus3
1005 1284 1114 1352 postea
1132 1278 1217 1339 varie
1241 1279 1471 1360 impingentem.
1485 1305 1581 1366 seque

214 1368 312 1446 ipsam
335 1365 542 1426 conficientem
557 1361 628 1423 Ursi
652 1362 833 1422 sententiam
856 1362 1061 1439 particulatim
1084 1367 1303 1443 expendemus:
1329 1388 1367 1430 ne
1382 1372 1456 1450 quid
1470 1383 1580 1450 restet,

217 1456 295 1536 qnod
319 1454 477 1533 imperitus
501 1452 597 1512 lector·
620 1450 698 1511 Urso
721 1459 845 1529 propter
868 1450 977 1528 ingenii
1003 1453 1114 1514 samam
1139 1455 1253 1516 frustra
1276 1457 1393 1521 credat.

304 1543 373 1604 Nun
397 1540 502 1601 statim
526 1557 592 1604 cnm
611 1539 685 1616 ipsa
707 1539 787 1604 coeli
808 1540 989 1602 observandi
1012 1542 1227 1603 consuetudine
1251 1553 1407 1607 natusest
1426 1549 1580 1628 mosistc,

215 1638 362 1712 utquam
386 1629 510 1710 quisque
530 1626 776 1706 pbilosophorum
800 1646 841 1689 ex
861 1626 970 1690 intuitu
994 1629 1070 1690 coeli
1094 1631 1130 1690 de
1154 1633 1255 1693 mnndi
1279 1633 1490 1715 dispositione.
1505 1658 1581 1702 con.

214 1720 349 1799 cepisset
381 1718 565 1797 opinionem,
605 1735 643 1775 ea
679 1733 785 1777 nomen
823 1715 954 1793 aliquod.
981 1716 1107 1783 haberet
1145 1719 1381 1801 hypothesisqae
1416 1725 1579 1790 diceretur.

213 1806 434 1887 Longinquitas
459 1803 602 1883 temporis
625 1802 928 1881 philosophorumque
953 1806 1118 1878 successio,
1149 1814 1183 1868 nt
1205 1817 1308 1870 cetera
1332 1829 1579 1890 qnae-*vocamus

215 1897 363 1959 secundae
388 1892 565 1956 intentionis
580 1890 736 1964 vocabula,
761 1891 804 1952 sic
819 1892 876 1952 hoc
892 1911 1006 1973 quoque
1022 1893 1052 1953 in
1074 1897 1261 1957 astronomia
1274 1899 1441 1965 stabilivit.
1475 1903 1582 1968 Prima

213 1984 297 2047 vocis
329 1982 485 2060 usurpatio
519 1979 574 2041 luit
606 1980 685 2059 apud
714 1988 957 2057 geometras,
998 1981 1057 2060 qui¹
1080 1991 1150 2045 ante
1179 1992 1282 2046 natam
1316 1986 1448 2066 logicam
1476 1993 1580 2071 philo.

214 2072 338 2152 sophiae
367 2079 502 2150 partem,
537 2067 668 2131 naturali
696 2067 808 2129 mentis
839 2067 947 2137 lumine
971 2069 1245 2133 demonstrationes
1273 2094 1347 2136 snas
1374 2082 1580 2156 geometricas

214 2178 283 2221 cnm
306 2160 420 2220 velient
443 2156 598 2235 expedire,
629 2154 712 2215 soliti
736 2163 805 2219 sunt
829 2175 848 2214 a
871 2165 954 2217 certo
977 2161 1106 2237 quodam
1129 2160 1217 2222 initio
1241 2161 1409 2227 doctrinam
1433 2168 1578 2249 incipere.

215 2245 476 2318 Quemadmodum
499 2244 581 2305 enim
600 2242 854 2307 inarchitectura
875 2244 952 2305 satis
981 2246 1073 2307 habet
1096 2246 1212 2327 opifex,
1247 2251 1351 2330 sipro
1374 2255 1477 2318 latura
1499 2260 1579 2320 mols

216 2336 321 2398 domum
345 2333 546 2397 fundamenta¹
563 2331 646 2393 inira
665 2338 778 2393 terram
801 2339 946 2407 exstruat,
972 2354 1067 2415 nsque
1091 2337 1240 2401 sollicitus
1254 2349 1313 2414 est,
1336 2349 1473 2406 uttam
1496 2346 1577 2408 inle-

215 2425 276 2488 rinr
297 2424 347 2484 vel
371 2429 440 2483 ruat
467 2420 525 2483 vel⁴
540 2419 570 2480 in
593 2439 661 2489 sese
688 2420 815 2482 recedat
839 2439 932 2499 usque
956 2423 995 2484 ad
1018 2432 1169 2498 centrum,
1199 2428 1244 2488 ita
1276 2428 1306 2489 in
1328 2449 1362 2491 re
1390 2436 1581 2510 &emetrica

216 2512 302 2593 primi
327 2516 464 2572 auctores
488 2527 545 2569 non
570 2508 614 2569 ita
642 2507 744 2569 stolidi
773 2509 908 2584 fuerunt,
944 2519 977 2572 ut
1008 2513 1057 2591 qui
1086 2522 1158 2594 post
1181 2516 1278 2577 secuti
1311 2520 1591 2601 sunt-‚Pyrrheum

215 2608 255 2663 ue
275 2601 376 2662 omnia
398 2598 518 2658 veilent.
541 2597 728 2671 addubitare,
762 2597 834 2659 nihil
862 2598 1010 2677 arripere,
1037 2620 1127 2680 super
1155 2604 1234 2681 quod
1261 2623 1325 2667 een-
1349 2607 1578 2675 fundamentum

215 2697 330 2753 certum
358 2695 391 2749 et
419 2685 554 2748 omnibus
582 2687 752 2748 consessum
780 2695 882 2748 cetera
913 2688 1026 2750 velient
1053 2692 1313 2770 superaedificare.
1362 2692 1451 2766 Quae
1473 2699 1576 2782 itaque

214 2784 299 2842 certa
322 2786 355 2838 et
378 2775 457 2854 apud
472 2774 724 2837 omneshomines
748 2775 888 2838 confessa
904 2785 1015 2850 essent,
1042 2798 1078 2840 ea
1098 2780 1221 2858 speciali
1244 2782 1577 2864 nominedfiempuoa

212 2866 399 2938 dictitarent,
424 2882 479 2924 ceu
501 2863 668 2929 sententias
687 2863 831 2938 dicerent,
857 2883 933 2943 quae
956 2865 1103 2928 haberent
1125 2870 1348 2935 auctoritatem,
1365 2875 1451 2952 apud
1461 2895 1575 2940 omnes

213 2953 371 3026 Quaedam
393 2950 563 3031 hujusmodi
585 2951 801 3031 principiorum:
825 2951 870 3013 sie
894 2962 981 3016 erant
1003 2965 1193 3033 comparata,
1219 2966 1253 3020 nt
1276 2960 1422 3038 quamuis:
1445 2982 1518 3028 nan.
1539 2967 1576 3031 ab

214 3044 352 3107 omuibus
375 3040 580 3114 crederentur,
605 3039 679 3119 ipsis
703 3049 810 3103 tamen·
828 3042 1000 3112 auctoribus
1016 3044 1094 3105 satis
1109 3053 1293 3118 erantnota,
1316 3055 1428 3112 utnon
1453 3053 1577 3118 dubita,

211 3140 280 3197 rent
311 3152 349 3193 ea
376 3130 437 3194 alia
465 3128 720 3195 demonstratione
748 3136 888 3193 certast
910 3149 985 3192 vera
1011 3133 1194 3208 ostendere,
1220 3135 1250 3198 id
1280 3144 1381 3201 autern
1404 3147 1440 3202 ut
1461 3140 1575 3215 ineufi

210 3221 370 3301 proposita
399 3216 662 3283 demonstratione
684 3224 871 3296 perstarent,
903 3222 952 3283 vel
982 3220 1069 3283 nimis
1099 3222 1220 3301 longum
1253 3233 1326 3289 erat
1351 3227 1486 3292 futurum
1527 3233 1575 3295 vsi

211 3307 472 3388 intempestivum,
503 3313 537 3367 ut
561 3306 706 3385 ejusmodi
732 3307 900 3371 sententiae
924 3327 992 3380 cnm
1015 3309 1084 3371 aliis
1108 3311 1211 3385 rebus,
1241 3313 1278 3373 de
1302 3313 1420 3392 quibus.
1442 3317 1473 3379 in
1498 3338 1574 3399 gene

211 3399 323 3463 metria
342 3415 401 3458 non
425 3394 611 3473 disputatur,
636 3395 768 3457 innexae.
787 3402 819 3456 et
841 3396 983 3461 confusae
1007 3405 1121 3461 essent
1167 3399 1232 3464 Has
1252 3401 1395 3467 dixerunt
1415 3405 1574 3484 aquparoe,

156 3478 160 3483 ’
211 3495 316 3566 upote
340 3504 417 3565 quae
441 3483 618 3551 adiacente
642 3483 701 3545 sibi
724 3484 847 3545 concedi
871 3504 890 3545 a
912 3485 1059 3564 principio
1082 3488 1283 3565 postularent.
1329 3491 1396 3554 Hoc
1413 3501 1481 3557 tum
1503 3516 1572 3558 ma·

211 3575 292 3639 xime
323 3593 379 3637 usu
406 3572 504 3644 venit,
538 3589 604 3638 cum
632 3570 662 3635 in
690 3570 867 3650 figuratione
890 3575 1030 3652 angulum
1062 3575 1110 3636 vel
1144 3575 1253 3640 lineam
1285 3579 1384 3642 talem·
1412 3581 1573 3664 designare

210 3663 334 3731 vellent,
358 3662 455 3741 qualis
479 3678 568 3720 manu
592 3659 727 3739 praecise
756 3660 820 3723 fieri
848 3661 961 3741 nequit.
1009 3662 1091 3729 Tunc
1124 3665 1201 3727 enim
1231 3665 1388 3743 dicebant,
1417 3668 1581 3743 temtans.-

210 3751 260 3813 vel
282 3751 364 3812 talis.
412 3749 471 3810 Est
494 3757 526 3809 et
549 3748 630 3809 aliud
654 3767 761 3825 genus,
788 3767 870 3818 cnm,
895 3769 970 3830 quae
993 3752 1042 3811 vel
1067 3771 1133 3812 esse
1157 3762 1309 3833 nequeunt
1336 3757 1385 3818 vel
1408 3777 1466 3820 non
1492 3770 1571 3837 sunt,

211 3848 354 3921 tanquam
379 3845 482 3898 essent
506 3846 712 3905 assumuntur,
741 3845 774 3898 ut
797 3838 1051 3911 demonstratione
1075 3841 1204 3917 patefiat
1232 3842 1301 3922 quid
1325 3853 1499 3910 secuturum
1524 3851 1571 3912 lo·

211 3934 266 4003 ret,
292 3928 318 3988 si
342 3928 396 3988 iiia
418 3934 530 3987 essent.
576 3925 642 3985 Hoc
666 3945 782 4006 quoqne
806 3945 899 4005 genus
932 3935 994 3988 tum
1019 3928 1116 3988 locum
1139 3929 1245 4002 habet,
1272 3950 1339 3992 cum
1363 3952 1380 3993 e
1403 3940 1573 4014 geometria

210 4015 327 4097 egressi
350 4016 381 4077 in
404 4023 552 4094 cognatas
572 4013 717 4075 scientias
732 4011 998 4076 demonstrationis
1014 4016 1185 4078 methodum
1204 4019 1399 4084 transfemnt.
1442 4024 1570 4088 Utrum·

210 4123 268 4187 qne
291 4123 385 4184 genus
413 4111 544 4183 atquae
568 4103 628 4163 alia
651 4102 810 4164 brevitatis
833 4123 926 4165 causa
954 4105 1138 4180 intermitto,
1173 4108 1292 4186 quando
1322 4109 1361 4170 ad
1385 4120 1486 4174 actum
1517 4115 1570 4177 de-

211 4192 438 4256 monstrationis
467 4191 638 4264 veniebant,
668 4187 827 4262 ὑποθεσιις
859 4211 912 4253 seu
939 4193 1160 4272 suppositiones
1185 4197 1396 4274 appellabant,
1430 4212 1570 4282 respectu

210 4282 329 4345 scilicet
352 4282 432 4361 ejus,
458 4280 536 4361 quod
561 4280 769 4342 demonstrare
792 4281 993 4341 intenderent.
1041 4280 1296 4361 Supponebantur
1328 4287 1408 4349 eninr
1436 4299 1511 4353 nota
1542 4300 1573 4353 et

209 4390 298 4453 snper
321 4370 381 4431 illis
405 4368 638 4430 exstruebantur
660 4368 810 4447 ignotiora
834 4369 1128 4459 ostendebanturque
1154 4372 1290 4434 discenti.
1443 4438 1446 4442 A

297 4460 384 4520 Haec
412 4456 494 4537 origo
518 4458 616 4532 vocis,
650 4457 698 4518 hic
733 4477 806 4519 usus
835 4459 913 4537 apud
946 4466 1125 4537 geometras.
1174 4457 1287 4522 Statim
1315 4462 1345 4523 in
1376 4466 1571 4542 geometricis

211 4548 314 4630 figuris
339 4555 371 4609 et
394 4545 534 4621 numeris,
559 4564 664 4624 nempe
689 4546 717 4606 in
742 4566 773 4607 re
798 4547 892 4607 totins
911 4555 1036 4607 naturae
1061 4547 1228 4609 clarissima
1251 4551 1403 4631 mentique
1422 4553 1571 4618 humanae

210 4637 340 4699 maxime
365 4643 455 4717 apta,
481 4635 741 4715 deprehendemnt
764 4654 862 4697 rernm
885 4636 1137 4714 contemplatores
1161 4636 1258 4698 lumen
1283 4638 1356 4701 illud
1380 4643 1491 4705 mentis
1514 4663 1570 4706 no·

210 4733 306 4802 sace,
341 4727 419 4807 quod
449 4726 617 4788 rectissime
642 4724 760 4805 quidem
783 4724 813 4786 in
844 4724 962 4804 figuris,
995 4725 1049 4786 sed
1081 4732 1181 4787 tamen
1211 4726 1304 4788 etiarn
1331 4727 1362 4790 in
1386 4729 1456 4791 aliis
1479 4731 1570 4795 robus
