3366 5482
161 282 223 348 ras
669 274 1000 342 amnone-rue

157 439 301 504 cundaria
322 447 449 517 quatuor
471 443 524 497 aut
546 435 675 516 quinque
703 434 802 514 planis
830 435 860 496 iu
891 454 979 496 unum
1002 434 1131 496 solidum
1155 418 1343 499 adsciscunt.
1393 435 1432 513 4)
1457 438 1529 502 Pri·

157 529 252 592 maria
284 525 392 589 nemini
426 542 510 586 sunm
538 524 650 585 debent
678 523 821 602 originem
850 532 881 583 et
908 522 1132 604 proprietates:
1166 525 1349 588 secundaria
1380 526 1530 608 pleraque

156 638 194 682 111
217 614 386 696 primariis,
422 614 504 674 facta
533 612 783 685 commutatione,
818 600 930 691 adepta
958 619 1046 685 sunt,
1079 621 1112 673 et
1140 613 1228 692 quasi
1258 615 1367 694 genita
1393 615 1528 680 exiliis.

156 708 193 778 5)
222 703 368 778 Primaria
391 720 448 763 non
473 701 584 762 moveri
613 699 755 762 concinne
783 708 929 779 possunt,
963 700 1020 761 nisi
1054 708 1126 762 acta
1155 702 1305 764 diametro
1338 720 1397 783 per
1421 712 1530 767 centra

156 796 243 859 nnius
258 790 529 871 autoppositornm
542 789 717 869 planorum:
743 789 920 850 secundaria
944 808 1014 851 vero
1040 798 1111 851 acta
1133 808 1188 869 per
1211 790 1372 872 oppositos
1398 793 1529 874 angulos

156 887 314 947 diametro.
341 877 389 952 ’6)
412 878 622 941 Primariornm
647 887 695 939 est
717 877 867 957 proprium
891 886 992 939 stare:
1018 879 1263 941 secundariorum
1276 881 1423 960 pendere.
1454 880 1528 944 Sive

156 972 234 1035 enim
258 971 332 1032 baec
356 968 385 1030 in
409 967 496 1029 basin
520 967 699 1046 provolvas,
734 966 797 1027 siro
825 967 879 1027 illa
902 968 932 1027 in
957 967 1097 1045 angulum
1121 966 1242 1048 erigas,
1275 969 1360 1031 1111111
1384 969 1528 1051 utrinque

157 1060 381 1124 deformitatem
406 1065 548 1136 aspectus
571 1055 711 1134 refugiet.
759 1053 793 1126 7)
825 1055 914 1116 Adde
938 1055 1084 1134 denique,
1116 1057 1195 1137 quod
1219 1056 1366 1137 primaria
1389 1060 1528 1138 perfecto

157 1168 280 1213 numero
304 1147 364 1209 tria
387 1155 477 1207 sunt:
511 1144 688 1205 secundaria
721 1143 897 1221 imperfecto
930 1144 1006 1216 duo,
1040 1144 1177 1225 quodque
1207 1146 1261 1207 illa
1290 1164 1399 1209 omues
1424 1149 1528 1229 anguli

159 1238 275 1320 species
299 1236 421 1309 habent,
447 1234 539 1313 cubus
563 1241 685 1306 rectum,
710 1231 841 1313 pyramis
861 1241 990 1304 acutum,
1015 1233 1237 1295 dodecaddrum
1260 1234 1426 1298 obtusum:
1452 1237 1528 1299 baec

159 1347 229 1390 vero
253 1325 341 1386 ambo
365 1323 394 1384 in
420 1322 518 1385 obtusi
543 1322 636 1383 solius
659 1339 769 1400 genere
792 1329 961 1383 versantur.
1008 1322 1051 1382 Et
1078 1323 1213 1385 octaedri
1244 1323 1366 1402 quidem
1396 1326 1527 1406 angulus

158 1437 212 1499 per
234 1433 338 1477 omnes
362 1421 426 1476 tres
449 1411 566 1491 species
591 1418 727 1489 vagatur,
754 1409 783 1470 in
802 1410 943 1489 junctura
967 1410 1094 1473 laterum
1118 1410 1255 1484 obtusus,
1280 1412 1361 1475 inter
1385 1415 1528 1491 coeuntia

157 1508 215 1568 duo
240 1505 337 1566 latera
360 1520 398 1562 ex
421 1499 560 1580 opposito
584 1509 698 1571 rectus,
722 1498 786 1575 ipse
810 1518 881 1559 vero
907 1499 1021 1560 solidus
1046 1510 1163 1561 acutus.
1204 1499 1281 1562 Cum
1305 1500 1402 1581 igitur
1425 1503 1527 1566 mani·

160 1598 269 1656 festum
293 1600 376 1655 esset
399 1589 557 1651 discrimen
583 1588 660 1649 iuter
684 1605 823 1666 corpora,
854 1588 1079 1649 convenientius
1103 1589 1166 1650 lieri
1191 1589 1264 1651 nihil
1287 1591 1405 1669 potuit,
1437 1611 1527 1673 quarn

159 1695 192 1745 111
206 1682 309 1744 Tellus
325 1685 439 1752 nostra,
465 1677 558 1740 totius
583 1676 683 1738 mundi
708 1695 824 1737 summa
847 1684 880 1736 et
898 1677 1104 1755 compendium
1127 1687 1218 1758 atque
1242 1678 1320 1739 adeo
1346 1679 1527 1760 dignissima
1559 1718 1563 1723 -

159 1772 315 1834 stellarum
339 1767 500 1843 mobilium,
526 1765 596 1828 orbe
621 1785 673 1827 sno
697 1764 776 1825 inter
790 1765 888 1826 dictos
903 1766 1023 1827 ordines
1038 1766 1247 1846 distingueret,
1273 1767 1435 1849 locumque
1460 1789 1525 1832 euru

158 1860 330 1932 sortiretur,
355 1876 442 1937 quern
467 1856 523 1936 ipsi
547 1855 682 1935 superius
707 1852 908 1916 attribuimus.

748 2088 931 2099 -—--....--

733 2257 941 2356 Caput'IV.

288 2425 398 2503 Quare
420 2421 486 2485 trio
509 2436 641 2500 corporo
668 2416 802 2479 Terram
825 2419 979 2489 1111111111,
1002 2418 1065 2482 dno
1088 2417 1216 2502 reliquo
1238 2419 1402 2485 inducat?

250 2569 361 2629 Patere
386 2583 479 2638 nnnc,
504 2563 599 2624 lector
622 2559 814 2641 aequanime,
840 2566 874 2620 ut
896 2559 996 2620 ludam
1021 2561 1240 2642 aliquantisper
1262 2562 1290 2623 in
1315 2581 1348 2624 re
1372 2564 1470 2638 seria,
1493 2573 1524 2626 et

161 2656 293 2722 nonnihil
318 2652 470 2734 allegoriis
495 2650 676 2729 indulgeam.
723 2647 843 2709 Etenim
873 2648 1011 2710 existimo
1042 2669 1080 2711 ex
1108 2669 1208 2713 amore
1231 2651 1290 2712 Dei
1321 2650 1350 2712 in
1376 2651 1524 2715 hominem

161 2766 271 2810 causas
300 2764 397 2807 rerum
426 2743 454 2803 in
484 2741 593 2803 mundo
622 2739 766 2818 plurimas
797 2738 904 2799 deduci
931 2756 1031 2817 posse.
1080 2737 1172 2801 Certe
1196 2739 1333 2821 equidem
1357 2760 1446 2804 nemo
1470 2760 1523 2803 ue·

160 2836 258 2918 gabit,
288 2836 317 2895 iu
347 2830 497 2894 domicilio
526 2829 626 2891 mundi
656 2827 826 2888 exornando
850 2826 947 2887 Deum
972 2828 1009 2888 ad
1040 2828 1166 2890 incolam
1197 2832 1328 2891 futurum
1360 2829 1524 2893 identidem

160 2924 343 3004 respexisse.
390 2921 474 2982 Finis
499 2918 632 2980 enimet
660 2916 760 2977 mundi
787 2923 817 2975 et
845 2915 941 2976 omnis
970 2918 1131 2978 creationis
1162 2918 1264 2979 horno
1293 2927 1352 2980 est.
1398 2918 1523 2982 Terram

160 3015 265 3096 igitur,
292 3030 368 3093 quaa
392 3009 550 3089 genuinam
576 3004 732 3069 Creatoris
755 3004 915 3082 imaginem
939 3004 1048 3066 datura
1071 3014 1102 3067 et
1125 3006 1237 3068 alitura
1260 3014 1357 3083 esset,
1383 3007 1523 3070 existimo

160 3103 281 3183 dignam
305 3123 324 3162 a
342 3100 408 3161 Deo
432 3099 588 3171 censitam,
614 3114 689 3175 quae
713 3093 886 3156 circumiret
907 3093 986 3156 inter
1008 3095 1122 3156 medios
1146 3096 1286 3173 planetas
1300 3096 1365 3172 sio,
1391 3104 1426 3158 ut
1450 3097 1524 3159 toti·

160 3194 229 3254 dem
253 3191 306 3252 illa
329 3188 455 3251 haberet
479 3186 560 3248 intra
583 3183 664 3246 orbis
688 3182 734 3243 sui
758 3183 954 3261 complexum,
979 3192 1052 3262 quot
1074 3192 1162 3246 extra
1185 3185 1327 3247 habitura
1350 3195 1447 3249 esset.
1483 3185 1526 3249 Ut

160 3282 216 3344 hoc
239 3280 323 3341 Deus
347 3276 516 3348 obtineret,
548 3273 651 3336 Solent
675 3272 798 3351 reliquis
823 3270 950 3351 quinque
973 3272 1073 3334 stellis
1104 3275 1273 3347 accensuit,
1306 3274 1447 3353 quamvis
1476 3274 1538 3338 ille.

160 3379 227 3432 tuto
250 3386 360 3449 genere
384 3365 579 3445 discreparet
614 3363 708 3442 quue
732 3379 767 3421 eo
791 3360 887 3439 magis
907 3379 1070 3422 consonum
1084 3362 1212 3436 ridetur,
1239 3362 1318 3442 qnod
1342 3381 1411 3424 cum
1435 3382 1527 3445 supra

161 3459 214 3522 Sol
238 3457 295 3519 Dei
318 3456 416 3537 patris
441 3454 538 3533 imago
568 3452 676 3525 fuerit,
710 3450 852 3511 credibile
885 3457 952 3522 est,
986 3450 1042 3511 hac
1073 3451 1276 3513 associatione
1305 3469 1374 3513 oum
1402 3452 1527 3534 reliquis

159 3547 258 3610 stellis
283 3551 462 3625 argumenta
485 3551 610 3603 venturo
635 3539 740 3601 colono
763 3538 908 3617 praebere
932 3537 1071 3600 debuisse
1095 3542 1321 3619 pdoedpomar
1350 3548 1382 3601 et
1407 3539 1526 3621 avone

160 3641 342 3710 amabatur,
368 3650 456 3713 quam
478 3631 562 3692 Deus
586 3635 783 3708 usurpaturus
808 3636 874 3689 erat
899 3645 972 3706 erga
990 3627 1134 3702 homines,
1161 3630 1198 3690 ad
1217 3629 1416 3692 domesticam
1435 3630 1526 3694 fami-

162 3726 326 3789 liaritatem
351 3740 445 3802 usqne
469 3739 536 3782 sese
562 3719 734 3780 demittens.
781 3717 859 3778 Nara
891 3716 920 3777 in
950 3717 1045 3777 veteri
1069 3717 1265 3779 Testamenta
1296 3718 1472 3798 frequenter
1499 3721 1526 3782 in

162 3834 316 3878 numerum
341 3812 491 3874 hominum
520 3808 617 3880 venit,
648 3814 680 3868 et
703 3805 870 3867 Abrahami
894 3804 1007 3866 amicus
1036 3806 1139 3868 andire
1168 3807 1278 3878 voluit,
1307 3806 1399 3869 sicuti
1422 3805 1527 3871 Solem

163 3905 300 3967 videmus
324 3903 353 3964 in
377 3918 530 3963 numerum
555 3896 707 3959 mobilium
731 3894 843 3956 venire.
887 3892 962 3955 Cum
987 3903 1088 3955 autem
1112 3893 1166 3957 Sol
1191 3917 1210 3956 a
1233 3895 1328 3957 Terra
1351 3895 1525 3970 ambiretur,

163 3993 284 4076 positis,
310 4010 386 4072 qnae
410 3989 601 4060 dictasunt,
627 3983 799 4047 necessario
824 3983 874 4044 ille
899 3983 971 4044 ordo
996 4001 1151 4062 corporum
1176 3984 1256 4045 11111
1279 3984 1405 4047 Terram
1426 3985 1526 4048 inclu-

161 4083 277 4144 dendus
301 4080 372 4155 fnit,
402 4078 451 4159 qni
476 4077 534 4139 dno
558 4074 668 4137 saltem
695 4072 925 4152 complectitur:
960 4090 1065 4150 nempe
1089 4081 1122 4134 ut
1144 4073 1270 4135 mobilia
1292 4073 1351 4135 duo
1375 4092 1446 4136 cnm
1468 4073 1526 4136 im-

162 4170 264 4233 mobili
288 4168 361 4230 Sole
384 4167 510 4229 eundem
539 4166 690 4227 efficerent
718 4180 869 4223 numerum
898 4161 1080 4235 1111111111,
1115 4161 1163 4241 qui
1193 4169 1241 4223 est
1267 4161 1297 4222 in
1326 4163 1461 4225 exclusis
1488 4161 1526 4225 ab

162 4259 233 4322 orbe
257 4258 379 4319 Terrae.
426 4255 478 4318 Sic
508 4255 619 4333 igitur,
653 4253 740 4314 Luna
770 4249 950 4330 praesertim
974 4245 1098 4311 Terram
1130 4251 1309 4326 ambennte,
1342 4250 1527 4316 domicilium
1565 4254 1572 4335 J

161 4355 296 4411 nostrum
320 4345 449 4425 optimus
474 4343 602 4406 Creator
625 4341 655 4403 in
683 4340 781 4403 medio
810 4346 927 4418 septem
954 4339 1145 4418 planetarum
1175 4339 1346 4402 collocavit.
1394 4341 1477 4404 Nam
1501 4338 1527 4402 si

162 4437 252 4501 trium
273 4435 452 4514 reliquorum
476 4432 548 4494 ordo
579 4431 617 4493 ad
642 4428 743 4492 Solem
775 4429 976 4502 accessisset,
1011 4427 1142 4489 fuissent
1173 4428 1265 4507 igitur
1295 4427 1376 4490 intra
1399 4429 1526 4493 Terram
1555 4502 1561 4509 ‚

161 4546 228 4591 cum
251 4523 324 4587 Sole
348 4534 477 4602 quatuor
504 4520 631 4594 stellae,
667 4520 745 4581 duae
772 4536 844 4578 11111
873 4524 991 4578 tantum
1022 4523 1120 4577 extra.
1167 4513 1254 4587 Quae
1278 4517 1394 4580 numeri
1416 4515 1526 4592 ἀταξια

161 4635 229 4679 cnm
250 4614 368 4677 ratione
396 4619 520 4685 careat,
552 4608 667 4671 omissa
694 4615 743 4670 est
766 4626 785 4667 a
808 4603 965 4669 Creatore.
1013 4601 1185 4666 Comitem
1209 4606 1363 4667 continere
1387 4606 1431 4666 sit
1452 4625 1525 4687 per-

161 4704 306 4780 fectioris,
327 4701 467 4771 utactio,
486 4697 632 4762 contineri
652 4703 686 4758 ut
704 4695 808 4777 passio
832 4693 1071 4775 imperfectioris,
1094 4692 1240 4773 primaria
1253 4712 1324 4756 vero
1342 4695 1526 4774 perfectiora

162 4792 224 4857 siut
245 4792 364 4868 1111111,
388 4788 539 4864 convenit,
564 4794 597 4849 ot
619 4785 710 4849 trium
728 4784 801 4847 ordo
816 4782 986 4846 contineret
999 4782 1133 4860 Terram,
1158 4782 1276 4864 reliqua
1298 4782 1524 4849 continerentur
