3366 5482
672 294 784 357 unsar
803 294 1004 360 mmm-aun

707 505 827 605 Caput
854 503 976 578 XVII.

576 661 680 726 Aliud
703 664 743 725 de
765 663 928 727 Mamm
950 662 1111 725 monitam.

251 805 331 871 Illud
354 802 452 885 magis
476 803 640 878 mirabere,
669 824 734 867 curn
763 805 971 884 promiserim,
1004 803 1081 865 velle
1106 823 1152 865 me
1177 806 1355 885 corporibus
1378 805 1456 886 ipsis
1479 804 1528 866 in·

162 899 293 961 scribere
317 895 468 974 planetas,
493 912 544 954 cur
567 892 748 956 Mercurium
772 913 830 955 non
854 893 997 955 octaedro
1022 893 1237 971 inscripserirn,
1262 894 1317 956 sed
1335 911 1447 974 passus
1471 894 1530 959 sim

162 1005 229 1049 enm
252 987 282 1047 in
307 983 417 1046 circulo
442 981 543 1062 aliquo
568 982 647 1044 ultra
670 983 772 1044 orbem
797 981 992 1060 inscriptilsm
1016 981 1054 1042 ad
1080 981 1218 1061 quadrati
1235 983 1401 1046 octaedrici
1417 982 1529 1062 ampli·

163 1075 296 1137 tudinem
319 1070 496 1150 exspatiari.
543 1070 624 1133 Nam
648 1091 745 1150 snpra·
763 1088 830 1149 cap.
860 1067 898 1132 13
923 1078 954 1130 et
980 1065 1020 1131 tt
1049 1088 1103 1148 pro
1127 1067 1191 1132 577
1222 1090 1343 1133 numero
1374 1071 1457 1134 orbis
1480 1071 1530 1133 in·

162 1162 267 1242 scripti
297 1160 438 1239 usurpavi
471 1156 549 1232 70⁷,
579 1178 735 1221 nnmerum
764 1159 867 1220 circuli
890 1158 1028 1238 inscripti
1054 1159 1212 1238 quadrato.
1261 1158 1393 1223 Causam
1418 1160 1528 1222 dicam.

41 1302 45 1309 ,
163 1252 304 1324 Primum,
331 1250 401 1329 quie
424 1248 489 1326 ejus
509 1245 615 1308 aSole
631 1246 780 1327 digressio
800 1247 918 1326 longior
940 1247 1060 1308 minime
1083 1248 1148 1325 pati
1171 1249 1271 1326 potuit
1294 1259 1356 1311 tam
1381 1257 1530 1329 angustos

164 1356 317 1409 carceres,
350 1337 457 1398 deinde
487 1336 558 1414 quin
591 1344 622 1397 et
650 1337 813 1398 octaedron
843 1335 920 1397 inter
949 1353 1076 1414 corpora
1104 1345 1136 1396 et
1158 1345 1259 1398 motos
1282 1337 1426 1400 Mercurii
1450 1336 1531 1399 inter

163 1430 304 1510 planetas
327 1425 479 1505 peculiare
504 1424 574 1503 quid
598 1433 630 1485 et
653 1445 807 1488 commune
827 1425 954 1486 invicem
972 1423 1096 1486 babent.
1133 1423 1215 1486 Nam
1237 1424 1267 1486 in
1292 1426 1358 1489 solo
1382 1424 1529 1488 octaedro

164 1515 413 1596 snperangulum
429 1522 529 1574 erecto
545 1516 706 1585 usuvenit,
732 1523 765 1576 ut
779 1514 957 1593 quadratum
977 1512 1100 1574 directis
1125 1512 1271 1575 lateribus
1295 1515 1374 1577 viam
1397 1513 1530 1595 aliquam

165 1613 316 1669 monstret
340 1601 477 1681 ampliori
501 1600 622 1676 circulo,
647 1623 735 1685 qnam
753 1611 802 1664 est
825 1601 908 1663 orbis
932 1601 1104 1680 inscriptus,
1128 1621 1183 1682 per
1197 1602 1326 1666 medium
1341 1600 1529 1667 transeundi.

162 1694 197 1757 id
221 1693 301 1773 qnod
329 1690 359 1752 iu
392 1692 473 1752 nullo
505 1691 564 1752 alio
598 1711 722 1773 corpore
756 1691 1017 1771 quomodocunque
1046 1691 1148 1752 voluto
1177 1712 1232 1753 nau
1260 1693 1352 1755 venit.
1400 1691 1530 1773 Semper

162 1781 241 1845 enim
264 1789 443 1842 transversa
465 1797 519 1858 per
543 1779 672 1844 medinm
696 1789 728 1843 et
750 1779 896 1860 impedita
919 1779 1061 1841 incedent
1083 1779 1191 1841 latera.

330 1883 376 1931 tta·
391 1878 427 1923 ²⁵·
664 1871 699 1932 In
724 1870 780 1931 hoc
803 1869 959 1930 schemate
983 1876 1112 1948 quatuor
1143 1869 1240 1931 lineas
1274 1877 1429 1931 extremas
1458 1876 1530 1931 aunt

363 1939 394 1985 ¹
601 1967 729 2038 quatuor
759 1956 1024 2036 perpendiculares
1049 1956 1176 2018 totidem
1198 1959 1356 2037 planorum
1383 1957 1415 2019 in
1437 1965 1530 2019 octa·

601 2048 684 2108 edre.
722 2046 761 2121 R,
786 2047 809 2119 I,
832 2046 866 2118 T,
887 2045 917 2105 V
938 2053 1007 2106 sunt
1027 2063 1127 2106 eornm
1151 2047 1306 2125 planorum
1330 2054 1446 2121 centra,
1469 2046 1529 2107 de·

472 2128 502 2175 V
602 2133 797 2196 terminantia
815 2132 1043 2212 amplitudinem
1063 2133 1144 2196 orbis
1164 2135 1311 2215 inscripti,
1336 2134 1374 2197 de
1397 2153 1457 2214 quo
1480 2134 1531 2197 bic

603 2223 688 2285 vides
712 2222 854 2284 circulum
878 2222 1048 2286 marimum.
1096 2220 1156 2293 Qut
1180 2225 1260 2287 orbis
1290 2223 1316 2285 si
1340 2221 1531 2304 intelligatur

580 2311 684 2403 svolri
708 2329 797 2390 super
820 2310 937 2390 punctis
961 2312 1000 2372 ed
1019 2311 1065 2387 X,
1090 2311 1130 2382 Η,
1155 2312 1230 2375 dnos
1254 2313 1381 2390 angulos
1403 2313 1529 2392 figurae,

603 2400 735 2480 reperiet
757 2400 786 2461 in
809 2400 835 2461 P
859 2400 1026 2479 quadrante
1050 2421 1069 2460 a
1095 2401 1173 2479 polis
1202 2400 1395 2463 circumcirca
1417 2400 1530 2480 ampli·

603 2490 736 2552 tudinem
760 2489 893 2569 aliquam
925 2490 1088 2568 majorem,
1121 2508 1212 2570 quam
1244 2499 1293 2552 est
1320 2488 1364 2553 01
1396 2490 1446 2552 vel
1474 2486 1530 2552 ΟΡ

483 2564 506 2616 Τ
600 2578 824 2640 semidiameter
843 2577 934 2650 orbis,
958 2597 1065 2656 nempe
1082 2576 1150 2649 OQ.
1188 2579 1369 2641 Differentia
1392 2580 1458 2660 ejus
1482 2586 1531 2640 est

599 2665 665 2738 PQ.
703 2666 745 2728 Et
768 2675 856 2729 tanta
880 2675 928 2728 est
952 2667 1080 2728 latitudo
1104 2668 1222 2743 circuli,
1249 2669 1298 2749 qni
1320 2669 1403 2730 ultra
1425 2668 1528 2730 orbem

369 2757 397 2815 Ι
600 2770 789 2830 excurrens,
808 2747 905 2817 ins'tar
928 2755 1091 2817 horizontis
1116 2757 1243 2838 alicujus
1266 2757 1295 2818 in
1320 2757 1453 2836 sphaera
1475 2774 1528 2818 ar·

167 2845 295 2918 millari,
328 2861 383 2922 per
415 2844 544 2904 modium
577 2845 714 2906 octaedri
746 2844 876 2906 transire
908 2854 1021 2922 potest.
1069 2841 1201 2914 Qenim
1224 2844 1301 2909 etS
1330 2853 1401 2908 sunt
1428 2844 1530 2908 media

165 2941 279 3014 puncta
301 2932 425 2994 duorum
449 2931 593 3007 latemm,
618 2933 742 3013 proinde
767 2944 799 2994 et
820 2933 957 3013 proxima
980 2932 1054 2994 orbi.

256 3019 414 3092 Quomodo
438 3021 464 3082 si
487 3021 637 3084 animatus
661 3022 781 3102 quidam
811 3022 935 3101 planeta
962 3040 1016 3101 per
1044 3022 1172 3083 medium
1202 3022 1377 3084 octaedrum
1406 3040 1527 3084 currere

160 3108 338 3191 juberetur,
368 3118 399 3171 et
427 3111 553 3190 angulos
578 3112 653 3172 duos
679 3130 735 3191 pro
763 3110 860 3190 polis,
891 3109 1119 3189 amplitudinem
1143 3111 1280 3190 inscripti
1303 3130 1358 3191 pro
1381 3111 1528 3173 curriculo

165 3199 348 3261 obs‘ervars:
381 3218 439 3260 non
464 3199 563 3260 hercle
587 3200 707 3272 mirum,
738 3200 765 3259 si
788 3199 933 3261 invitatus
957 3199 1009 3260 illa
1037 3199 1247 3278 amplitudine,
1282 3198 1331 3262 ubi
1359 3200 1461 3262 nullae
1485 3199 1530 3261 iili

163 3298 265 3349 metas
289 3287 450 3348 obstarent
471 3306 524 3367 per
547 3297 643 3350 toturn
663 3288 817 3361 ambitum,
842 3287 1029 3363 errorbitaret
1044 3289 1214 3369 aliquando,
1239 3297 1273 3349 ut
1287 3288 1447 3350 Phaethon
1467 3287 1530 3362 ille,

166 3377 330 3455 tantisper,
363 3377 431 3436 dum
456 3376 653 3455 repelleretur
676 3378 714 3439 ab
739 3377 908 3439 occurrenti
932 3377 1037 3438 latere.
1085 3374 1174 3447 Quod
1197 3395 1251 3459 per
1269 3377 1372 3456 jocum
1396 3377 1475 3452 dixi,
1499 3376 1530 3439 id

166 3464 245 3525 serio
270 3465 356 3543 ajunt
380 3465 511 3527 artifices
536 3468 656 3528 evenire
679 3466 839 3527 Mercurio.
887 3463 963 3527 Cum
993 3467 1072 3527 enim
1100 3466 1193 3527 ceteri
1221 3485 1326 3529 omnes
1349 3465 1378 3527 in
1402 3465 1530 3545 singulis

167 3551 404 3614 revolutionibus
433 3553 607 3616 describant
635 3555 768 3634 ejusdem
799 3554 1004 3634 amplitudinis
1037 3554 1165 3615 circulos
1198 3555 1357 3635 (quantum
1387 3555 1469 3617 enim
1492 3554 1531 3615 ab

167 3660 225 3702 una
250 3651 336 3720 parte
362 3642 529 3717 discedunt,
555 3654 672 3705 tentum
696 3663 733 3704 ex
756 3644 856 3705 altera
878 3643 945 3703 viae
965 3652 1053 3723 parte
1072 3643 1220 3705 accedunt
1237 3645 1276 3705 ad
1291 3642 1421 3719 Solem),
1447 3644 1530 3707 solus

164 3729 334 3792 Mercurius
359 3731 396 3792 ab
421 3732 586 3794 artificibus
610 3731 746 3805 obtinuit,
773 3743 806 3793 ut
830 3731 989 3812 aliqnando
1013 3732 1174 3811 majorem,
1200 3732 1361 3814 aliquando
1385 3732 1531 3795 minorem

167 3817 309 3881 circulum
335 3820 507 3882 describere
533 3821 701 3891 diceretur,
731 3821 818 3901 idque
843 3821 1032 3900 priuilegium
1055 3840 1167 3883 merum
1191 3821 1371 3895 haberet.⁸)
1417 3820 1532 3884 Dicunt

328 3925 373 3973 Pis·
388 3920 423 3965 2⁶·
621 3911 697 3972 enim
714 3911 795 3972 illum
811 3911 954 3971 accedere
970 3922 1002 3971 et
1023 3910 1163 3972 recedere
1184 3932 1202 3971 a
1221 3921 1325 3973 centro
1340 3910 1388 3972 sui
1402 3910 1486 3987 orbis
1500 3907 1528 3973 0

445 3992 462 4079 ’χ
572 3994 585 4104 'q
624 4019 678 4080 per
701 4000 809 4060 lineam
825 4009 940 4060 rectam
955 3999 1019 4073 YZ,
1045 3999 1094 4061 ubi
1118 4000 1341 4061 semidiameter
1361 3994 1422 4061 ΟΥ
1441 4000 1530 4080 longa

461 4082 470 4173 l
511 4118 591 4520 j
623 4089 766 4150 minorem
786 4088 927 4153 circulum
947 4088 1100 4161 describit,
1116 4107 1205 4169 quam
1220 4086 1286 4150 OZ.
1314 4088 1395 4150 Nam
1408 4098 1529 4151 ceteras

567 4246 580 4286 ι

186 4222 199 4266 ⁰
468 4184 471 4207 ¹
625 4171 857 4256 inaequalitates
870 4195 973 4237 omnes
988 4196 1053 4238 cum
1069 4177 1137 4238 aliis
1154 4177 1320 4256 aequaliter
1331 4176 1460 4239 sortitus
1470 4186 1528 4253 est,

461 4227 468 4353 i
624 4266 794 4345 nullamque
808 4285 874 4326 cum
885 4266 942 4326 hac
953 4267 1172 4327 exorbitatione
1185 4266 1390 4328 commutavit.
1410 4265 1531 4329 Etcum

624 4365 789 4417 ceterorum
806 4363 1026 4415 eccentrotetes
1042 4373 1155 4430 omnes,
1180 4355 1207 4415 si
1231 4372 1289 4415 non
1312 4357 1531 4435 proportiona-

623 4445 702 4517 liter,
714 4443 757 4504 sic
768 4454 867 4505 tamen
880 4445 1064 4518 decrescant,
1077 4452 1110 4505 ut
1120 4443 1242 4505 minoris
1253 4462 1372 4524 semper
1383 4445 1481 4507 minor
1490 4445 1532 4508 sit

162 4541 394 4604 eccentricitas:
425 4539 507 4600 solus
530 4535 699 4599 Mercurius
723 4532 882 4595 immanem
906 4532 1008 4606 babet,
1023 4530 1051 4606 b)
1076 4550 1182 4612 nempe
1206 4530 1363 4614 decuplum
1385 4530 1529 4614 Veneris,

162 4650 229 4693 cum
258 4631 314 4710 ipsi
344 4638 376 4690 ut
409 4627 543 4690 inferiori
571 4626 667 4688 minus
701 4622 801 4684 etiarn·
822 4623 990 4684 deberetur.
1044 4621 1145 4693 Quare
1170 4623 1227 4684 etsi
1251 4621 1333 4683 illam
1356 4621 1530 4704 inaequali·

162 4726 258 4780 tatem
281 4719 432 4799 privatam
457 4716 588 4778 nondum
616 4731 682 4773 cnm
716 4711 772 4772 hac
801 4711 903 4774 circuli
931 4712 969 4772 ab
999 4712 1070 4773 orbe
1099 4711 1269 4773 differentia
1292 4711 1531 4788 conciliaverim,

163 4824 218 4869 nec
243 4826 280 4870 ea
302 4809 434 4871 fortasse
460 4803 614 4869 conciliari
637 4800 746 4883 possit,
770 4808 804 4865 ut
826 4799 948 4883 prodita
970 4808 1020 4863 eat
1041 4801 1081 4864 ab
1101 4799 1275 4878 artificibus,
1300 4799 1340 4863 ad
1363 4801 1530 4869 amussim:
