<?xml version="1.0" encoding="UTF-8"?>
<!DOCTYPE html PUBLIC "-//W3C//DTD XHTML 1.0 Transitional//EN"
    "http://www.w3.org/TR/xhtml1/DTD/xhtml1-transitional.dtd">
<html xmlns="http://www.w3.org/1999/xhtml" xml:lang="en" lang="en">
 <head>
  <title>
</title>
<meta http-equiv="Content-Type" content="text/html;charset=utf-8" />
  <meta name='ocr-system' content='tesseract 3.04.00' />
  <meta name='ocr-capabilities' content='ocr_page ocr_carea ocr_par ocr_line ocrx_word'/>
</head>
<body>
  <div class='ocr_page' id='page_1' title='image "./joanniskepleria04frisgoog_0268.png"; bbox 0 0 3366 5482; ppageno 0'>
   <div class='ocr_carea' id='block_1_1' title="bbox 650 213 852 266">
    <p class='ocr_par' dir='ltr' id='par_1_1' title="bbox 650 213 852 266">
     <span class='ocr_line' id='line_1_1' title="bbox 650 213 852 266; baseline -0.015 1"><span class='ocrx_word' id='word_1_1' title='bbox 650 220 738 266; x_wconf 68' lang='lat' dir='ltr'><strong>coam</strong></span> <span class='ocrx_word' id='word_1_2' title='bbox 755 213 852 266; x_wconf 79' lang='lat' dir='ltr'><strong>Ursum.</strong></span> 
     </span>
    </p>
   </div>
   <div class='ocr_carea' id='block_1_2' title="bbox 504 428 1056 674">
    <p class='ocr_par' dir='ltr' id='par_1_2' title="bbox 504 428 1056 674">
     <span class='ocr_line' id='line_1_2' title="bbox 650 428 1056 528; baseline 0.002 -25"><span class='ocrx_word' id='word_1_3' title='bbox 650 429 770 528; x_wconf 89' lang='lat' dir='ltr'><strong>Caput</strong></span> <span class='ocrx_word' id='word_1_4' title='bbox 796 428 844 503; x_wconf 92' lang='grc' dir='ltr'><strong>Π.</strong></span> <span class='ocrx_word' id='word_1_5' title='bbox 1053 518 1056 523; x_wconf 36' lang='grc'><em>,</em></span> 
     </span>
     <span class='ocr_line' id='line_1_3' title="bbox 504 589 993 674; baseline -0.002 -21"><span class='ocrx_word' id='word_1_6' title='bbox 504 591 561 653; x_wconf 85' lang='lat' dir='ltr'><strong>De</strong></span> <span class='ocrx_word' id='word_1_7' title='bbox 583 589 732 654; x_wconf 61' lang='lat' dir='ltr'><strong>Histoata</strong></span> <span class='ocrx_word' id='word_1_8' title='bbox 754 590 993 674; x_wconf 77' lang='lat' dir='ltr'><strong>Hypotbeaium.</strong></span> 
     </span>
    </p>
   </div>
   <div class='ocr_carea' id='block_1_3' title="bbox 142 731 1508 4828">
    <p class='ocr_par' dir='ltr' id='par_1_3' title="bbox 142 731 1434 2064">
     <span class='ocr_line' id='line_1_4' title="bbox 154 731 1427 816; baseline 0.004 -23"><span class='ocrx_word' id='word_1_9' title='bbox 154 731 191 793; x_wconf 89' lang='lat' dir='ltr'><strong>In</strong></span> <span class='ocrx_word' id='word_1_10' title='bbox 224 731 353 795; x_wconf 90' lang='lat' dir='ltr'><strong>historia</strong></span> <span class='ocrx_word' id='word_1_11' title='bbox 389 735 601 816; x_wconf 82' lang='lat' dir='ltr'><strong>hypothesium</strong></span> <span class='ocrx_word' id='word_1_12' title='bbox 634 738 767 798; x_wconf 83' lang='lat' dir='ltr'><strong>texenda</strong></span> <span class='ocrx_word' id='word_1_13' title='bbox 790 736 886 798; x_wconf 88' lang='lat' dir='ltr'><strong>Ursus</strong></span> <span class='ocrx_word' id='word_1_14' title='bbox 929 734 1056 798; x_wconf 86' lang='lat' dir='ltr'><strong>artificio</strong></span> <span class='ocrx_word' id='word_1_15' title='bbox 1089 735 1185 797; x_wconf 92' lang='lat' dir='ltr'><strong>utitur</strong></span> <span class='ocrx_word' id='word_1_16' title='bbox 1216 731 1274 796; x_wconf 86' lang='lat' dir='ltr'><strong>uon</strong></span> <span class='ocrx_word' id='word_1_17' title='bbox 1307 735 1427 798; x_wconf 91' lang='lat' dir='ltr'><strong>inscito.</strong></span> 
     </span>
     <span class='ocr_line' id='line_1_5' title="bbox 142 821 1431 905; baseline 0.004 -23"><span class='ocrx_word' id='word_1_18' title='bbox 142 821 200 884; x_wconf 85' lang='lat' dir='ltr'><strong>eris</strong></span> <span class='ocrx_word' id='word_1_19' title='bbox 224 821 302 883; x_wconf 88' lang='lat' dir='ltr'><strong>enim</strong></span> <span class='ocrx_word' id='word_1_20' title='bbox 326 832 448 885; x_wconf 84' lang='lat' dir='ltr'><strong>exortus</strong></span> <span class='ocrx_word' id='word_1_21' title='bbox 472 825 638 887; x_wconf 91' lang='lat' dir='ltr'><strong>rationibus</strong></span> <span class='ocrx_word' id='word_1_22' title='bbox 663 827 750 887; x_wconf 87' lang='lat' dir='ltr'><strong>fidem</strong></span> <span class='ocrx_word' id='word_1_23' title='bbox 766 825 823 887; x_wconf 91' lang='lat' dir='ltr'><strong>sibi</strong></span> <span class='ocrx_word' id='word_1_24' title='bbox 847 825 921 887; x_wconf 84' lang='lat' dir='ltr'><strong>lacit</strong></span> <span class='ocrx_word' id='word_1_25' title='bbox 936 824 1117 904; x_wconf 78' lang='lat' dir='ltr'><strong>cognitionis</strong></span> <span class='ocrx_word' id='word_1_26' title='bbox 1139 823 1346 885; x_wconf 81' lang='lat' dir='ltr'><strong>historiarum:</strong></span> <span class='ocrx_word' id='word_1_27' title='bbox 1372 845 1431 905; x_wconf 90' lang='lat' dir='ltr'><strong>qua</strong></span> 
     </span>
     <span class='ocr_line' id='line_1_6' title="bbox 142 911 1431 992; baseline 0.002 -21"><span class='ocrx_word' id='word_1_28' title='bbox 142 918 212 983; x_wconf 84' lang='lat' dir='ltr'><strong>uta,</strong></span> <span class='ocrx_word' id='word_1_29' title='bbox 245 911 318 973; x_wconf 91' lang='lat' dir='ltr'><strong>nihil</strong></span> <span class='ocrx_word' id='word_1_30' title='bbox 346 922 462 974; x_wconf 89' lang='lat' dir='ltr'><strong>mutato</strong></span> <span class='ocrx_word' id='word_1_31' title='bbox 486 914 534 976; x_wconf 86' lang='lat' dir='ltr'><strong>filo</strong></span> <span class='ocrx_word' id='word_1_32' title='bbox 559 915 704 976; x_wconf 87' lang='lat' dir='ltr'><strong>orationis</strong></span> <span class='ocrx_word' id='word_1_33' title='bbox 728 917 765 976; x_wconf 91' lang='lat' dir='ltr'><strong>ad</strong></span> <span class='ocrx_word' id='word_1_34' title='bbox 791 923 960 976; x_wconf 88' lang='lat' dir='ltr'><strong>commenta</strong></span> <span class='ocrx_word' id='word_1_35' title='bbox 988 935 1043 975; x_wconf 90' lang='lat' dir='ltr'><strong>sua</strong></span> <span class='ocrx_word' id='word_1_36' title='bbox 1068 912 1230 986; x_wconf 90' lang='lat' dir='ltr'><strong>delabitur,</strong></span> <span class='ocrx_word' id='word_1_37' title='bbox 1267 932 1360 992; x_wconf 86' lang='lat' dir='ltr'><strong>eaque</strong></span> <span class='ocrx_word' id='word_1_38' title='bbox 1385 915 1431 975; x_wconf 88' lang='lat' dir='ltr'><strong>le-</strong></span> 
     </span>
     <span class='ocr_line' id='line_1_7' title="bbox 164 1000 1432 1083; baseline 0.002 -22"><span class='ocrx_word' id='word_1_39' title='bbox 164 1018 221 1080; x_wconf 93' lang='lat' dir='ltr'><strong>pro</strong></span> <span class='ocrx_word' id='word_1_40' title='bbox 249 1000 444 1064; x_wconf 81' lang='lat' dir='ltr'><strong>relationibus</strong></span> <span class='ocrx_word' id='word_1_41' title='bbox 469 1003 620 1066; x_wconf 86' lang='lat' dir='ltr'><strong>historicis</strong></span> <span class='ocrx_word' id='word_1_42' title='bbox 644 1005 786 1067; x_wconf 84' lang='lat' dir='ltr'><strong>obtrudit.</strong></span> <span class='ocrx_word' id='word_1_43' title='bbox 834 1004 880 1064; x_wconf 90' lang='lat' dir='ltr'><strong>De</strong></span> <span class='ocrx_word' id='word_1_44' title='bbox 905 1004 1075 1077; x_wconf 84' lang='lat' dir='ltr'><strong>Thalete,</strong></span> <span class='ocrx_word' id='word_1_45' title='bbox 1110 1002 1160 1083; x_wconf 92' lang='lat' dir='ltr'><strong>qni</strong></span> <span class='ocrx_word' id='word_1_46' title='bbox 1183 1001 1296 1082; x_wconf 88' lang='lat' dir='ltr'><strong>primus</strong></span> <span class='ocrx_word' id='word_1_47' title='bbox 1325 1010 1374 1064; x_wconf 89' lang='lat' dir='ltr'><strong>est</strong></span> <span class='ocrx_word' id='word_1_48' title='bbox 1401 1003 1432 1064; x_wconf 93' lang='lat' dir='ltr'><strong>in</strong></span> 
     </span>
     <span class='ocr_line' id='line_1_8' title="bbox 148 1092 1431 1174; baseline 0.002 -25"><span class='ocrx_word' id='word_1_49' title='bbox 148 1097 391 1152; x_wconf 72' lang='lat' dir='ltr'><strong>astronomorum</strong></span> <span class='ocrx_word' id='word_1_50' title='bbox 422 1092 499 1152; x_wconf 90' lang='lat' dir='ltr'><strong>serie</strong></span> <span class='ocrx_word' id='word_1_51' title='bbox 529 1094 557 1154; x_wconf 92' lang='lat' dir='ltr'><strong>in</strong></span> <span class='ocrx_word' id='word_1_52' title='bbox 583 1092 714 1156; x_wconf 88' lang='lat' dir='ltr'><strong>Graecia</strong></span> <span class='ocrx_word' id='word_1_53' title='bbox 738 1093 890 1174; x_wconf 90' lang='lat' dir='ltr'><strong>(quamvis</strong></span> <span class='ocrx_word' id='word_1_54' title='bbox 914 1094 1043 1155; x_wconf 91' lang='lat' dir='ltr'><strong>Linum</strong></span> <span class='ocrx_word' id='word_1_55' title='bbox 1072 1100 1104 1153; x_wconf 89' lang='lat' dir='ltr'><strong>et</strong></span> <span class='ocrx_word' id='word_1_56' title='bbox 1127 1093 1316 1152; x_wconf 81' lang='lat' dir='ltr'><strong>Musaeum</strong></span> <span class='ocrx_word' id='word_1_57' title='bbox 1348 1092 1431 1152; x_wconf 90' lang='lat' dir='ltr'><strong>auti-</strong></span> 
     </span>
     <span class='ocr_line' id='line_1_9' title="bbox 142 1176 1434 1262; baseline 0.002 -22"><span class='ocrx_word' id='word_1_58' title='bbox 142 1176 241 1252; x_wconf 81' lang='lat' dir='ltr'><strong>rimos‚</strong></span> <span class='ocrx_word' id='word_1_59' title='bbox 265 1179 343 1241; x_wconf 87' lang='lat' dir='ltr'><strong>huuc</strong></span> <span class='ocrx_word' id='word_1_60' title='bbox 368 1180 553 1243; x_wconf 84' lang='lat' dir='ltr'><strong>inventorem</strong></span> <span class='ocrx_word' id='word_1_61' title='bbox 573 1183 731 1262; x_wconf 82' lang='lat' dir='ltr'><strong>sphaerae,</strong></span> <span class='ocrx_word' id='word_1_62' title='bbox 756 1184 839 1245; x_wconf 92' lang='lat' dir='ltr'><strong>illum</strong></span> <span class='ocrx_word' id='word_1_63' title='bbox 862 1190 996 1244; x_wconf 90' lang='lat' dir='ltr'><strong>motuum</strong></span> <span class='ocrx_word' id='word_1_64' title='bbox 1012 1180 1093 1242; x_wconf 89' lang='lat' dir='ltr'><strong>Solis</strong></span> <span class='ocrx_word' id='word_1_65' title='bbox 1117 1189 1148 1243; x_wconf 92' lang='lat' dir='ltr'><strong>et</strong></span> <span class='ocrx_word' id='word_1_66' title='bbox 1170 1180 1275 1242; x_wconf 90' lang='lat' dir='ltr'><strong>Luuao</strong></span> <span class='ocrx_word' id='word_1_67' title='bbox 1300 1180 1434 1242; x_wconf 88' lang='lat' dir='ltr'><strong>celebret</strong></span> 
     </span>
     <span class='ocr_line' id='line_1_10' title="bbox 142 1267 1432 1352; baseline 0.002 -24"><span class='ocrx_word' id='word_1_68' title='bbox 142 1285 223 1335; x_wconf 70' lang='lat' dir='ltr'><strong>enas</strong></span> <span class='ocrx_word' id='word_1_69' title='bbox 246 1267 420 1343; x_wconf 71' lang='lat' dir='ltr'><strong>Laertius),</strong></span> <span class='ocrx_word' id='word_1_70' title='bbox 449 1270 474 1330; x_wconf 94' lang='lat' dir='ltr'><strong>si</strong></span> <span class='ocrx_word' id='word_1_71' title='bbox 499 1281 678 1345; x_wconf 77' lang='lat' dir='ltr'><strong>cerasum,</strong></span> <span class='ocrx_word' id='word_1_72' title='bbox 711 1293 785 1352; x_wconf 89' lang='lat' dir='ltr'><strong>quae</strong></span> <span class='ocrx_word' id='word_1_73' title='bbox 811 1273 847 1332; x_wconf 93' lang='lat' dir='ltr'><strong>de</strong></span> <span class='ocrx_word' id='word_1_74' title='bbox 870 1271 1076 1350; x_wconf 85' lang='lat' dir='ltr'><strong>praedictione</strong></span> <span class='ocrx_word' id='word_1_75' title='bbox 1101 1269 1249 1349; x_wconf 85' lang='lat' dir='ltr'><strong>eclipseos</strong></span> <span class='ocrx_word' id='word_1_76' title='bbox 1273 1269 1432 1352; x_wconf 87' lang='lat' dir='ltr'><strong>prodidere</strong></span> 
     </span>
     <span class='ocr_line' id='line_1_11' title="bbox 143 1357 1430 1441; baseline 0.003 -26"><span class='ocrx_word' id='word_1_77' title='bbox 143 1375 181 1416; x_wconf 90' lang='lat' dir='ltr'><strong>us</strong></span> <span class='ocrx_word' id='word_1_78' title='bbox 206 1364 238 1416; x_wconf 89' lang='lat' dir='ltr'><strong>et</strong></span> <span class='ocrx_word' id='word_1_79' title='bbox 260 1357 452 1420; x_wconf 90' lang='lat' dir='ltr'><strong>Herodotus:</strong></span> <span class='ocrx_word' id='word_1_80' title='bbox 484 1370 566 1421; x_wconf 89' lang='lat' dir='ltr'><strong>certe</strong></span> <span class='ocrx_word' id='word_1_81' title='bbox 593 1361 730 1441; x_wconf 84' lang='lat' dir='ltr'><strong>equidem</strong></span> <span class='ocrx_word' id='word_1_82' title='bbox 754 1362 831 1422; x_wconf 89' lang='lat' dir='ltr'><strong>hanc</strong></span> <span class='ocrx_word' id='word_1_83' title='bbox 856 1359 1059 1422; x_wconf 87' lang='lat' dir='ltr'><strong>astronomiae</strong></span> <span class='ocrx_word' id='word_1_84' title='bbox 1089 1367 1207 1440; x_wconf 90' lang='lat' dir='ltr'><strong>partem</strong></span> <span class='ocrx_word' id='word_1_85' title='bbox 1232 1367 1340 1419; x_wconf 79' lang='lat' dir='ltr'><strong>exacte</strong></span> <span class='ocrx_word' id='word_1_86' title='bbox 1364 1359 1430 1419; x_wconf 90' lang='lat' dir='ltr'><strong>oal-</strong></span> 
     </span>
     <span class='ocr_line' id='line_1_12' title="bbox 142 1446 1432 1531; baseline 0.002 -27"><span class='ocrx_word' id='word_1_87' title='bbox 142 1462 157 1505; x_wconf 86' lang='lat' dir='ltr'><strong>a</strong></span> <span class='ocrx_word' id='word_1_88' title='bbox 182 1463 308 1507; x_wconf 87' lang='lat' dir='ltr'><strong>necesse</strong></span> <span class='ocrx_word' id='word_1_89' title='bbox 332 1454 390 1508; x_wconf 88' lang='lat' dir='ltr'><strong>est.</strong></span> <span class='ocrx_word' id='word_1_90' title='bbox 438 1448 480 1508; x_wconf 91' lang='lat' dir='ltr'><strong>Et</strong></span> <span class='ocrx_word' id='word_1_91' title='bbox 504 1449 645 1511; x_wconf 73' lang='lat' dir='ltr'><strong>Laertius</strong></span> <span class='ocrx_word' id='word_1_92' title='bbox 670 1451 803 1531; x_wconf 88' lang='lat' dir='ltr'><strong>quidem,</strong></span> <span class='ocrx_word' id='word_1_93' title='bbox 834 1450 959 1529; x_wconf 92' lang='lat' dir='ltr'><strong>primum</strong></span> <span class='ocrx_word' id='word_1_94' title='bbox 984 1449 1168 1528; x_wconf 88' lang='lat' dir='ltr'><strong>astrologiae</strong></span> <span class='ocrx_word' id='word_1_95' title='bbox 1193 1455 1313 1510; x_wconf 87' lang='lat' dir='ltr'><strong>secreta</strong></span> <span class='ocrx_word' id='word_1_96' title='bbox 1335 1446 1432 1509; x_wconf 90' lang='lat' dir='ltr'><strong>rima-</strong></span> 
     </span>
     <span class='ocr_line' id='line_1_13' title="bbox 162 1531 1431 1618; baseline 0.002 -24"><span class='ocrx_word' id='word_1_97' title='bbox 162 1532 247 1596; x_wconf 92' lang='lat' dir='ltr'><strong>Solis</strong></span> <span class='ocrx_word' id='word_1_98' title='bbox 271 1554 391 1597; x_wconf 89' lang='lat' dir='ltr'><strong>cursum</strong></span> <span class='ocrx_word' id='word_1_99' title='bbox 415 1557 434 1597; x_wconf 94' lang='lat' dir='ltr'><strong>a</strong></span> <span class='ocrx_word' id='word_1_100' title='bbox 457 1538 589 1599; x_wconf 89' lang='lat' dir='ltr'><strong>solstitio</strong></span> <span class='ocrx_word' id='word_1_101' title='bbox 613 1539 642 1599; x_wconf 92' lang='lat' dir='ltr'><strong>in</strong></span> <span class='ocrx_word' id='word_1_102' title='bbox 667 1540 829 1601; x_wconf 88' lang='lat' dir='ltr'><strong>solstitium</strong></span> <span class='ocrx_word' id='word_1_103' title='bbox 854 1538 1019 1618; x_wconf 87' lang='lat' dir='ltr'><strong>reperisse,</strong></span> <span class='ocrx_word' id='word_1_104' title='bbox 1045 1537 1114 1598; x_wconf 90' lang='lat' dir='ltr'><strong>anni</strong></span> <span class='ocrx_word' id='word_1_105' title='bbox 1139 1537 1341 1618; x_wconf 87' lang='lat' dir='ltr'><strong>quantitatem</strong></span> <span class='ocrx_word' id='word_1_106' title='bbox 1366 1531 1431 1600; x_wconf 80' lang='lat'><strong>365</strong></span> 
     </span>
     <span class='ocr_line' id='line_1_14' title="bbox 142 1624 1433 1708; baseline 0.001 -22"><span class='ocrx_word' id='word_1_107' title='bbox 142 1643 181 1686; x_wconf 80' lang='lat' dir='ltr'><strong>ma</strong></span> <span class='ocrx_word' id='word_1_108' title='bbox 215 1624 425 1699; x_wconf 87' lang='lat' dir='ltr'><strong>constituisse,</strong></span> <span class='ocrx_word' id='word_1_109' title='bbox 460 1628 496 1687; x_wconf 95' lang='lat' dir='ltr'><strong>de</strong></span> <span class='ocrx_word' id='word_1_110' title='bbox 525 1628 667 1689; x_wconf 89' lang='lat' dir='ltr'><strong>solstitiis</strong></span> <span class='ocrx_word' id='word_1_111' title='bbox 700 1637 731 1689; x_wconf 90' lang='lat' dir='ltr'><strong>et</strong></span> <span class='ocrx_word' id='word_1_112' title='bbox 755 1628 954 1708; x_wconf 87' lang='lat' dir='ltr'><strong>aequinoctiis</strong></span> <span class='ocrx_word' id='word_1_113' title='bbox 987 1626 1163 1705; x_wconf 91' lang='lat' dir='ltr'><strong>scripsisse,</strong></span> <span class='ocrx_word' id='word_1_114' title='bbox 1198 1625 1266 1686; x_wconf 87' lang='lat' dir='ltr'><strong>anni</strong></span> <span class='ocrx_word' id='word_1_115' title='bbox 1296 1632 1433 1705; x_wconf 90' lang='lat' dir='ltr'><strong>tempora</strong></span> 
     </span>
     <span class='ocr_line' id='line_1_15' title="bbox 142 1713 1432 1797; baseline 0.002 -24"><span class='ocrx_word' id='word_1_116' title='bbox 142 1732 203 1775; x_wconf 75' lang='lat' dir='ltr'><strong>sum</strong></span> <span class='ocrx_word' id='word_1_117' title='bbox 233 1733 316 1784; x_wconf 89' lang='lat' dir='ltr'><strong>esse,</strong></span> <span class='ocrx_word' id='word_1_118' title='bbox 351 1713 434 1776; x_wconf 90' lang='lat' dir='ltr'><strong>Solis</strong></span> <span class='ocrx_word' id='word_1_119' title='bbox 460 1724 492 1777; x_wconf 89' lang='lat' dir='ltr'><strong>et</strong></span> <span class='ocrx_word' id='word_1_120' title='bbox 515 1717 619 1778; x_wconf 87' lang='lat' dir='ltr'><strong>Lunae</strong></span> <span class='ocrx_word' id='word_1_121' title='bbox 650 1717 872 1797; x_wconf 86' lang='lat' dir='ltr'><strong>magnitudines</strong></span> <span class='ocrx_word' id='word_1_122' title='bbox 905 1734 1097 1797; x_wconf 89' lang='lat' dir='ltr'><strong>comparasse</strong></span> <span class='ocrx_word' id='word_1_123' title='bbox 1131 1715 1271 1794; x_wconf 90' lang='lat' dir='ltr'><strong>Solisque</strong></span> <span class='ocrx_word' id='word_1_124' title='bbox 1296 1715 1432 1777; x_wconf 85' lang='lat' dir='ltr'><strong>deiectus</strong></span> 
     </span>
     <span class='ocr_line' id='line_1_16' title="bbox 142 1801 1432 1885; baseline 0.002 -21"><span class='ocrx_word' id='word_1_125' title='bbox 142 1801 258 1864; x_wconf 85' lang='lat' dir='ltr'><strong>dixisse</strong></span> <span class='ocrx_word' id='word_1_126' title='bbox 283 1803 403 1882; x_wconf 79' lang='lat' dir='ltr'><strong>asserit.</strong></span> <span class='ocrx_word' id='word_1_127' title='bbox 451 1806 559 1885; x_wconf 90' lang='lat' dir='ltr'><strong>Neque</strong></span> <span class='ocrx_word' id='word_1_128' title='bbox 584 1815 684 1868; x_wconf 90' lang='lat' dir='ltr'><strong>tamen</strong></span> <span class='ocrx_word' id='word_1_129' title='bbox 709 1807 880 1868; x_wconf 91' lang='lat' dir='ltr'><strong>methodum</strong></span> <span class='ocrx_word' id='word_1_130' title='bbox 906 1807 1034 1884; x_wconf 90' lang='lat' dir='ltr'><strong>eclipses</strong></span> <span class='ocrx_word' id='word_1_131' title='bbox 1049 1804 1241 1885; x_wconf 88' lang='lat' dir='ltr'><strong>praedicendi</strong></span> <span class='ocrx_word' id='word_1_132' title='bbox 1268 1825 1286 1863; x_wconf 89' lang='lat' dir='ltr'><strong>a</strong></span> <span class='ocrx_word' id='word_1_133' title='bbox 1310 1823 1342 1865; x_wconf 89' lang='lat' dir='ltr'><strong>se</strong></span> <span class='ocrx_word' id='word_1_134' title='bbox 1366 1803 1432 1883; x_wconf 90' lang='lat' dir='ltr'><strong>ipso</strong></span> 
     </span>
     <span class='ocr_line' id='line_1_17' title="bbox 142 1892 1431 1971; baseline 0.002 -20"><span class='ocrx_word' id='word_1_135' title='bbox 142 1909 169 1952; x_wconf 90' lang='lat' dir='ltr'><strong>re</strong></span> <span class='ocrx_word' id='word_1_136' title='bbox 194 1892 311 1971; x_wconf 91' lang='lat' dir='ltr'><strong>potuit,</strong></span> <span class='ocrx_word' id='word_1_137' title='bbox 346 1912 413 1954; x_wconf 87' lang='lat' dir='ltr'><strong>curn</strong></span> <span class='ocrx_word' id='word_1_138' title='bbox 431 1895 487 1955; x_wconf 93' lang='lat' dir='ltr'><strong>hoc</strong></span> <span class='ocrx_word' id='word_1_139' title='bbox 512 1914 569 1956; x_wconf 92' lang='lat' dir='ltr'><strong>non</strong></span> <span class='ocrx_word' id='word_1_140' title='bbox 594 1897 634 1957; x_wconf 90' lang='lat' dir='ltr'><strong>sit</strong></span> <span class='ocrx_word' id='word_1_141' title='bbox 658 1897 744 1958; x_wconf 90' lang='lat' dir='ltr'><strong>unius</strong></span> <span class='ocrx_word' id='word_1_142' title='bbox 769 1896 895 1970; x_wconf 89' lang='lat' dir='ltr'><strong>aetatis,</strong></span> <span class='ocrx_word' id='word_1_143' title='bbox 931 1897 1092 1957; x_wconf 89' lang='lat' dir='ltr'><strong>observare</strong></span> <span class='ocrx_word' id='word_1_144' title='bbox 1117 1893 1301 1955; x_wconf 82' lang='lat' dir='ltr'><strong>sufficientes</strong></span> <span class='ocrx_word' id='word_1_145' title='bbox 1326 1893 1431 1954; x_wconf 87' lang='lat' dir='ltr'><strong>Lunae</strong></span> 
     </span>
     <span class='ocr_line' id='line_1_18' title="bbox 142 1979 828 2064; baseline 0.007 -23"><span class='ocrx_word' id='word_1_146' title='bbox 142 1979 239 2042; x_wconf 83' lang='lat' dir='ltr'><strong>ualias</strong></span> <span class='ocrx_word' id='word_1_147' title='bbox 263 1982 301 2042; x_wconf 93' lang='lat' dir='ltr'><strong>ad</strong></span> <span class='ocrx_word' id='word_1_148' title='bbox 327 1983 452 2062; x_wconf 88' lang='lat' dir='ltr'><strong>eclipsin</strong></span> <span class='ocrx_word' id='word_1_149' title='bbox 477 1982 559 2045; x_wconf 90' lang='lat' dir='ltr'><strong>Solis</strong></span> <span class='ocrx_word' id='word_1_150' title='bbox 584 1985 828 2064; x_wconf 88' lang='lat' dir='ltr'><strong>praedicendam.</strong></span> 
     </span>
    </p>

    <p class='ocr_par' dir='ltr' id='par_1_4' title="bbox 142 2067 1508 4734">
     <span class='ocr_line' id='line_1_19' title="bbox 156 2067 1433 2153; baseline 0 -21"><span class='ocrx_word' id='word_1_151' title='bbox 156 2067 312 2132; x_wconf 84' lang='lat' dir='ltr'><strong>Credibile</strong></span> <span class='ocrx_word' id='word_1_152' title='bbox 338 2071 438 2150; x_wconf 87' lang='lat' dir='ltr'><strong>igitur,</strong></span> <span class='ocrx_word' id='word_1_153' title='bbox 463 2093 530 2135; x_wconf 91' lang='lat' dir='ltr'><strong>cum</strong></span> <span class='ocrx_word' id='word_1_154' title='bbox 546 2075 635 2153; x_wconf 90' lang='lat' dir='ltr'><strong>paulo</strong></span> <span class='ocrx_word' id='word_1_155' title='bbox 661 2083 731 2136; x_wconf 87' lang='lat' dir='ltr'><strong>ante</strong></span> <span class='ocrx_word' id='word_1_156' title='bbox 756 2095 822 2136; x_wconf 91' lang='lat' dir='ltr'><strong>eam</strong></span> <span class='ocrx_word' id='word_1_157' title='bbox 838 2074 933 2153; x_wconf 87' lang='lat' dir='ltr'><strong>ipsam</strong></span> <span class='ocrx_word' id='word_1_158' title='bbox 949 2071 1075 2150; x_wconf 91' lang='lat' dir='ltr'><strong>eclipsin</strong></span> <span class='ocrx_word' id='word_1_159' title='bbox 1099 2070 1239 2150; x_wconf 88' lang='lat' dir='ltr'><strong>bellaque</strong></span> <span class='ocrx_word' id='word_1_160' title='bbox 1262 2089 1338 2149; x_wconf 85' lang='lat' dir='ltr'><strong>quae</strong></span> <span class='ocrx_word' id='word_1_161' title='bbox 1363 2077 1433 2132; x_wconf 91' lang='lat' dir='ltr'><strong>tunc</strong></span> 
     </span>
     <span class='ocr_line' id='line_1_20' title="bbox 142 2157 1433 2244; baseline 0.002 -25"><span class='ocrx_word' id='word_1_162' title='bbox 142 2179 155 2220; x_wconf 82' lang='lat' dir='ltr'><strong>s</strong></span> <span class='ocrx_word' id='word_1_163' title='bbox 178 2170 394 2222; x_wconf 90' lang='lat' dir='ltr'><strong>commemorat</strong></span> <span class='ocrx_word' id='word_1_164' title='bbox 417 2161 604 2238; x_wconf 88' lang='lat' dir='ltr'><strong>Herodotus,</strong></span> <span class='ocrx_word' id='word_1_165' title='bbox 635 2183 694 2240; x_wconf 79' lang='lat' dir='ltr'><strong>pax</strong></span> <span class='ocrx_word' id='word_1_166' title='bbox 718 2165 819 2244; x_wconf 90' lang='lat' dir='ltr'><strong>ntique</strong></span> <span class='ocrx_word' id='word_1_167' title='bbox 846 2161 935 2224; x_wconf 83' lang='lat' dir='ltr'><strong>luerit</strong></span> <span class='ocrx_word' id='word_1_168' title='bbox 953 2160 1056 2242; x_wconf 89' lang='lat' dir='ltr'><strong>Lydos</strong></span> <span class='ocrx_word' id='word_1_169' title='bbox 1079 2159 1160 2221; x_wconf 93' lang='lat' dir='ltr'><strong>inter</strong></span> <span class='ocrx_word' id='word_1_170' title='bbox 1182 2165 1215 2220; x_wconf 87' lang='lat' dir='ltr'><strong>et</strong></span> <span class='ocrx_word' id='word_1_171' title='bbox 1237 2157 1433 2239; x_wconf 89' lang='lat' dir='ltr'><strong>Babylonios,</strong></span> 
     </span>
     <span class='ocr_line' id='line_1_21' title="bbox 142 2248 1434 2330; baseline 0 -21"><span class='ocrx_word' id='word_1_172' title='bbox 142 2267 179 2309; x_wconf 88' lang='lat' dir='ltr'><strong>es</strong></span> <span class='ocrx_word' id='word_1_173' title='bbox 210 2267 281 2309; x_wconf 85' lang='lat' dir='ltr'><strong>vero</strong></span> <span class='ocrx_word' id='word_1_174' title='bbox 306 2249 401 2330; x_wconf 90' lang='lat' dir='ltr'><strong>Lydis</strong></span> <span class='ocrx_word' id='word_1_175' title='bbox 430 2250 545 2313; x_wconf 89' lang='lat' dir='ltr'><strong>vicinus</strong></span> <span class='ocrx_word' id='word_1_176' title='bbox 575 2253 602 2313; x_wconf 91' lang='lat' dir='ltr'><strong>in</strong></span> <span class='ocrx_word' id='word_1_177' title='bbox 628 2254 734 2315; x_wconf 89' lang='lat' dir='ltr'><strong>Mileto</strong></span> <span class='ocrx_word' id='word_1_178' title='bbox 763 2253 930 2324; x_wconf 89' lang='lat' dir='ltr'><strong>habitaret,</strong></span> <span class='ocrx_word' id='word_1_179' title='bbox 964 2258 1060 2311; x_wconf 90' lang='lat' dir='ltr'><strong>artem</strong></span> <span class='ocrx_word' id='word_1_180' title='bbox 1089 2248 1218 2327; x_wconf 89' lang='lat' dir='ltr'><strong>eclipses</strong></span> <span class='ocrx_word' id='word_1_181' title='bbox 1242 2248 1434 2327; x_wconf 90' lang='lat' dir='ltr'><strong>computandi</strong></span> 
     </span>
     <span class='ocr_line' id='line_1_22' title="bbox 142 2336 1432 2420; baseline -0.002 -21"><span class='ocrx_word' id='word_1_182' title='bbox 142 2337 216 2399; x_wconf 84' lang='lat' dir='ltr'><strong>:isse</strong></span> <span class='ocrx_word' id='word_1_183' title='bbox 241 2357 260 2397; x_wconf 91' lang='lat' dir='ltr'><strong>a</strong></span> <span class='ocrx_word' id='word_1_184' title='bbox 287 2338 475 2420; x_wconf 92' lang='lat' dir='ltr'><strong>Babyloniis.</strong></span> <span class='ocrx_word' id='word_1_185' title='bbox 524 2341 565 2402; x_wconf 86' lang='lat' dir='ltr'><strong>Et</strong></span> <span class='ocrx_word' id='word_1_186' title='bbox 589 2343 730 2403; x_wconf 71' lang='lat' dir='ltr'><strong>Laertius</strong></span> <span class='ocrx_word' id='word_1_187' title='bbox 755 2342 875 2420; x_wconf 88' lang='lat' dir='ltr'><strong>quidem</strong></span> <span class='ocrx_word' id='word_1_188' title='bbox 904 2347 1008 2401; x_wconf 88' lang='lat' dir='ltr'><strong>auctor</strong></span> <span class='ocrx_word' id='word_1_189' title='bbox 1023 2346 1087 2411; x_wconf 89' lang='lat' dir='ltr'><strong>est,</strong></span> <span class='ocrx_word' id='word_1_190' title='bbox 1112 2339 1286 2418; x_wconf 89' lang='lat' dir='ltr'><strong>Aegyptum</strong></span> <span class='ocrx_word' id='word_1_191' title='bbox 1310 2336 1432 2399; x_wconf 87' lang='lat' dir='ltr'><strong>adiisse.</strong></span> 
     </span>
     <span class='ocr_line' id='line_1_23' title="bbox 142 2426 1432 2509; baseline -0.001 -22"><span class='ocrx_word' id='word_1_192' title='bbox 142 2445 203 2507; x_wconf 90' lang='lat' dir='ltr'><strong>pse</strong></span> <span class='ocrx_word' id='word_1_193' title='bbox 227 2427 340 2487; x_wconf 89' lang='lat' dir='ltr'><strong>Thales</strong></span> <span class='ocrx_word' id='word_1_194' title='bbox 368 2429 445 2506; x_wconf 87' lang='lat' dir='ltr'><strong>apud</strong></span> <span class='ocrx_word' id='word_1_195' title='bbox 471 2439 624 2491; x_wconf 88' lang='lat' dir='ltr'><strong>auctorem</strong></span> <span class='ocrx_word' id='word_1_196' title='bbox 647 2432 730 2492; x_wconf 92' lang='lat' dir='ltr'><strong>illum</strong></span> <span class='ocrx_word' id='word_1_197' title='bbox 754 2431 797 2491; x_wconf 90' lang='lat' dir='ltr'><strong>sic</strong></span> <span class='ocrx_word' id='word_1_198' title='bbox 826 2431 865 2491; x_wconf 92' lang='lat' dir='ltr'><strong>ad</strong></span> <span class='ocrx_word' id='word_1_199' title='bbox 881 2428 1085 2509; x_wconf 86' lang='lat' dir='ltr'><strong>Pherecydem</strong></span> <span class='ocrx_word' id='word_1_200' title='bbox 1100 2427 1137 2486; x_wconf 90' lang='lat' dir='ltr'><strong>de</strong></span> <span class='ocrx_word' id='word_1_201' title='bbox 1152 2445 1206 2487; x_wconf 87' lang='lat' dir='ltr'><strong>sa:</strong></span> <span class='ocrx_word' id='word_1_202' title='bbox 1232 2426 1432 2506; x_wconf 88' lang='lat' dir='ltr'><strong>„Aegyptum</strong></span> 
     </span>
     <span class='ocr_line' id='line_1_24' title="bbox 142 2513 1431 2597; baseline -0.001 -20"><span class='ocrx_word' id='word_1_203' title='bbox 142 2515 300 2588; x_wconf 86' lang='lat' dir='ltr'><strong>travimus,</strong></span> <span class='ocrx_word' id='word_1_204' title='bbox 326 2524 360 2577; x_wconf 91' lang='lat' dir='ltr'><strong>ut</strong></span> <span class='ocrx_word' id='word_1_205' title='bbox 382 2518 473 2579; x_wconf 89' lang='lat' dir='ltr'><strong>isthic</strong></span> <span class='ocrx_word' id='word_1_206' title='bbox 488 2519 695 2581; x_wconf 88' lang='lat' dir='ltr'><strong>sacerdotibus</strong></span> <span class='ocrx_word' id='word_1_207' title='bbox 712 2529 742 2580; x_wconf 91' lang='lat' dir='ltr'><strong>et</strong></span> <span class='ocrx_word' id='word_1_208' title='bbox 758 2518 938 2581; x_wconf 88' lang='lat' dir='ltr'><strong>astronomis</strong></span> <span class='ocrx_word' id='word_1_209' title='bbox 954 2516 1237 2597; x_wconf 88' lang='lat' dir='ltr'><strong>congrederemur.“</strong></span> <span class='ocrx_word' id='word_1_210' title='bbox 1284 2513 1344 2585; x_wconf 84' lang='lat' dir='ltr'><strong>Qui</strong></span> <span class='ocrx_word' id='word_1_211' title='bbox 1363 2515 1431 2576; x_wconf 85' lang='lat' dir='ltr'><strong>fue-</strong></span> 
     </span>
     <span class='ocr_line' id='line_1_25' title="bbox 147 2603 1430 2691; baseline -0.001 -25"><span class='ocrx_word' id='word_1_212' title='bbox 147 2612 251 2666; x_wconf 83' lang='lat' dir='ltr'><strong>autem</strong></span> <span class='ocrx_word' id='word_1_213' title='bbox 270 2604 313 2665; x_wconf 91' lang='lat' dir='ltr'><strong>illi</strong></span> <span class='ocrx_word' id='word_1_214' title='bbox 334 2609 508 2679; x_wconf 89' lang='lat' dir='ltr'><strong>astronomi,</strong></span> <span class='ocrx_word' id='word_1_215' title='bbox 529 2608 669 2671; x_wconf 72' lang='lat' dir='ltr'><strong>Laertius</strong></span> <span class='ocrx_word' id='word_1_216' title='bbox 690 2610 718 2669; x_wconf 93' lang='lat' dir='ltr'><strong>in</strong></span> <span class='ocrx_word' id='word_1_217' title='bbox 734 2607 909 2691; x_wconf 84' lang='lat' dir='ltr'><strong>Pythagora</strong></span> <span class='ocrx_word' id='word_1_218' title='bbox 925 2606 1028 2678; x_wconf 91' lang='lat' dir='ltr'><strong>innuit,</strong></span> <span class='ocrx_word' id='word_1_219' title='bbox 1054 2625 1140 2685; x_wconf 92' lang='lat' dir='ltr'><strong>quem</strong></span> <span class='ocrx_word' id='word_1_220' title='bbox 1161 2604 1287 2666; x_wconf 81' lang='lat' dir='ltr'><strong>eundem</strong></span> <span class='ocrx_word' id='word_1_221' title='bbox 1304 2603 1430 2685; x_wconf 82' lang='lat' dir='ltr'><strong>Aegyp-</strong></span> 
     </span>
     <span class='ocr_line' id='line_1_26' title="bbox 154 2694 1435 2775; baseline 0.001 -20"><span class='ocrx_word' id='word_1_222' title='bbox 154 2695 327 2773; x_wconf 84' lang='lat' dir='ltr'><strong>proiectum</strong></span> <span class='ocrx_word' id='word_1_223' title='bbox 352 2705 456 2758; x_wconf 86' lang='lat' dir='ltr'><strong>narrat</strong></span> <span class='ocrx_word' id='word_1_224' title='bbox 480 2697 558 2775; x_wconf 93' lang='lat' dir='ltr'><strong>apud</strong></span> <span class='ocrx_word' id='word_1_225' title='bbox 584 2696 756 2760; x_wconf 85' lang='lat' dir='ltr'><strong>Chaldaeos</strong></span> <span class='ocrx_word' id='word_1_226' title='bbox 781 2704 1001 2758; x_wconf 88' lang='lat' dir='ltr'><strong>conversatum.</strong></span> <span class='ocrx_word' id='word_1_227' title='bbox 1047 2694 1125 2755; x_wconf 85' lang='lat' dir='ltr'><strong>Erat</strong></span> <span class='ocrx_word' id='word_1_228' title='bbox 1149 2712 1254 2770; x_wconf 89' lang='lat' dir='ltr'><strong>nempe</strong></span> <span class='ocrx_word' id='word_1_229' title='bbox 1273 2694 1435 2773; x_wconf 86' lang='lat' dir='ltr'><strong>Aegyptus</strong></span> 
     </span>
     <span class='ocr_line' id='line_1_27' title="bbox 144 2782 1432 2866; baseline -0.002 -21"><span class='ocrx_word' id='word_1_230' title='bbox 144 2782 382 2863; x_wconf 85' lang='lat' dir='ltr'><strong>Babyloniorum</strong></span> <span class='ocrx_word' id='word_1_231' title='bbox 402 2785 487 2863; x_wconf 92' lang='lat' dir='ltr'><strong>jugo.</strong></span> <span class='ocrx_word' id='word_1_232' title='bbox 534 2787 568 2847; x_wconf 93' lang='lat' dir='ltr'><strong>ln</strong></span> <span class='ocrx_word' id='word_1_233' title='bbox 594 2788 649 2847; x_wconf 87' lang='lat' dir='ltr'><strong>fine</strong></span> <span class='ocrx_word' id='word_1_234' title='bbox 673 2806 744 2849; x_wconf 90' lang='lat' dir='ltr'><strong>vero</strong></span> <span class='ocrx_word' id='word_1_235' title='bbox 769 2787 916 2866; x_wconf 88' lang='lat' dir='ltr'><strong>epistolae</strong></span> <span class='ocrx_word' id='word_1_236' title='bbox 936 2785 1001 2864; x_wconf 85' lang='lat' dir='ltr'><strong>jam</strong></span> <span class='ocrx_word' id='word_1_237' title='bbox 1026 2783 1179 2862; x_wconf 86' lang='lat' dir='ltr'><strong>allegatae</strong></span> <span class='ocrx_word' id='word_1_238' title='bbox 1196 2782 1308 2843; x_wconf 86' lang='lat' dir='ltr'><strong>Thales</strong></span> <span class='ocrx_word' id='word_1_239' title='bbox 1333 2783 1432 2843; x_wconf 92' lang='lat' dir='ltr'><strong>addit:</strong></span> 
     </span>
     <span class='ocr_line' id='line_1_28' title="bbox 142 2869 1434 2956; baseline -0.001 -23"><span class='ocrx_word' id='word_1_240' title='bbox 142 2890 192 2933; x_wconf 88' lang='lat' dir='ltr'><strong>uos</strong></span> <span class='ocrx_word' id='word_1_241' title='bbox 209 2872 257 2951; x_wconf 91' lang='lat' dir='ltr'><strong>qui</strong></span> <span class='ocrx_word' id='word_1_242' title='bbox 273 2872 314 2932; x_wconf 91' lang='lat' dir='ltr'><strong>nil</strong></span> <span class='ocrx_word' id='word_1_243' title='bbox 330 2873 498 2947; x_wconf 87' lang='lat' dir='ltr'><strong>scribimus,</strong></span> <span class='ocrx_word' id='word_1_244' title='bbox 524 2874 687 2936; x_wconf 89' lang='lat' dir='ltr'><strong>Graeciam</strong></span> <span class='ocrx_word' id='word_1_245' title='bbox 706 2878 872 2956; x_wconf 86' lang='lat' dir='ltr'><strong>Asiamque</strong></span> <span class='ocrx_word' id='word_1_246' title='bbox 888 2873 1119 2955; x_wconf 89' lang='lat' dir='ltr'><strong>peragramus.“</strong></span> <span class='ocrx_word' id='word_1_247' title='bbox 1140 2872 1189 2933; x_wconf 89' lang='lat' dir='ltr'><strong>Ita</strong></span> <span class='ocrx_word' id='word_1_248' title='bbox 1204 2872 1267 2932; x_wconf 92' lang='lat' dir='ltr'><strong>sive</strong></span> <span class='ocrx_word' id='word_1_249' title='bbox 1289 2870 1317 2931; x_wconf 92' lang='lat' dir='ltr'><strong>in</strong></span> <span class='ocrx_word' id='word_1_250' title='bbox 1337 2869 1434 2933; x_wconf 84' lang='lat' dir='ltr'><strong>Chal-</strong></span> 
     </span>
     <span class='ocr_line' id='line_1_29' title="bbox 142 2959 1433 3046; baseline 0 -26"><span class='ocrx_word' id='word_1_251' title='bbox 142 2979 176 3021; x_wconf 85' lang='lat' dir='ltr'><strong>m</strong></span> <span class='ocrx_word' id='word_1_252' title='bbox 200 2979 254 3037; x_wconf 91' lang='lat' dir='ltr'><strong>per</strong></span> <span class='ocrx_word' id='word_1_253' title='bbox 277 2961 494 3037; x_wconf 87' lang='lat' dir='ltr'><strong>coutinentem,</strong></span> <span class='ocrx_word' id='word_1_254' title='bbox 521 2965 585 3025; x_wconf 90' lang='lat' dir='ltr'><strong>sive</strong></span> <span class='ocrx_word' id='word_1_255' title='bbox 610 2965 685 3026; x_wconf 91' lang='lat' dir='ltr'><strong>mari</strong></span> <span class='ocrx_word' id='word_1_256' title='bbox 709 2967 739 3026; x_wconf 94' lang='lat' dir='ltr'><strong>in</strong></span> <span class='ocrx_word' id='word_1_257' title='bbox 763 2966 937 3046; x_wconf 88' lang='lat' dir='ltr'><strong>Aegyptum</strong></span> <span class='ocrx_word' id='word_1_258' title='bbox 960 2961 1063 3035; x_wconf 89' lang='lat' dir='ltr'><strong>iverit,</strong></span> <span class='ocrx_word' id='word_1_259' title='bbox 1089 2959 1311 3022; x_wconf 86' lang='lat' dir='ltr'><strong>Chaldaeorum</strong></span> <span class='ocrx_word' id='word_1_260' title='bbox 1335 2959 1433 3020; x_wconf 91' lang='lat' dir='ltr'><strong>utriu-</strong></span> 
     </span>
     <span class='ocr_line' id='line_1_30' title="bbox 149 3047 1435 3129; baseline -0.002 -18"><span class='ocrx_word' id='word_1_261' title='bbox 149 3049 267 3129; x_wconf 87' lang='lat' dir='ltr'><strong>copiam</strong></span> <span class='ocrx_word' id='word_1_262' title='bbox 291 3049 397 3111; x_wconf 90' lang='lat' dir='ltr'><strong>habuit</strong></span> <span class='ocrx_word' id='word_1_263' title='bbox 421 3060 451 3113; x_wconf 92' lang='lat' dir='ltr'><strong>et</strong></span> <span class='ocrx_word' id='word_1_264' title='bbox 476 3053 692 3114; x_wconf 87' lang='lat' dir='ltr'><strong>astronomiam</strong></span> <span class='ocrx_word' id='word_1_265' title='bbox 716 3054 784 3115; x_wconf 89' lang='lat' dir='ltr'><strong>inde</strong></span> <span class='ocrx_word' id='word_1_266' title='bbox 808 3054 837 3114; x_wconf 90' lang='lat' dir='ltr'><strong>in</strong></span> <span class='ocrx_word' id='word_1_267' title='bbox 855 3051 1017 3113; x_wconf 89' lang='lat' dir='ltr'><strong>Graeciam</strong></span> <span class='ocrx_word' id='word_1_268' title='bbox 1032 3051 1137 3110; x_wconf 85' lang='lat' dir='ltr'><strong>efferre</strong></span> <span class='ocrx_word' id='word_1_269' title='bbox 1158 3048 1268 3128; x_wconf 87' lang='lat' dir='ltr'><strong>potnit.</strong></span> <span class='ocrx_word' id='word_1_270' title='bbox 1315 3047 1435 3109; x_wconf 87' lang='lat' dir='ltr'><strong>Etenim</strong></span> 
     </span>
     <span class='ocr_line' id='line_1_31' title="bbox 142 3136 1433 3224; baseline 0 -28"><span class='ocrx_word' id='word_1_271' title='bbox 142 3139 186 3200; x_wconf 84' lang='lat' dir='ltr'><strong>uli</strong></span> <span class='ocrx_word' id='word_1_272' title='bbox 211 3138 318 3198; x_wconf 84' lang='lat' dir='ltr'><strong>solitos</strong></span> <span class='ocrx_word' id='word_1_273' title='bbox 343 3159 361 3199; x_wconf 88' lang='lat' dir='ltr'><strong>a</strong></span> <span class='ocrx_word' id='word_1_274' title='bbox 385 3138 514 3201; x_wconf 86' lang='lat' dir='ltr'><strong>Graecis</strong></span> <span class='ocrx_word' id='word_1_275' title='bbox 537 3142 722 3224; x_wconf 89' lang='lat' dir='ltr'><strong>Babylonios</strong></span> <span class='ocrx_word' id='word_1_276' title='bbox 747 3145 783 3204; x_wconf 93' lang='lat' dir='ltr'><strong>de</strong></span> <span class='ocrx_word' id='word_1_277' title='bbox 808 3149 887 3203; x_wconf 86' lang='lat' dir='ltr'><strong>motu</strong></span> <span class='ocrx_word' id='word_1_278' title='bbox 913 3142 1032 3213; x_wconf 87' lang='lat' dir='ltr'><strong>Lunae,</strong></span> <span class='ocrx_word' id='word_1_279' title='bbox 1057 3138 1129 3200; x_wconf 92' lang='lat' dir='ltr'><strong>illud</strong></span> <span class='ocrx_word' id='word_1_280' title='bbox 1152 3137 1331 3217; x_wconf 85' lang='lat' dir='ltr'><strong>persuadet,</strong></span> <span class='ocrx_word' id='word_1_281' title='bbox 1357 3136 1433 3216; x_wconf 90' lang='lat' dir='ltr'><strong>qnod</strong></span> 
     </span>
     <span class='ocr_line' id='line_1_32' title="bbox 142 3225 1508 3306; baseline -0.001 -18"><span class='ocrx_word' id='word_1_282' title='bbox 142 3246 172 3288; x_wconf 91' lang='lat' dir='ltr'><strong>es</strong></span> <span class='ocrx_word' id='word_1_283' title='bbox 194 3245 272 3306; x_wconf 88' lang='lat' dir='ltr'><strong>pene</strong></span> <span class='ocrx_word' id='word_1_284' title='bbox 298 3225 436 3289; x_wconf 89' lang='lat' dir='ltr'><strong>Graecae</strong></span> <span class='ocrx_word' id='word_1_285' title='bbox 461 3231 599 3292; x_wconf 88' lang='lat' dir='ltr'><strong>nationes</strong></span> <span class='ocrx_word' id='word_1_286' title='bbox 624 3251 701 3292; x_wconf 90' lang='lat' dir='ltr'><strong>anno</strong></span> <span class='ocrx_word' id='word_1_287' title='bbox 721 3231 835 3293; x_wconf 90' lang='lat' dir='ltr'><strong>Lunari</strong></span> <span class='ocrx_word' id='word_1_288' title='bbox 859 3238 1024 3291; x_wconf 91' lang='lat' dir='ltr'><strong>uterentur.</strong></span> <span class='ocrx_word' id='word_1_289' title='bbox 1073 3228 1233 3289; x_wconf 84' lang='lat' dir='ltr'><strong>Euereier</strong></span> <span class='ocrx_word' id='word_1_290' title='bbox 1248 3225 1341 3286; x_wconf 91' lang='lat' dir='ltr'><strong>verba</strong></span> <span class='ocrx_word' id='word_1_291' title='bbox 1360 3225 1434 3287; x_wconf 89' lang='lat' dir='ltr'><strong>Ari·</strong></span> <span class='ocrx_word' id='word_1_292' title='bbox 1504 3297 1508 3306; x_wconf 40' lang='grc'>,</span> 
     </span>
     <span class='ocr_line' id='line_1_33' title="bbox 142 3314 1434 3400; baseline -0.002 -23"><span class='ocrx_word' id='word_1_293' title='bbox 142 3315 190 3378; x_wconf 77' lang='lat' dir='ltr'><strong>slis</strong></span> <span class='ocrx_word' id='word_1_294' title='bbox 214 3316 284 3386; x_wconf 89' lang='lat' dir='ltr'><strong>(lib.</strong></span> <span class='ocrx_word' id='word_1_295' title='bbox 310 3318 350 3378; x_wconf 93' lang='lat' dir='ltr'><strong>ll.</strong></span> <span class='ocrx_word' id='word_1_296' title='bbox 378 3318 414 3378; x_wconf 93' lang='lat' dir='ltr'><strong>de</strong></span> <span class='ocrx_word' id='word_1_297' title='bbox 439 3316 533 3380; x_wconf 88' lang='lat' dir='ltr'><strong>Coelo</strong></span> <span class='ocrx_word' id='word_1_298' title='bbox 556 3340 622 3400; x_wconf 89' lang='lat' dir='ltr'><strong>cap.</strong></span> <span class='ocrx_word' id='word_1_299' title='bbox 653 3317 734 3394; x_wconf 78' lang='grc' dir='ltr'>12.)ε</span> <span class='ocrx_word' id='word_1_300' title='bbox 765 3320 855 3382; x_wconf 90' lang='lat' dir='ltr'><strong>simili</strong></span> <span class='ocrx_word' id='word_1_301' title='bbox 879 3318 996 3380; x_wconf 90' lang='lat' dir='ltr'><strong>ratione</strong></span> <span class='ocrx_word' id='word_1_302' title='bbox 1022 3317 1058 3380; x_wconf 88' lang='lat' dir='ltr'><strong>de</strong></span> <span class='ocrx_word' id='word_1_303' title='bbox 1083 3317 1193 3379; x_wconf 87' lang='lat' dir='ltr'><strong>ceteris</strong></span> <span class='ocrx_word' id='word_1_304' title='bbox 1222 3315 1313 3377; x_wconf 91' lang='lat' dir='ltr'><strong>etiam</strong></span> <span class='ocrx_word' id='word_1_305' title='bbox 1337 3314 1434 3376; x_wconf 89' lang='lat' dir='ltr'><strong>stellis</strong></span> 
     </span>
     <span class='ocr_line' id='line_1_34' title="bbox 142 3401 1433 3490; baseline -0.002 -24"><span class='ocrx_word' id='word_1_306' title='bbox 142 3413 237 3478; x_wconf 86' lang='lat' dir='ltr'><strong>untur,</strong></span> <span class='ocrx_word' id='word_1_307' title='bbox 265 3406 313 3484; x_wconf 91' lang='lat' dir='ltr'><strong>qui</strong></span> <span class='ocrx_word' id='word_1_308' title='bbox 338 3426 440 3468; x_wconf 88' lang='lat' dir='ltr'><strong>earum</strong></span> <span class='ocrx_word' id='word_1_309' title='bbox 465 3409 613 3470; x_wconf 89' lang='lat' dir='ltr'><strong>rationem</strong></span> <span class='ocrx_word' id='word_1_310' title='bbox 633 3411 783 3490; x_wconf 90' lang='lat' dir='ltr'><strong>quondam</strong></span> <span class='ocrx_word' id='word_1_311' title='bbox 797 3408 932 3489; x_wconf 90' lang='lat' dir='ltr'><strong>plurimis</strong></span> <span class='ocrx_word' id='word_1_312' title='bbox 949 3405 1035 3468; x_wconf 91' lang='lat' dir='ltr'><strong>annis</strong></span> <span class='ocrx_word' id='word_1_313' title='bbox 1051 3406 1260 3479; x_wconf 90' lang='lat' dir='ltr'><strong>observarunt,</strong></span> <span class='ocrx_word' id='word_1_314' title='bbox 1287 3401 1433 3484; x_wconf 90' lang='lat' dir='ltr'><strong>Aegyptii</strong></span> 
     </span>
     <span class='ocr_line' id='line_1_35' title="bbox 142 3492 1380 3578; baseline -0.001 -25"><span class='ocrx_word' id='word_1_315' title='bbox 142 3492 299 3575; x_wconf 80' lang='lat' dir='ltr'><strong>labylouii‚</strong></span> <span class='ocrx_word' id='word_1_316' title='bbox 324 3516 342 3555; x_wconf 92' lang='lat' dir='ltr'><strong>a</strong></span> <span class='ocrx_word' id='word_1_317' title='bbox 366 3496 473 3575; x_wconf 92' lang='lat' dir='ltr'><strong>quibus</strong></span> <span class='ocrx_word' id='word_1_318' title='bbox 497 3498 593 3559; x_wconf 90' lang='lat' dir='ltr'><strong>multa</strong></span> <span class='ocrx_word' id='word_1_319' title='bbox 617 3499 674 3559; x_wconf 85' lang='lat' dir='ltr'><strong>fide</strong></span> <span class='ocrx_word' id='word_1_320' title='bbox 700 3499 791 3578; x_wconf 90' lang='lat' dir='ltr'><strong>digna</strong></span> <span class='ocrx_word' id='word_1_321' title='bbox 815 3499 852 3558; x_wconf 92' lang='lat' dir='ltr'><strong>de</strong></span> <span class='ocrx_word' id='word_1_322' title='bbox 876 3496 1002 3577; x_wconf 90' lang='lat' dir='ltr'><strong>singulis</strong></span> <span class='ocrx_word' id='word_1_323' title='bbox 1026 3494 1174 3557; x_wconf 90' lang='lat' dir='ltr'><strong>sideribus</strong></span> <span class='ocrx_word' id='word_1_324' title='bbox 1199 3492 1380 3572; x_wconf 86' lang='lat' dir='ltr'><strong>accepimus.</strong></span> 
     </span>
     <span class='ocr_line' id='line_1_36' title="bbox 160 3579 1434 3665; baseline -0.001 -23"><span class='ocrx_word' id='word_1_325' title='bbox 160 3579 245 3653; x_wconf 80' lang='lat' dir='ltr'><strong>Quas</strong></span> <span class='ocrx_word' id='word_1_326' title='bbox 279 3603 362 3645; x_wconf 90' lang='lat' dir='ltr'><strong>meas</strong></span> <span class='ocrx_word' id='word_1_327' title='bbox 387 3586 577 3664; x_wconf 89' lang='lat' dir='ltr'><strong>conjecturas</strong></span> <span class='ocrx_word' id='word_1_328' title='bbox 607 3586 656 3647; x_wconf 91' lang='lat' dir='ltr'><strong>hic</strong></span> <span class='ocrx_word' id='word_1_329' title='bbox 680 3607 745 3649; x_wconf 89' lang='lat' dir='ltr'><strong>cum</strong></span> <span class='ocrx_word' id='word_1_330' title='bbox 770 3588 840 3649; x_wconf 88' lang='lat' dir='ltr'><strong>Ursi</strong></span> <span class='ocrx_word' id='word_1_331' title='bbox 864 3584 1044 3665; x_wconf 77' lang='lat' dir='ltr'><strong>conjecturis</strong></span> <span class='ocrx_word' id='word_1_332' title='bbox 1069 3584 1204 3646; x_wconf 85' lang='lat' dir='ltr'><strong>conferre</strong></span> <span class='ocrx_word' id='word_1_333' title='bbox 1229 3582 1330 3656; x_wconf 89' lang='lat' dir='ltr'><strong>libuit,</strong></span> <span class='ocrx_word' id='word_1_334' title='bbox 1365 3580 1434 3662; x_wconf 89' lang='lat' dir='ltr'><strong>quia</strong></span> 
     </span>
     <span class='ocr_line' id='line_1_37' title="bbox 143 3670 1433 3756; baseline -0.002 -24"><span class='ocrx_word' id='word_1_335' title='bbox 143 3689 179 3732; x_wconf 92' lang='lat' dir='ltr'><strong>ou</strong></span> <span class='ocrx_word' id='word_1_336' title='bbox 202 3691 283 3745; x_wconf 91' lang='lat' dir='ltr'><strong>sum,</strong></span> <span class='ocrx_word' id='word_1_337' title='bbox 314 3673 362 3752; x_wconf 93' lang='lat' dir='ltr'><strong>qui</strong></span> <span class='ocrx_word' id='word_1_338' title='bbox 387 3673 462 3734; x_wconf 90' lang='lat' dir='ltr'><strong>bene</strong></span> <span class='ocrx_word' id='word_1_339' title='bbox 487 3675 568 3737; x_wconf 91' lang='lat' dir='ltr'><strong>dicta</strong></span> <span class='ocrx_word' id='word_1_340' title='bbox 592 3695 715 3756; x_wconf 87' lang='lat' dir='ltr'><strong>carpere</strong></span> <span class='ocrx_word' id='word_1_341' title='bbox 738 3677 838 3737; x_wconf 82' lang='lat' dir='ltr'><strong>velim.</strong></span> <span class='ocrx_word' id='word_1_342' title='bbox 887 3674 948 3737; x_wconf 90' lang='lat' dir='ltr'><strong>Sed</strong></span> <span class='ocrx_word' id='word_1_343' title='bbox 973 3675 1036 3753; x_wconf 85' lang='lat' dir='ltr'><strong>jam</strong></span> <span class='ocrx_word' id='word_1_344' title='bbox 1061 3673 1167 3735; x_wconf 89' lang='lat' dir='ltr'><strong>statim</strong></span> <span class='ocrx_word' id='word_1_345' title='bbox 1196 3678 1304 3752; x_wconf 86' lang='lat' dir='ltr'><strong>peccat</strong></span> <span class='ocrx_word' id='word_1_346' title='bbox 1327 3670 1433 3740; x_wconf 90' lang='lat' dir='ltr'><strong>Ursus,</strong></span> 
     </span>
     <span class='ocr_line' id='line_1_38' title="bbox 142 3759 1435 3845; baseline -0.002 -25"><span class='ocrx_word' id='word_1_347' title='bbox 142 3761 266 3834; x_wconf 72' lang='lat' dir='ltr'><strong>athesae,</strong></span> <span class='ocrx_word' id='word_1_348' title='bbox 292 3781 366 3840; x_wconf 90' lang='lat' dir='ltr'><strong>quas</strong></span> <span class='ocrx_word' id='word_1_349' title='bbox 390 3763 580 3844; x_wconf 89' lang='lat' dir='ltr'><strong>physicorum</strong></span> <span class='ocrx_word' id='word_1_350' title='bbox 605 3785 673 3825; x_wconf 90' lang='lat' dir='ltr'><strong>esse</strong></span> <span class='ocrx_word' id='word_1_351' title='bbox 698 3765 751 3838; x_wconf 84' lang='lat' dir='ltr'><strong>ait,</strong></span> <span class='ocrx_word' id='word_1_352' title='bbox 774 3766 864 3845; x_wconf 88' lang='lat' dir='ltr'><strong>paulo</strong></span> <span class='ocrx_word' id='word_1_353' title='bbox 879 3771 950 3842; x_wconf 91' lang='lat' dir='ltr'><strong>post</strong></span> <span class='ocrx_word' id='word_1_354' title='bbox 972 3772 1110 3842; x_wconf 86' lang='lat' dir='ltr'><strong>tempora</strong></span> <span class='ocrx_word' id='word_1_355' title='bbox 1124 3761 1301 3823; x_wconf 85' lang='lat' dir='ltr'><strong>Aristotelis</strong></span> <span class='ocrx_word' id='word_1_356' title='bbox 1319 3759 1435 3819; x_wconf 88' lang='lat' dir='ltr'><strong>demum</strong></span> 
     </span>
     <span class='ocr_line' id='line_1_39' title="bbox 142 3848 1434 3932; baseline -0.001 -23"><span class='ocrx_word' id='word_1_357' title='bbox 142 3849 260 3911; x_wconf 79' lang='lat' dir='ltr'><strong>stitutus</strong></span> <span class='ocrx_word' id='word_1_358' title='bbox 285 3851 478 3925; x_wconf 76' lang='lat' dir='ltr'><strong>existimans,</strong></span> <span class='ocrx_word' id='word_1_359' title='bbox 503 3872 557 3914; x_wconf 90' lang='lat' dir='ltr'><strong>nec</strong></span> <span class='ocrx_word' id='word_1_360' title='bbox 583 3854 644 3914; x_wconf 90' lang='lat' dir='ltr'><strong>ulla</strong></span> <span class='ocrx_word' id='word_1_361' title='bbox 667 3854 784 3915; x_wconf 90' lang='lat' dir='ltr'><strong>ratione</strong></span> <span class='ocrx_word' id='word_1_362' title='bbox 809 3854 878 3915; x_wconf 89' lang='lat' dir='ltr'><strong>sciri</strong></span> <span class='ocrx_word' id='word_1_363' title='bbox 902 3871 1002 3931; x_wconf 91' lang='lat' dir='ltr'><strong>posse,</strong></span> <span class='ocrx_word' id='word_1_364' title='bbox 1028 3852 1201 3932; x_wconf 87' lang='lat' dir='ltr'><strong>qualesnam</strong></span> <span class='ocrx_word' id='word_1_365' title='bbox 1221 3848 1333 3911; x_wconf 85' lang='lat' dir='ltr'><strong>luerint</strong></span> <span class='ocrx_word' id='word_1_366' title='bbox 1356 3855 1434 3909; x_wconf 89' lang='lat' dir='ltr'><strong>tem-</strong></span> 
     </span>
     <span class='ocr_line' id='line_1_40' title="bbox 142 3929 1434 4023; baseline -0.002 -24"><span class='ocrx_word' id='word_1_367' title='bbox 142 3937 194 3999; x_wconf 90' lang='lat' dir='ltr'><strong>bus</strong></span> <span class='ocrx_word' id='word_1_368' title='bbox 219 3939 358 4000; x_wconf 88' lang='lat' dir='ltr'><strong>Thaletis</strong></span> <span class='ocrx_word' id='word_1_369' title='bbox 392 3948 424 4001; x_wconf 91' lang='lat' dir='ltr'><strong>et</strong></span> <span class='ocrx_word' id='word_1_370' title='bbox 450 3943 645 4023; x_wconf 86' lang='lat' dir='ltr'><strong>Pythagorae</strong></span> <span class='ocrx_word' id='word_1_371' title='bbox 678 3951 916 4004; x_wconf 91' lang='lat' dir='ltr'><strong>astronomorum</strong></span> <span class='ocrx_word' id='word_1_372' title='bbox 947 3929 1140 4021; x_wconf 78' lang='lat' dir='ltr'><strong>hypotheses.</strong></span> <span class='ocrx_word' id='word_1_373' title='bbox 1189 3937 1256 4008; x_wconf 82' lang='lat' dir='ltr'><strong>Quo</strong></span> <span class='ocrx_word' id='word_1_374' title='bbox 1282 3938 1347 3998; x_wconf 92' lang='lat' dir='ltr'><strong>loco</strong></span> <span class='ocrx_word' id='word_1_375' title='bbox 1376 3955 1434 3997; x_wconf 92' lang='lat' dir='ltr'><strong>non</strong></span> 
     </span>
     <span class='ocr_line' id='line_1_41' title="bbox 142 4024 1435 4111; baseline -0.002 -23"><span class='ocrx_word' id='word_1_376' title='bbox 142 4035 192 4089; x_wconf 87' lang='lat' dir='ltr'><strong>tur</strong></span> <span class='ocrx_word' id='word_1_377' title='bbox 220 4028 349 4089; x_wconf 90' lang='lat' dir='ltr'><strong>Plinium</strong></span> <span class='ocrx_word' id='word_1_378' title='bbox 378 4030 488 4108; x_wconf 90' lang='lat' dir='ltr'><strong>legisse</strong></span> <span class='ocrx_word' id='word_1_379' title='bbox 519 4032 568 4093; x_wconf 91' lang='lat' dir='ltr'><strong>lib.</strong></span> <span class='ocrx_word' id='word_1_380' title='bbox 596 4033 635 4093; x_wconf 91' lang='lat' dir='ltr'><strong>Il.</strong></span> <span class='ocrx_word' id='word_1_381' title='bbox 668 4052 734 4111; x_wconf 91' lang='lat' dir='ltr'><strong>cap.</strong></span> <span class='ocrx_word' id='word_1_382' title='bbox 760 4030 812 4094; x_wconf 80' lang='lat'><strong>22.</strong></span> <span class='ocrx_word' id='word_1_383' title='bbox 858 4031 979 4092; x_wconf 84' lang='lat' dir='ltr'><strong>Etenim</strong></span> <span class='ocrx_word' id='word_1_384' title='bbox 1008 4030 1077 4090; x_wconf 89' lang='lat' dir='ltr'><strong>illae</strong></span> <span class='ocrx_word' id='word_1_385' title='bbox 1105 4028 1267 4090; x_wconf 87' lang='lat' dir='ltr'><strong>hodiernae</strong></span> <span class='ocrx_word' id='word_1_386' title='bbox 1291 4024 1435 4107; x_wconf 87' lang='lat' dir='ltr'><strong>physico-</strong></span> 
     </span>
     <span class='ocr_line' id='line_1_42' title="bbox 142 4114 1436 4201; baseline -0.002 -22"><span class='ocrx_word' id='word_1_387' title='bbox 142 4123 206 4191; x_wconf 89' lang='lat' dir='ltr'><strong>,ut</strong></span> <span class='ocrx_word' id='word_1_388' title='bbox 229 4125 321 4178; x_wconf 88' lang='lat' dir='ltr'><strong>vocat</strong></span> <span class='ocrx_word' id='word_1_389' title='bbox 340 4119 446 4194; x_wconf 88' lang='lat' dir='ltr'><strong>Ursus,</strong></span> <span class='ocrx_word' id='word_1_390' title='bbox 471 4119 667 4201; x_wconf 89' lang='lat' dir='ltr'><strong>hypotheses,</strong></span> <span class='ocrx_word' id='word_1_391' title='bbox 694 4141 747 4182; x_wconf 92' lang='lat' dir='ltr'><strong>seu</strong></span> <span class='ocrx_word' id='word_1_392' title='bbox 771 4122 825 4182; x_wconf 88' lang='lat' dir='ltr'><strong>illa</strong></span> <span class='ocrx_word' id='word_1_393' title='bbox 848 4120 1045 4201; x_wconf 88' lang='lat' dir='ltr'><strong>sphaerarum</strong></span> <span class='ocrx_word' id='word_1_394' title='bbox 1071 4117 1231 4186; x_wconf 90' lang='lat' dir='ltr'><strong>ordinatio,</strong></span> <span class='ocrx_word' id='word_1_395' title='bbox 1256 4134 1344 4196; x_wconf 90' lang='lat' dir='ltr'><strong>quam</strong></span> <span class='ocrx_word' id='word_1_396' title='bbox 1359 4114 1436 4176; x_wconf 87' lang='lat' dir='ltr'><strong>Pto-</strong></span> 
     </span>
     <span class='ocr_line' id='line_1_43' title="bbox 142 4202 1436 4290; baseline -0.002 -23"><span class='ocrx_word' id='word_1_397' title='bbox 142 4223 207 4267; x_wconf 84' lang='lat' dir='ltr'><strong>ueus</strong></span> <span class='ocrx_word' id='word_1_398' title='bbox 235 4213 284 4267; x_wconf 90' lang='lat' dir='ltr'><strong>est</strong></span> <span class='ocrx_word' id='word_1_399' title='bbox 308 4208 478 4286; x_wconf 90' lang='lat' dir='ltr'><strong>amplexus,</strong></span> <span class='ocrx_word' id='word_1_400' title='bbox 505 4210 696 4290; x_wconf 90' lang='lat' dir='ltr'><strong>Pythagorae</strong></span> <span class='ocrx_word' id='word_1_401' title='bbox 725 4211 841 4271; x_wconf 89' lang='lat' dir='ltr'><strong>usitata</strong></span> <span class='ocrx_word' id='word_1_402' title='bbox 872 4210 937 4270; x_wconf 82' lang='lat' dir='ltr'><strong>tuit.</strong></span> <span class='ocrx_word' id='word_1_403' title='bbox 985 4207 1066 4269; x_wconf 88' lang='lat' dir='ltr'><strong>Audi</strong></span> <span class='ocrx_word' id='word_1_404' title='bbox 1094 4207 1190 4269; x_wconf 88' lang='lat' dir='ltr'><strong>lector</strong></span> <span class='ocrx_word' id='word_1_405' title='bbox 1214 4206 1306 4268; x_wconf 88' lang='lat' dir='ltr'><strong>verba</strong></span> <span class='ocrx_word' id='word_1_406' title='bbox 1330 4202 1436 4266; x_wconf 92' lang='lat' dir='ltr'><strong>Plinii:</strong></span> 
     </span>
     <span class='ocr_line' id='line_1_44' title="bbox 160 4293 1437 4376; baseline -0.001 -22"><span class='ocrx_word' id='word_1_407' title='bbox 160 4293 362 4374; x_wconf 89' lang='lat' dir='ltr'><strong>Pythagoras,</strong></span> <span class='ocrx_word' id='word_1_408' title='bbox 387 4296 492 4376; x_wconf 90' lang='lat' dir='ltr'><strong>inquit,</strong></span> <span class='ocrx_word' id='word_1_409' title='bbox 518 4298 666 4360; x_wconf 88' lang='lat' dir='ltr'><strong>interdum</strong></span> <span class='ocrx_word' id='word_1_410' title='bbox 690 4319 728 4359; x_wconf 80' lang='lat' dir='ltr'><strong>ex</strong></span> <span class='ocrx_word' id='word_1_411' title='bbox 752 4299 866 4361; x_wconf 88' lang='lat' dir='ltr'><strong>musica</strong></span> <span class='ocrx_word' id='word_1_412' title='bbox 890 4295 1165 4376; x_wconf 82' lang='lat' dir='ltr'><strong>ratioueappellat</strong></span> <span class='ocrx_word' id='word_1_413' title='bbox 1188 4303 1305 4370; x_wconf 89' lang='lat' dir='ltr'><strong>tonum,</strong></span> <span class='ocrx_word' id='word_1_414' title='bbox 1339 4311 1437 4372; x_wconf 88' lang='lat' dir='ltr'><strong>quau-</strong></span> 
     </span>
     <span class='ocr_line' id='line_1_45' title="bbox 162 4383 1438 4465; baseline -0.002 -22"><span class='ocrx_word' id='word_1_415' title='bbox 162 4383 243 4444; x_wconf 86' lang='lat' dir='ltr'><strong>absit</strong></span> <span class='ocrx_word' id='word_1_416' title='bbox 267 4406 286 4446; x_wconf 91' lang='lat' dir='ltr'><strong>a</strong></span> <span class='ocrx_word' id='word_1_417' title='bbox 309 4385 403 4446; x_wconf 87' lang='lat' dir='ltr'><strong>Terra</strong></span> <span class='ocrx_word' id='word_1_418' title='bbox 426 4386 522 4447; x_wconf 90' lang='lat' dir='ltr'><strong>Luna.</strong></span> <span class='ocrx_word' id='word_1_419' title='bbox 570 4387 620 4449; x_wconf 88' lang='lat' dir='ltr'><strong>Ab</strong></span> <span class='ocrx_word' id='word_1_420' title='bbox 644 4407 681 4450; x_wconf 88' lang='lat' dir='ltr'><strong>ea</strong></span> <span class='ocrx_word' id='word_1_421' title='bbox 709 4390 747 4449; x_wconf 90' lang='lat' dir='ltr'><strong>ad</strong></span> <span class='ocrx_word' id='word_1_422' title='bbox 771 4387 966 4460; x_wconf 89' lang='lat' dir='ltr'><strong>Mercurium,</strong></span> <span class='ocrx_word' id='word_1_423' title='bbox 1001 4385 1092 4465; x_wconf 89' lang='lat' dir='ltr'><strong>spatii</strong></span> <span class='ocrx_word' id='word_1_424' title='bbox 1117 4384 1182 4463; x_wconf 77' lang='lat' dir='ltr'><strong>eJus</strong></span> <span class='ocrx_word' id='word_1_425' title='bbox 1207 4383 1374 4454; x_wconf 88' lang='lat' dir='ltr'><strong>dimidium,</strong></span> <span class='ocrx_word' id='word_1_426' title='bbox 1406 4387 1438 4440; x_wconf 90' lang='lat' dir='ltr'><strong>et</strong></span> 
     </span>
     <span class='ocr_line' id='line_1_46' title="bbox 142 4468 1437 4557; baseline -0.003 -25"><span class='ocrx_word' id='word_1_427' title='bbox 142 4489 175 4532; x_wconf 87' lang='lat' dir='ltr'><strong>so</strong></span> <span class='ocrx_word' id='word_1_428' title='bbox 198 4473 237 4533; x_wconf 92' lang='lat' dir='ltr'><strong>ad</strong></span> <span class='ocrx_word' id='word_1_429' title='bbox 262 4473 413 4535; x_wconf 91' lang='lat' dir='ltr'><strong>Venerem</strong></span> <span class='ocrx_word' id='word_1_430' title='bbox 438 4475 499 4536; x_wconf 85' lang='lat' dir='ltr'><strong>lere</strong></span> <span class='ocrx_word' id='word_1_431' title='bbox 524 4477 720 4551; x_wconf 92' lang='lat' dir='ltr'><strong>tantundem,</strong></span> <span class='ocrx_word' id='word_1_432' title='bbox 744 4497 763 4538; x_wconf 92' lang='lat' dir='ltr'><strong>a</strong></span> <span class='ocrx_word' id='word_1_433' title='bbox 786 4495 844 4557; x_wconf 93' lang='lat' dir='ltr'><strong>qua</strong></span> <span class='ocrx_word' id='word_1_434' title='bbox 868 4476 905 4536; x_wconf 91' lang='lat' dir='ltr'><strong>ad</strong></span> <span class='ocrx_word' id='word_1_435' title='bbox 923 4474 1025 4538; x_wconf 89' lang='lat' dir='ltr'><strong>Solem</strong></span> <span class='ocrx_word' id='word_1_436' title='bbox 1050 4473 1243 4554; x_wconf 91' lang='lat' dir='ltr'><strong>sesquiplum,</strong></span> <span class='ocrx_word' id='word_1_437' title='bbox 1268 4492 1288 4533; x_wconf 92' lang='lat' dir='ltr'><strong>a</strong></span> <span class='ocrx_word' id='word_1_438' title='bbox 1307 4469 1378 4533; x_wconf 88' lang='lat' dir='ltr'><strong>Sole</strong></span> <span class='ocrx_word' id='word_1_439' title='bbox 1398 4468 1437 4529; x_wconf 91' lang='lat' dir='ltr'><strong>ad</strong></span> 
     </span>
     <span class='ocr_line' id='line_1_47' title="bbox 142 4557 1436 4636; baseline -0.004 -15"><span class='ocrx_word' id='word_1_440' title='bbox 142 4566 207 4621; x_wconf 77' lang='lat' dir='ltr'><strong>tem</strong></span> <span class='ocrx_word' id='word_1_441' title='bbox 227 4568 338 4636; x_wconf 88' lang='lat' dir='ltr'><strong>tonum,</strong></span> <span class='ocrx_word' id='word_1_442' title='bbox 364 4564 403 4625; x_wconf 90' lang='lat' dir='ltr'><strong>ab</strong></span> <span class='ocrx_word' id='word_1_443' title='bbox 427 4582 462 4625; x_wconf 87' lang='lat' dir='ltr'><strong>eo</strong></span> <span class='ocrx_word' id='word_1_444' title='bbox 486 4565 525 4625; x_wconf 92' lang='lat' dir='ltr'><strong>ad</strong></span> <span class='ocrx_word' id='word_1_445' title='bbox 539 4565 647 4627; x_wconf 88' lang='lat' dir='ltr'><strong>Jovem</strong></span> <span class='ocrx_word' id='word_1_446' title='bbox 671 4565 824 4628; x_wconf 89' lang='lat' dir='ltr'><strong>dimidium</strong></span> <span class='ocrx_word' id='word_1_447' title='bbox 848 4575 879 4627; x_wconf 91' lang='lat' dir='ltr'><strong>et</strong></span> <span class='ocrx_word' id='word_1_448' title='bbox 903 4565 940 4626; x_wconf 89' lang='lat' dir='ltr'><strong>ab</strong></span> <span class='ocrx_word' id='word_1_449' title='bbox 965 4583 1001 4625; x_wconf 92' lang='lat' dir='ltr'><strong>eo</strong></span> <span class='ocrx_word' id='word_1_450' title='bbox 1026 4564 1065 4625; x_wconf 89' lang='lat' dir='ltr'><strong>ad</strong></span> <span class='ocrx_word' id='word_1_451' title='bbox 1085 4561 1249 4624; x_wconf 90' lang='lat' dir='ltr'><strong>Saturnum</strong></span> <span class='ocrx_word' id='word_1_452' title='bbox 1273 4557 1436 4629; x_wconf 90' lang='lat' dir='ltr'><strong>dimidium,</strong></span> 
     </span>
     <span class='ocr_line' id='line_1_48' title="bbox 142 4649 679 4734; baseline 0.015 -25"><span class='ocrx_word' id='word_1_453' title='bbox 142 4649 199 4710; x_wconf 90' lang='lat' dir='ltr'><strong>ude</strong></span> <span class='ocrx_word' id='word_1_454' title='bbox 223 4651 408 4731; x_wconf 88' lang='lat' dir='ltr'><strong>sesquiplum</strong></span> <span class='ocrx_word' id='word_1_455' title='bbox 432 4654 471 4714; x_wconf 94' lang='lat' dir='ltr'><strong>ad</strong></span> <span class='ocrx_word' id='word_1_456' title='bbox 495 4654 679 4734; x_wconf 81' lang='lat' dir='ltr'><strong>signiferum.</strong></span> 
     </span>
    </p>

    <p class='ocr_par' dir='ltr' id='par_1_5' title="bbox 167 4733 1437 4828">
     <span class='ocr_line' id='line_1_49' title="bbox 167 4733 1437 4828; baseline -0.009 -23"><span class='ocrx_word' id='word_1_457' title='bbox 167 4737 264 4805; x_wconf 81' lang='lat' dir='ltr'><strong>Audis</strong></span> <span class='ocrx_word' id='word_1_458' title='bbox 287 4739 421 4808; x_wconf 87' lang='lat' dir='ltr'><strong>ordinem</strong></span> <span class='ocrx_word' id='word_1_459' title='bbox 444 4743 638 4827; x_wconf 87' lang='lat' dir='ltr'><strong>sphaerarum</strong></span> <span class='ocrx_word' id='word_1_460' title='bbox 661 4744 757 4809; x_wconf 87' lang='lat' dir='ltr'><strong>lector</strong></span> <span class='ocrx_word' id='word_1_461' title='bbox 780 4761 817 4803; x_wconf 86' lang='lat' dir='ltr'><strong>ex</strong></span> <span class='ocrx_word' id='word_1_462' title='bbox 840 4741 948 4809; x_wconf 85' lang='lat' dir='ltr'><strong>Plinio.</strong></span> <span class='ocrx_word' id='word_1_463' title='bbox 992 4738 1056 4828; x_wconf 82' lang='lat' dir='ltr'><strong>Ant</strong></span> <span class='ocrx_word' id='word_1_464' title='bbox 1084 4739 1177 4824; x_wconf 89' lang='lat' dir='ltr'><strong>igitur</strong></span> <span class='ocrx_word' id='word_1_465' title='bbox 1199 4734 1315 4800; x_wconf 88' lang='lat' dir='ltr'><strong>Plinius</strong></span> <span class='ocrx_word' id='word_1_466' title='bbox 1339 4733 1437 4796; x_wconf 90' lang='lat' dir='ltr'><strong>malae</strong></span> 
     </span>
    </p>
   </div>
   <div class='ocr_carea' id='block_1_4' title="bbox 0 0 1690 5482">
    <p class='ocr_par' dir='ltr' id='par_1_6' title="bbox 0 0 1690 5482">
     <span class='ocr_line' id='line_1_50' title="bbox 0 0 1690 5482; baseline 0 0"><span class='ocrx_word' id='word_1_467' title='bbox 0 0 1690 5482; x_wconf 95' lang='lat' dir='ltr'><strong> </strong></span> 
     </span>
    </p>
   </div>
  </div>
 </body>
</html>
