3366 5482
183 277 245 355 190
631 279 660 330 15
678 256 824 342 bissianum
842 277 1077 344 (loamograplddnin

233 437 257 507 l)
284 440 346 495 Non
370 444 414 492 551
437 439 593 503 absurdum,
617 438 707 492 Deum
727 438 754 492 in
776 439 885 492 conditu
905 445 1003 493 tantae
1026 439 1105 493 molis
1130 439 1333 494 demonstrasse
1357 455 1435 496 snam
1450 438 1541 496 'omni-

285 518 447 589 potentiam.
498 518 557 572 Nec
578 519 649 573 Deo
672 520 810 572 mundus
834 535 974 590 magnus
1003 526 1074 582 est,
1105 520 1162 572 sed
1191 536 1250 572 nos
1280 521 1402 575 mundo
1425 522 1540 592 parsi.

284 600 345 652 Hoc
363 615 447 652 unum
469 599 562 661 babet,
588 600 658 670 quod
678 615 755 651 meac
774 616 823 668 pro
839 598 989 668 Cepernico
1013 598 1248 671 argumentationi
1270 599 1401 669 objiciat:
1427 598 1541 664 scilicet,

285 679 472 747 imperfectam
487 696 564 742 esse,
589 680 659 748 quod
674 679 887 746 comprehendat
902 686 1010 731 tantum
1025 679 1146 731 secunda
1159 677 1287 750 mobilia,
1304 679 1408 735 omissa
1421 682 1544 751 sphaera

285 760 411 820 fixarum,
426 766 543 828 propter
556 759 617 826 ejus
633 758 660 810 iu
675 758 825 826 Copernicc
840 758 1012 811 infinitatem.
1041 758 1135 828 Atqui,
1158 758 1292 827 oTyoho,
1316 760 1473 814 mundanae
1488 759 1542 814 fcr-

284 853 344 891 mae
368 836 493 900 interest,
516 838 658 907 quiescens
679 851 696 889 a
720 837 864 891 mobilibus
889 844 969 890 tanto
984 838 1132 891 intervallo
1146 839 1254 891 abesse.
1284 839 1356 892 Nam
1370 839 1394 892 si
1408 854 1466 893 una
1479 856 1542 915 pro·

285 917 410 986 port-ioue
431 917 637 986 comprehendis
650 917 726 969 Deus
748 917 860 970 mobilia
880 933 941 971 cum
965 917 1137 987 quiescente,
1163 933 1211 970 cur
1234 917 1285 970 illa
1306 925 1467 982 moventem,
1491 918 1544 974 boc

284 997 419 1065 quiescit?
444 997 539 1049 Nonne
555 999 590 1050 ad
604 1012 725 1048 normam
739 1005 859 1050 motuum
874 998 1009 1058 convenit,
1025 995 1200 1049 distributam
1215 1013 1277 1049 esse
1292 1003 1322 1050 et
1337 998 1542 1067 quantitatem?

173 1100 178 1107 ·
217 1072 257 1142 m)
286 1076 410 1138 Quilibet
423 1093 453 1128 se
469 1083 559 1137 amat;
582 1078 630 1129 sed
645 1076 708 1128 5155
722 1077 796 1138 vide,
817 1076 913 1145 quanti
927 1076 1016 1130 iaciat
1029 1091 1118 1129 meam
1132 1076 1413 1146 argumentationem.

226 1151 257 1224 n)
286 1157 346 1209 Nou
360 1155 467 1226 quidem
481 1164 527 1208 est
539 1157 752 1225 praetereunda,
769 1157 817 1207 sed
831 1163 925 1210 tamen
939 1172 993 1209 non
1008 1164 1054 1209 est
1067 1155 1243 1209 immiscenda
1261 1156 1422 1222 mobilibus,
1444 1157 1543 1212 15555

283 1234 337 1289 illis
351 1234 466 1305 propria
480 1235 680 1304 speculatione.

252 1388 293 1452 tt)
312 1408 337 1455 p.
356 1389 397 1439 15.
438 1390 628 1451 ,Domesticus“
648 1390 689 1440 ille
708 1391 755 1440 init
774 1390 894 1440 Gellius
914 1389 1101 1441 Sascerides
1121 1391 1274 1452 1151515555,
1294 1391 1362 1441 1155.
1384 1392 1456 1444 stru.
1476 1389 1540 1454 (sno-

176 1464 236 1513 ritur
253 1462 362 1512 Hainiae
382 1476 447 1511 anno
468 1458 552 1520 tert,
576 1462 715 1512 medicinae
734 1461 876 1525 professoris
895 1476 996 1511 munere
1015 1463 1128 1527 iungens.
1167 1460 1206 1511 115
1225 1464 1340 1519 actione,
1359 1477 1435 1526 quam
1454 1470 1542 1514 555155

174 1533 239 1582 5555
262 1533 368 1582 Gellium
393 1535 501 1582 institnit
525 1532 609 1595 Tycbo
637 1547 703 1582 anuo
732 1529 797 1581 15911
822 1533 852 1581 55
877 1547 916 1580 res
944 1533 1083 1597 nuptiales,
1111 1533 1166 1582 vide
1194 1535 1271 1582 vitam
1292 1532 1418 1596 Tythonia
1445 1535 1540 1584 editam

175 1617 198 1653 a
222 1600 290 1651 1758
315 1604 412 1654 anii.
439 1604 470 1653 55
488 1604 622 1653 Weistritz.
652 1620 675 1667 5.
695 1600 747 1652 tat
766 1600 830 1667 sq),
857 1604 897 1666 qni
922 1601 976 1652 cal.
1001 1604 1065 1669 Aug.
1088 1600 1157 1653 1588
1180 1601 1314 1653 1155511155
1338 1617 1399 1667 5555
1417 1604 1542 1668 Tycbonia

174 1675 292 1734 miserat,
310 1674 348 1724 bis
368 1674 458 1724 additis
477 1675 569 1724 verbis:
599 1673 684 1738 Tycbo
703 1689 742 1723 me
762 1675 873 1738 rogarit,
892 1681 983 1722 51555
1001 1676 1101 1724 nomine
1120 1689 1136 1723 a
1155 1679 1181 1723 te
1199 1681 1325 1738 peterem,
1349 1689 1382 1725 ne
1400 1689 1541 1740 5555555151,

174 1744 240 1795 5555
258 1747 338 1810 ipsum
358 1748 411 1809 ejus
429 1746 516 1795 librum
535 1745 661 1810 perlegere
685 1753 711 1794 et
734 1746 813 1794 5555
837 1751 907 1793 tuum
929 1743 1251 1809 15515155555515555551
1275 1745 1307 1794 ad
1334 1759 1362 1794 55
1381 1746 1540 1809 5555555515.

162 1812 199 1883 *Is
219 1831 275 1865 vero
294 1816 493 1880 liber'pecnliari
512 1816 618 1881 quodam
637 1817 738 1865 consilio
757 1817 860 1881 primum
880 1822 918 1864 cst
937 1814 1024 1874 editus,
1044 1817 1155 1880 quamvis
1173 1815 1281 1865 necdum
1298 1816 1430 1880 vulgatusr
1449 1818 1541 1882 primus

175 1894 201 1937 et
219 1888 306 1937 tertim
324 1888 398 1948 brari,
419 1894 448 1936 ut
466 1902 545 1951 spero,
565 1895 707 1951 sequentur.

246 1955 338 2017 Quibus
358 1957 505 2007 Maestiinus
524 1959 590 2007 brari
607 1964 663 2020 5551
687 1956 841 2020 respondisse
864 1956 975 2012 ridetur,
1001 1972 1075 2022 quum
1099 1963 1181 2006 emtet
1207 1956 1316 2020 eiusdem
1336 1956 1409 2006 Gellii
1435 1957 1541 2022 epistola

173 2027 209 2093 (5.
231 2026 272 2076 ia.
287 2028 355 2092 Sept.
371 2027 452 2088 1588)
473 2028 505 2077 55
524 2028 560 2077 M.
580 2028 648 2077 data.
669 2029 695 2077 in
714 2042 763 2092 qua
780 2026 843 2076 haec
862 2026 981 2091 legimus:
1002 2030 1159 2092 5551555555
1178 2027 1237 2076 mihi
1255 2029 1357 2077 inerunt
1373 2027 1463 2078 literas
1481 2036 1541 2079 tuae

173 2105 200 2149 et
218 2099 370 2162 approbatio,
391 2100 432 2163 qui
445 2100 489 2148 tibi
503 2097 738 2160 librum'l'ychonis,
758 2098 831 2146 amici
850 2099 898 2146 mei
917 2099 1134 2160 praestantissimi,
1154 2100 1254 2147 testaris
1270 2098 1379 2161 placere.
1409 2098 1445 2149 Ut
1463 2101 1541 2149 etiam

172 2169 193 2219 ‘l'
212 2170 296 2219 ebonis
316 2168 464 2218 desiderium
484 2183 633 2233 cognoscas,
657 2168 884 2217 transscribendum
903 2167 947 2216 tibi
967 2169 1036 2224 duxi,
1065 2171 1129 2234 quod
1148 2183 1165 2219 a
1182 2184 1222 2218 me
1241 2171 1291 2218 5515
1310 2170 1387 2218 literis
1406 2170 1539 2235 flagitarit.

197 2240 257 2289 erba
276 2242 329 2301 ejus
348 2240 411 2288 5555
430 2246 504 2288 sunt:
522 2241 544 2287 si
564 2239 651 2287 misisti
670 2238 802 2288 Mnestlino
821 2238 908 2286 libmm
927 2254 1017 2296 meum,
1036 2246 1109 2289 5115
1128 2240 1217 2290 iecisse
1236 2254 1285 2290 nou
1304 2241 1404 2296 dubito,
1423 2254 1493 2305 rogo,
1512 2249 1541 2290 51

172 2311 206 2360 1111
225 2311 304 2375 prima
323 2313 454 2360 occasione
473 2309 578 2360 scribere
597 2310 656 2358 velis
681 2324 784 2374 meoque
811 2311 911 2358 nomine
936 2325 1038 2373 rogare,
1062 2317 1090 2359 nt
1107 2324 1179 2360 snam
1198 2311 1229 2360 de
1256 2312 1300 2367 iis,
1327 2324 1392 2375 qaae
1417 2313 1540 2367 55511551,

172 2383 322 2432 sententiam
341 2381 400 2430 mihi
419 2387 515 2430 mature
535 2387 594 2429 ante
612 2380 718 2429 hiemem
729 2395 773 2443 per
785 2379 870 2429 literas
883 2381 1023 2445 significare
1035 2396 1085 2431 non
1098 2382 1196 2446 gravari
1209 2380 1274 2431 velit.
1303 2379 1539 2442 (MssMaaatlini.)

243 2450 330 2501 Pauca
348 2450 394 2500 boc
412 2450 467 2500 loco
486 2451 516 2501 de
535 2450 681 2514 Tychone
700 2449 816 2499 addenda
835 2466 972 2507 censemus,
993 2452 1150 2501 celeberrimo
1176 2452 1218 2500 illo
1243 2458 1397 2506 astronomo,
1422 2454 1465 2516 qni
1483 2453 1539 2502 iun·

103 2559 109 2571 .
172 2521 291 2572 (lamenta
314 2524 377 2583 jecit
401 2524 514 2586 viamque
538 2523 633 2585 aperuit
658 2520 767 2584 Keplero
791 2522 987 2571 observationum
1014 2537 1113 2571 suamm
1139 2522 1383 2588 diligentissimorum
1414 2523 1480 2572 mole
1505 2524 1540 2573 ad

172 2591 353 2642 emendandam
374 2595 557 2641 astronomiam.
595 2591 646 2640 Viri
666 2599 750 2641 autem
767 2591 832 2641 iliius
850 2593 934 2649 11155,
954 2598 994 2648 et,
1013 2593 1101 2656 quibus
1123 2593 1254 2642 defunctas
1273 2595 1322 2648 sit,
1341 2606 1431 2649 55555,
1449 2595 1539 2658 quippe

171 2663 254 2713 multis
273 2663 339 2712 libris
359 2665 529 2712 astronomicis
548 2663 573 2712 'et
590 2662 711 2712 historicis
730 2664 818 2711 itemm
836 2665 971 2727 iterumque
990 2665 1125 2727 repetitos,
1153 2664 1262 2728 pluribus
1281 2664 1373 2713 referre
1390 2679 1441 2714 non
1461 2667 1539 2714 visum
1569 2687 1581 2697 e

172 2739 219 2783 est.
250 2732 321 2783 11555
340 2740 437 2783 tantum
457 2732 615 2783 Gassendo
634 2739 735 2783 auctore
754 2734 862 2797 adjicere
880 2734 981 2796 placuit.
1011 2733 1096 2796 Tycho
1118 2741 1251 2784 natusest
1270 2735 1434 2798 Knudstorpii
1452 2750 1538 2785 mense

161 2802 303 2873 'Decembri
328 2806 386 2854 5551
419 2801 500 2862 1515,
525 2811 596 2869 patre
620 2804 735 2854 Ottone
757 2804 882 2859 Brahe,
911 2804 1009 2853 domino
1034 2804 1213 2868 Kondstorpii,
1240 2806 1307 2854 ieudi
1325 2807 1351 2854 in
1374 2804 1470 2855 Scania
1487 2807 1537 2861 riti,

169 2888 220 2924 non
247 2875 331 2938 procul
358 2876 390 2925 ab
413 2875 586 2940 Helsingborg.
624 2875 751 2925 Educatus
779 2882 817 2924 est
842 2874 925 2937 Tycho
954 2891 971 2925 a
996 2883 1085 2938 patruo
1113 2876 1220 2943 Georgio
1244 2875 1336 2926 Brabe.
1373 2878 1448 2926 anno
1468 2874 1536 2925 15511

170 2944 292 3005 flainiae,
320 2943 389 2994 1562
408 2946 507 3010 Lipsiae
527 2947 603 2996 literis
623 2947 765 3010 artibusque
784 2960 885 3007 operam
904 2947 994 3002 dabat,
1014 2947 1058 2995 555
1077 2946 1303 3011 cognoscendorum
1328 2946 1437 2997 siderum
1454 2949 1537 2997 studio

169 3018 249 3082 555515
268 3016 412 3067 ducebatur.
442 3016 524 3079 Quum
543 3032 608 3066 anno
629 3014 696 3066 15511
711 3020 851 3082 Augustam
870 3032 897 3066 55
917 3017 1070 3073 contulisset,
1090 3018 1276 3067 cumfratribus
1288 3017 1426 3068 1151555515
1446 3015 1537 3080 (altero

170 3088 284 3144 consule,
312 3088 389 3138 altero
409 3095 524 3138 senatore
543 3083 704 3153 Augustam)
725 3088 882 3138 observandis
900 3087 1016 3137 studebat
1034 3088 1166 3146 sideribus,
1192 3087 1308 3138 adhibitis
1326 3090 1388 3138 55115
1406 3089 1537 3139 subtilibus

168 3159 195 3209 in
212 3158 279 3209 huuc
299 3159 374 3209 55555
392 3161 568 3209 instrumentis.
606 3158 635 3208 ln
652 3161 760 3222 patriam
786 3173 897 3208 resersus
923 3173 988 3207 auno
1015 3157 1079 3208 1571
1102 3160 1134 3207 55
1154 3159 1274 3208 55555515
1294 3156 1433 3209 8155555
1450 3158 1536 3209 111115

159 3222 268 3291 'domum
287 3235 449 3295 opportunam
468 3231 500 3280 ad
519 3232 592 3295 signa
610 3228 730 3279 eoelestia
747 3229 901 3279 observanda
920 3229 1039 3280 donatam
1058 3229 1168 3293 5555511,
1193 3238 1219 3279 51
1239 3242 1305 3279 5555
1325 3226 1393 3278 1575
1413 3232 1538 3280 conatam

168 3294 279 3362 'l’ychcni
297 3315 340 3349 rex
360 3300 459 3350 1155155
479 3300 616 3350 Fridericus
634 3299 659 3349 11
677 3299 782 3349 insulam
799 3298 950 3354 Hueuuam,
979 3307 1008 3348 51
1032 3301 1058 3348 15
1086 3314 1115 3349 55
1140 3301 1211 3365 quael
1240 3314 1341 3351 5555555
1370 3303 1537 3351 5555555555

156 3371 1141 3507 ·15111111111111511111511ᾙέ11111
1151 3385 1194 3489 it
1213 3372 1537 3492 sititis-,iti

563 3478 569 3492 ι
1231 3478 1238 3502 q
1526 3471 1536 3482 ⁸

169 3512 317 3563 sonandum
340 3516 441 3563 summis
468 3515 585 3577 impensis
611 3513 767 3563 conficienda
789 3515 884 3562 curarit
910 3510 1047 3576 (descripta
1065 3512 1128 3562 haec
1147 3514 1313 3563 instmmenta
1330 3512 1536 3577 deprehendimus

168 3584 194 3633 ln
219 3583 337 3646 peculiari
362 3600 450 3648 opere,
476 3586 607 3648 inscripto:
636 3585 856 3634 astronomiae
884 3586 1087 3633 instauratae
1115 3582 1309 3633 1555555155.
1355 3584 1536 3649 Wandesburgi

171 3651 255 3708 1598,
280 3668 366 3704 recuso
384 3654 562 3721 Norimbergae
584 3652 689 3714 16021,
719 3654 850 3718 5155155155
874 3662 900 3703 51
919 3654 1083 3703 calculatores
1102 3653 1223 3708 adscivit,
1245 3661 1376 3718 totumque
1394 3666 1423 3704 55
1442 3656 1537 3705 dedidit

169 3727 338 3775 astronomicis
357 3727 575 3776 observationibus.
604 3725 644 3776 De
662 3726 700 3774 bis
719 3726 928 3775 observationibus
946 3724 1010 3774 haee
1028 3727 1080 3788 ipse
1095 3724 1170 3774 dicit:
1193 3739 1255 3788 quas
1268 3724 1368 3788 lipsiae
1385 3727 1411 3775 in
1430 3729 1537 3789 pueritia

168 3796 269 3860 peregi,
297 3796 402 3860 pueriles
428 3804 454 3846 51
480 3797 567 3846 dubias
586 3797 711 3861 appellare
728 3796 803 3845 55155.
841 3795 911 3856 Quae
929 3810 985 3845 vero
1004 3803 1093 3859 postea
1110 3797 1241 3860 Augustae
1259 3794 1447 3846 vindelicorum
1467 3799 1535 3847 5115

168 3865 254 3917 115515
271 3869 363 3929 passim
382 3868 487 3931 adeptus
506 3884 568 3924 sum,
585 3867 727 3930 juveniliter
745 3874 771 3917 et
789 3868 944 3917 mediocriter
962 3881 989 3916 se
1008 3866 1129 3916 habentes
1145 3881 1212 3914 roco.
1241 3864 1339 3916 Tertiae
1358 3876 1455 3924 autem,
1474 3883 1535 3933 quas

159 3934 323 4002 postmodnm
340 3936 488 4004 Uraniburgi
506 3940 670 3988 exacdmimia
687 3939 735 3988 iliis
752 3939 921 3989 instrumentis
939 3937 1064 3987 dimensus
1083 3953 1153 3997 sum,
1173 3937 1270 3994 viriles,
1290 3945 1360 3999 ratas
1379 3946 1407 3989 51
1426 3942 1533 3991 55511551-

171 4023 225 4058 mas
244 4009 341 4072 appello
361 4017 387 4059 et
405 4025 502 4060 censeo.

237 4080 299 4130 Inde
318 4080 351 4130 ab
368 4096 398 4130 eo
416 4091 535 4144 tempore,
554 4095 601 4144 quo
619 4081 720 4142 imperio
738 4080 830 4144 potitus
849 4085 887 4128 est
900 4078 1053 4131 1155555555
1066 4077 1103 4127 lV
1116 4074 1220 4139 (1588),
1240 4093 1280 4127 res
1293 4078 1428 4140 Tycncnu,
1447 4094 1533 4145 qnam-

168 4165 243 4216 qnam
260 4166 305 4214 per
323 4151 415 4216 aliquot
434 4167 513 4201 anuos
529 4153 626 4212 juvenis
645 4150 717 4212 hujus
736 4152 803 4215 regis
820 4152 903 4215 qratia
919 4149 1061 4215 gaudebat,
1088 4149 1179 4198 mumri
1197 4155 1224 4197 et
1241 4148 1291 4198 labi
1311 4158 1465 4214 coeperunt:
1491 4153 1534 4201 de·

168 4222 243 4271 dcere
262 4221 363 4278 reditus,
382 4237 442 4286 quos
461 4238 491 4272 ex
509 4224 579 4288 regia
598 4221 768 4271 munificentia
786 4225 863 4270 antea
881 4221 1036 4276 obtinuerat,
1057 4222 1162 4270 55151515
1181 4219 1374 4270 calumniatores
1392 4228 1419 4270 et
1438 4223 1534 4272 obtrec-

168 4302 272 4355 tatores,
290 4299 316 4341 et
334 4306 389 4341 oum
406 4295 459 4354 jam
478 4309 527 4342 non
545 4299 629 4356 posset
647 4306 676 4340 ex
694 4292 813 4342 reditibus
831 4293 932 4355 propriis
951 4297 1035 4339 tantos
1047 4297 1148 4347 ,sumtus
1161 4294 1291 4347 sustinere,
1310 4294 1450 4356 reqm'reudi
1469 4295 1536 4358 apud

169 4371 264 4414 eeteros
283 4364 413 4426 patrocinii
434 4371 508 4428 atque
528 4363 590 4412 adeo
610 4363 674 4412 sedis
693 4363 804 4413 Uraniae
824 4363 872 4411 alio
890 4362 1078 4412 transferendae
1097 4363 1164 4425 cepit
1181 4362 1309 4411 consilinm
1328 4359 1506 4427 (tesi-st).

241 4432 312 4494 Quae
331 4448 360 4483 ec
379 4449 456 4499 usque
474 4436 539 4498 typis
557 4434 720 4498 imprimenda
737 4435 845 4493 curarit,
865 4441 938 4490 5551,
956 4438 1055 4496 praeter
1074 4431 1219 4495 opusculum
1237 4432 1268 4482 de
1286 4431 1360 4483 Nora
1376 4432 1459 4485 Stella
1476 4438 1536 4485 5551

169 4503 238 4554 1571
258 4503 335 4571 (quod
353 4505 406 4568 lpse
424 4505 449 4553 in
468 4507 555 4569 majori
569 4505 600 4555 de
612 4505 701 4555 eadem
718 4505 793 4556 stella
805 4519 877 4567 opere
890 4511 977 4554 555551
995 4504 1148 4567 publicatum
1166 4504 1242 4554 151555
1260 4502 1410 4554 55551575
1431 4496 1536 4556 cur'ante

169 4576 201 4628 D.
215 4577 343 4635 Pratensa
361 4576 480 4631 11515155,
501 4577 581 4641 ,quod
599 4576 697 4640 quidem
709 4591 770 4640 opus
788 4590 838 4625 non
857 4591 886 4625 eo
906 4577 996 4631 animo,
1014 4576 1080 4623 utin
1092 4574 1217 4637 publicum
1230 4575 1394 4626 emittendum
1409 4577 1534 4634 ducerem,

156 4650 305 4701 5551551551
322 4647 412 4699 saltem
431 4647 651 4712 efflagitationibus
671 4662 700 4696 eo
718 4647 851 4712 impulsus,
870 4646 896 4695 id
913 4646 1030 4712 quidquid
1048 4652 1101 4701 est,
1120 4644 1179 4696 mihi
1198 4661 1248 4695 non
1266 4640 1448 4709 5511515511“),
1474 4663 1536 4713 opus

169 4717 345 4769 5511515515
368 4720 428 4768 anni
454 4716 538 4776 1577,
568 4725 594 4767 51
621 4717 832 4782 Epistolarnm
860 4716 971 4767 55555115
1000 4711 1102 4777 (1595).
1140 4713 1204 4766 11155
1225 4717 1459 4787 ’155511555ωρ551
1491 4720 1535 4769 115

168 4786 274 4840 115551
292 4790 442 4841 aetherei
454 4788 700 4840 Recentioribus
712 4787 946 4840 Phaenomenis
958 4787 1033 4839 Liber
1050 4787 1182 4845 secundus,
1202 4788 1244 4854 qui
1263 4783 1345 4840 55115
1357 4784 1448 4841 liliittri
1460 4790 1535 4843 stella
