3366 5482
655 288 739 341 ΝΜ
756 288 873 347 W
1354 286 1420 355 655

61 445 149 504 dsfitr.
172 445 216 497 das
232 443 298 498 Harr
319 446 401 498 vardo
426 445 569 498 schvedicls
593 445 654 498 oder
671 460 718 513 gar
734 448 773 497 nit
789 463 822 498 ιιι
841 452 927 513 putem
943 447 995 498 und
1012 446 1194 498 rarlsotfsndeus
1213 446 1356 514 Acsschlsg-
1368 448 1421 499 nod

60 517 187 569 edith«
205 518 347 583 assamur
365 518 416 569 ussd
430 518 598 583 Verrichtauq
615 518 698 569 dimas
715 521 797 570 seiner
814 519 951 584 Haudlnng
969 519 1102 583 gelsngen,
1121 533 1193 568 rann
1212 534 1239 570 er
1256 520 1294 568 nit
1311 520 1421 569 selbsten

58 589 176 645 himas.
196 589 246 638 und
265 590 313 639 den
331 588 431 640 Sachsn
449 589 559 639 selbstsn
576 590 711 639 nachsetse
731 591 782 640 nnd
801 588 936 639 ceincias.
974 589 1032 639 Nun
1049 589 1095 638 hat
1112 604 1139 639 er
1156 589 1210 639 sicis
1228 589 1292 639 anch
1311 590 1421 646 erboteu,

59 672 132 711 vanu
151 660 195 710 der
212 659 278 711 Herr
295 659 345 709 ihm
363 662 419 711 eine
438 658 609 724 supplicatim
628 675 670 711 um
688 660 835 725 Erlaubung
858 659 1070 715 hiueinznreisen.
1094 674 1127 709 sn
1145 659 1188 710 Jre
1206 660 1296 710 Fiirstl.
1315 658 1417 711 Durchl.

60 730 214 786 serlsuteud
233 729 380 780 anschicken
398 731 488 791 verde,
508 731 566 780 dass
585 745 612 780 er
630 731 685 781 dem
699 731 780 781 Herrn
793 745 839 795 gar
857 744 917 794 geru
936 730 1000 779 daza
1018 730 1100 780 helien
1119 730 1197 788 nolle,
1217 732 1274 781 dass
1292 731 1326 781 Er
1342 731 1419 781 licen·

59 803 130 860 tiam.
148 800 202 852 sich
218 802 253 850 liu
271 801 344 850 Land
362 803 408 853 aui
424 802 464 851 ein
483 802 540 852 Zeit
557 803 616 865 lang
636 802 716 852 dieser
734 800 864 852 Ursachen
881 801 967 851 halber
984 801 1154 859 amachaltem
1173 802 1310 852 bekomme.

149 861 245 924 ustum
262 870 389 922 usnam
409 872 432 922 c.
456 869 495 921 ιι.
514 873 573 923 sun.
597 869 671 921 reos.

221 942 308 993 Dsmit
325 942 367 992 bin
386 942 430 993 leh
449 944 492 993 des
511 943 596 994 Herru
615 942 799 1007 diensmlliger
816 941 905 993 Hanns
923 942 991 1007 Ytrg
1009 941 1124 998 Hervart
1141 959 1164 994 s.
1184 941 1343 1009 Hohenburg.

148 1029 308 1093 Keplerus
326 1030 465 1094 respoudit:

151 1102 300 1173 Magnifice
323 1112 354 1159 et
374 1104 550 1162 Nobilissime
570 1104 629 1158 Vir.
652 1105 756 1157 Fautor
776 1103 906 1157 Colende.
947 1101 1032 1157 Binas
1062 1105 1113 1157 abs
1133 1103 1211 1174 Mag.
1237 1104 1298 1157 'fua
1327 1105 1422 1174 accepi

63 1182 177 1244 literas,
205 1182 317 1237 ultimas
344 1183 389 1239 l'l.
410 1185 499 1248 Junii,
531 1200 602 1254 quae
623 1186 657 1236 de
677 1185 760 1238 rebus
780 1183 847 1236 meis
869 1182 1024 1237 domesticis
1045 1190 1153 1237 sonant.
1203 1183 1306 1253 Scripsi
1327 1185 1423 1238 statim

61 1263 97 1316 ad
116 1277 233 1315 uxorem
254 1279 350 1325 meam.
373 1280 408 1316 ne
430 1264 502 1317 hanc
522 1264 692 1317 occasionem
713 1263 742 1315 in
763 1263 885 1316 futurum
906 1279 983 1317 suum
1005 1262 1165 1332 negligeret
1185 1269 1214 1316 et
1230 1263 1266 1316 D.
1281 1263 1421 1318 Casalinm

61 1340 260 1412 alloqueretur.
301 1343 347 1397 lde
369 1344 440 1414 quod
463 1344 565 1397 attinet
585 1359 729 1413 meumque
751 1343 819 1408 iter,
840 1343 958 1412 optarim
979 1343 1054 1413 prius
1075 1358 1134 1395 cum
1155 1344 1233 1413 Mag.
1255 1343 1316 1396 Tua
1336 1344 1420 1399 collo-

61 1420 116 1492 qui.
157 1421 229 1474 Nam
250 1420 303 1476 duo
325 1423 442 1493 negotia
463 1430 528 1477 sunt
548 1423 629 1477 uxori
650 1439 747 1486 meae,
777 1424 895 1477 alterum
923 1423 951 1476 in
979 1428 1098 1492 paterna
1126 1421 1318 1486 haereditate,
1348 1425 1418 1497 quod

57 1500 234 1576 mediocriter
252 1502 385 1571 procedit,
407 1510 439 1557 nt
460 1521 512 1557 non
534 1503 663 1556 videatur
683 1502 809 1573 indigere
830 1501 927 1572 majori
949 1519 1046 1572 opera;
1075 1503 1194 1557 alterum
1215 1502 1242 1557 in
1264 1502 1341 1556 bonis
1364 1502 1418 1572 pri·

63 1581 176 1651 riguae,
197 1582 231 1634 de
252 1582 350 1650 quibus
372 1598 408 1637 an
422 1583 519 1654 Magn.
534 1583 595 1637 'fua
614 1599 675 1636 cum
689 1583 800 1637 Casulio
822 1583 858 1636 sit
878 1583 981 1646 locuta,
1005 1598 1058 1635 non
1079 1599 1189 1650 possum
1211 1600 1248 1635 ex
1268 1582 1357 1636 literis
1377 1583 1418 1639 iu·

61 1660 323 1731 temperatum
352 1662 375 1716 si
405 1679 467 1717 mea
496 1663 659 1733 praesentia
678 1662 723 1716 hic
744 1662 847 1733 aliquid
868 1662 992 1716 salutare
1012 1662 1115 1730 possim
1136 1663 1262 1725 efficere,
1293 1663 1418 1732 equidem

63 1757 116 1794 uon
140 1739 325 1796 detrectarem
346 1741 408 1796 iter.
449 1743 535 1812 Atqui
565 1743 707 1813 negotium
737 1742 795 1796 tale
816 1748 874 1805 est,
903 1748 936 1794 ut
959 1756 1048 1810 parva
1072 1741 1138 1795 mihi
1168 1742 1195 1795 in
1223 1759 1265 1795 me
1286 1758 1349 1810 apes
1371 1741 1416 1805 sit

61 1835 123 1873 cum
144 1819 195 1873 sim
215 1820 328 1875 vitricus
350 1839 401 1875 nec
421 1823 544 1892 regionis
566 1822 672 1883 incola;
699 1839 753 1876 non
778 1829 822 1875 est
849 1821 943 1891 itaque
963 1819 1126 1884 verisimile,
1150 1822 1213 1874 mihi
1235 1823 1365 1875 collatum
1386 1820 1418 1875 iri

61 1899 187 1964 tutelam,
209 1899 262 1954 nisi
282 1902 354 1955 forte
371 1901 462 1972 aliqui
483 1902 665 1972 magistratus
687 1910 822 1955 certorum
842 1902 969 1964 locorum,
992 1899 1019 1954 in
1040 1917 1112 1971 quae
1127 1902 1315 1955 translaturus
1330 1916 1419 1954 essem

61 1981 144 2043 bona
166 1996 216 2048 pro
236 1981 290 2034 hac
310 1982 403 2035 tutela
423 1980 633 2053 magistratibus
654 1980 788 2052 Styriacis
810 1983 944 2050 spondere
961 1980 1049 2048 juxta
1069 1997 1111 2034 me
1132 1981 1229 2036 uelint.
1268 1985 1312 2034 An
1326 1981 1418 2035 ,ctiam

62 2058 88 2112 in
109 2058 163 2112 hac
183 2076 213 2113 re
228 2059 366 2115 Castalium
387 2068 570 2131 promotorem
590 2061 656 2115 mihi
677 2061 843 2131 pollicearis,
866 2060 983 2114 audiam.
1015 2061 1086 2114 Nam
1106 2059 1159 2114 hcc
1179 2061 1241 2126 iter,
1264 2062 1332 2115 satis
1347 2077 1418 2116 susu-

64 2144 181 2202 tuocum,
202 2138 255 2205 nisi
277 2141 382 2209 optima
401 2157 451 2210 spe
471 2159 525 2195 non
546 2142 666 2196 libenter
686 2157 868 2211 capesserem.

151 2219 229 2281 Quod
250 2220 353 2274 attinet
373 2221 482 2276 veniam
503 2221 682 2292 ingrediendi.
708 2237 767 2275 cum
788 2221 897 2275 vocatio
917 2235 979 2272 mea
999 2214 1091 2273 aulica
1111 2226 1176 2277 ante
1196 2219 1420 2274 reformationem

63 2298 139 2352 illam
158 2306 290 2368 suscepta
309 2307 339 2353 et
358 2299 498 2365 inchoata,
519 2318 721 2372 consensusque
736 2300 864 2355 Caesaris
885 2300 1049 2369 impetratus
1068 2299 1111 2363 sit,
1134 2316 1205 2370 quae
1223 2299 1340 2370 denique
1354 2317 1418 2353 con·

62 2379 173 2432 firmata
193 2395 243 2432 seu
263 2378 404 2433 ratificata
423 2380 476 2434 fnit
496 2381 614 2450 penitus,
637 2398 786 2451 persuasus
807 2381 866 2434 fere
888 2395 955 2442 sum,
978 2379 1137 2448 exspirasse
1159 2380 1236 2434 illam
1256 2379 1421 2447 ejectionem

62 2465 91 2511 et
110 2458 311 2527 prouinciarum
332 2459 552 2528 prohibitionem¹
575 2478 626 2514 nec
646 2479 708 2515 esse
728 2461 912 2516 refricandam
925 2458 986 2527 ejus
1001 2459 1155 2513 memoriam
1171 2459 1306 2529 petitione
1321 2459 1420 2514 reniae

47 2537 244 2609 ,ingrediendi

150 2617 205 2671 Sed
226 2633 319 2671 vemm
340 2624 401 2683 est,
424 2626 549 2674 amantes
571 2620 613 2674 sui
636 2621 757 2691 ipsorum
778 2619 831 2690 ipsi
852 2617 904 2673 sibi
924 2618 1033 2690 fingunt
1052 2619 1153 2674 dulcia.
1195 2618 1224 2673 Si
1245 2619 1419 2689 periculosae

64 2701 130 2752 sunt
149 2697 204 2751 liae
225 2713 304 2752 meae
325 2699 518 2770 cogitationes,
540 2708 674 2770 exspecto
696 2700 917 2756 admonitionem.
1134 2699 1137 2708 '

152 2773 225 2837 Quae
246 2784 378 2840 supersunt
399 2776 486 2828 harum
510 2777 642 2840 iterumn,
668 2793 729 2843 quas
748 2779 847 2841 scripsit
864 2774 988 2838 Keplerns
1006 2775 1106 2840 Prsgae
1125 2775 1148 2825 d.
1169 2776 1263 2827 e..1u1.
1283 2773 1361 2833 1603,
1385 2775 1421 2828 ls-

63 2852 157 2911 guntur
172 2847 199 2896 in
219 2839 311 2911 Oplics
328 2854 354 2897 et
371 2849 396 2896 in
416 2848 494 2912 praef.
519 2849 551 2898 ad
571 2847 708 2899 Commeat.
727 2849 824 2898 Martis.
861 2846 966 2910 Spectat
983 2846 1107 2910 Keplerns
1133 2848 1212 2896 serbis
1236 2848 1286 2896 suis
1316 2849 1422 2909 „ejectio

62 2924 89 2968 st
105 2917 284 2981 prosindarum
302 2918 449 2982 prohibitic“
469 2926 638 2983 tempusque
658 2933 713 2969 cum
731 2919 786 2970 aliis
805 2919 900 2970 Grastii
919 2916 1010 2979 civitas
1029 2910 1132 2966 Litheri
1152 2917 1209 2967 fidei
1228 2918 1333 2968 addictis
1352 2921 1420 2979 ejec·

61 2994 103 3039 tus
121 3002 136 3039 e
153 2980 237 3051 Styria
254 2989 280 3038 in
297 2986 453 3054 ilungariam
471 2991 585 3049 excurrit,
605 2999 631 3041 et
649 2992 714 3041 brari
732 2998 787 3055 post
805 2990 932 3040 Grastium
950 3001 1060 3037 resersus
1079 2987 1137 3038 hinc
1156 2988 1188 3039 ad
1202 2988 1345 3052 'Pythonem
1358 2987 1418 3040 Prs-

62 3073 122 3125 qam
139 3072 167 3110 sc
185 3059 296 3110 contulit.
316 3057 412 3125 (comp.
431 3077 456 3125 p.
477 3057 519 3110 39.
540 3058 581 3110 66.
601 3059 647 3123 ss.)

150 3129 192 3180 Ad
208 3129 255 3181 lsss
272 3130 357 3181 literas
376 3147 426 3182 uon
443 3133 568 3195 respoudit
581 3133 732 3190 Hersartus,
753 3132 792 3181 die
811 3131 910 3181 demum
929 3125 970 3178 1³.
985 3127 1047 3178 Nor.
1065 3128 1091 3177 h.
1113 3141 1136 3178 a
1156 3128 1265 3193 Keplero
1283 3133 1421 3182 nandans:

64 3200 139 3261 „dus
165 3199 207 3251 ich
230 3216 317 3267 regen
336 3203 534 3268 segestandeuer
550 3200 830 3268 Leibsnngelegenheit.
855 3201 920 3263 anch
945 3200 1051 3251 anderer
1069 3197 1169 3258 Unttss,
1195 3203 1341 3265 praesertim
1365 3217 1423 3254 sero

61 3278 162 3337 propter
179 3270 272 3323 obitum
290 3274 402 3339 conjugis
419 3288 500 3329 meas,
518 3275 630 3324 seidhero
648 3277 686 3325 nit
703 3274 766 3324 Weil
785 3272 886 3338 gehabt,
906 3272 954 3322 den
972 3270 1059 3320 studiis
1078 3271 1318 3323 nachzukommen.“
1356 3273 1423 3324 Dein

61 3342 161 3409 pergit,
179 3341 282 3406 Kepleri
300 3351 418 3407 spectans
436 3345 561 3408 querelas:
587 3360 630 3404 „es
652 3345 698 3396 hat
720 3346 767 3393 mir
787 3345 814 3393 in
832 3344 964 3408 Angsburq
993 3343 1059 3392 mein
1077 3340 1167 3393 Vetter
1183 3341 1301 3394 Matheus
1319 3344 1423 3402 Weber,

62 3411 224 3479 angeheudar
240 3412 554 3480 Relohspfenuiugmaister
580 3414 704 3478 (serarius
722 3412 829 3479 imperii)
858 3414 1008 3471 rermsldet,
1037 3413 1083 3462 via
1109 3427 1135 3464 es
1161 3413 1217 3463 dem
1235 3415 1316 3465 llerru
1336 3416 1361 3465 lu
1380 3416 1424 3465 der

63 3483 231 3549 Eumlolstuug
257 3483 301 3534 der
326 3487 520 3549 sersprochenen
538 3486 683 3554 Besolduug
708 3487 806 3552 ergene.
844 3486 898 3536 Das
919 3484 969 3535 lsab
994 3483 1034 3533 icls
1053 3483 1134 3548 gleicls
1153 3485 1260 3551 anfaugs
1278 3485 1342 3536 vohi
1360 3484 1424 3552 Sorss

63 3553 168 3622 pshabt
204 3554 285 3635 Kaun
301 3555 342 3606 ich
360 3557 385 3606 in
404 3557 497 3608 diesem
515 3572 567 3607 vas
585 3565 669 3624 guetts
688 3557 759 3616 than,
777 3558 818 3607 bin
838 3551 878 3606 ich
896 3569 962 3622 gans
979 3553 1079 3620 uillig.“

153 3624 183 3676 ln
201 3625 412 3691 itedslssoplerns
429 3627 488 3679 hinc
505 3629 563 3678 inde
581 3645 657 3694 nsque
676 3630 710 3679 sd
727 3643 820 3679 anuum
841 3624 916 3677 1606,
936 3642 988 3696 rem
1005 3626 1196 3677 haereditariam
1214 3641 1264 3677 non
1282 3627 1348 3677 ultra
1365 3634 1423 3678 tau-

63 3697 112 3765 git.
133 3710 180 3747 uec
198 3696 273 3761 ῃιιιιο
292 3703 403 3756 constat,
429 3706 549 3764 quantum
566 3701 698 3764 profecerit
716 3700 829 3751 castus
849 3699 943 3749 Grsetii
960 3698 998 3748 sel
1017 3697 1140 3761 Keplerns
1158 3697 1256 3763 Prsqae
1275 3698 1342 3763 apud
1358 3698 1424 3749 Bar-
1494 3738 1497 3744 .

62 3767 158 3817 sitium
176 3768 202 3817 in
219 3766 258 3816 his
276 3769 354 3817 turbis
373 3769 521 3820 domesticis.
546 3771 620 3821 Brari
635 3778 727 3829 summ,
747 3769 858 3835 quamvis
877 3783 952 3834 aegra
971 3775 1100 3826 extortum,
1119 3767 1236 3818 salanum
1252 3770 1299 3833 ipsi
1317 3769 1424 3819 solutum

64 3843 120 3896 sst;
139 3838 202 3888 forte
221 3839 297 3889 etism
315 3853 375 3890 uxor
403 3848 429 3890 et
453 3843 567 3906 privigna
592 3849 645 3892 tum
672 3842 739 3892 bona
764 3842 789 3890 in
818 3840 902 3903 Scyria
925 3840 1032 3890 liberata
1058 3844 1219 3902 acceperunt.
1246 3847 1275 3889 ut
1300 3838 1424 3904 Keplcrus

64 3908 201 3959 hincinde
220 3909 314 3959 meliori
332 3925 391 3960 usus
410 3913 443 3961 sit
460 3913 573 3970 fortnas,
599 3914 676 3962 turbis
699 3912 796 3978 quidem
816 3912 921 3976 politicis
938 3913 1037 3975 saepius
1055 3911 1080 3959 in
1099 3911 1199 3961 dubium
1217 3918 1315 3961 vocata
1351 3913 1424 3961 Anno

65 3983 145 4039 1606.
166 3984 222 4050 (lt.
237 3986 308 4050 ιιι.)
327 3989 449 4054 Keplems
468 3993 554 4056 paneis
572 3991 610 4041 his
628 3993 703 4042 refert
715 3992 859 4041 ilerssrto:
884 4000 952 4054 „per
982 3982 1000 4036 3
1031 4001 1138 4038 menses
1167 3982 1244 4037 abfui
1271 3984 1299 4039 in
1319 3984 1424 4056 Styria,

63 4059 113 4194 :sbi
134 4060 306 4196 singqlarem
326 4063 362 4119 D.
387 4064 490 4120 Casalii
512 4065 734 4121 benevolentiam
754 4071 887 4136 expertus
909 4081 981 4128 sum,
1004 4079 1085 4134 quam
1106 4063 1157 4119 tibi
1178 4064 1304 4119 adscribo
1325 4080 1422 4135 accep·

78 4157 178 4213 amque
212 4158 269 4197 ero.

155 4234 185 4298 7)
203 4252 228 4301 p.
248 4234 309 4287 666.
345 4239 456 4290 Josunes
474 4241 612 4292 Eriksen
631 4239 698 4304 (side
717 4255 792 4306 supra
808 4256 833 4306 p.
854 4235 918 4301 604)
941 4239 1006 4290 inter
1028 4238 1151 4290 studiosos
1168 4241 1309 4290 nominatur
1327 4237 1424 4302 'bcho-

64 4308 121 4367 ιιι.
149 4310 190 4372 qui
218 4322 274 4359 οιιιι
293 4324 307 4360 e
324 4309 411 4361 Dsnis
436 4313 463 4362 in
480 4311 627 4362 Bohemiam
653 4314 764 4364 comitati
791 4320 857 4363 snut.
895 4310 1112 4361 observationibus
1148 4311 1267 4362 intererat
1291 4309 1423 4374 Τγοιιοιιι,

63 4378 166 4446 rsus·
184 4385 211 4430 et
226 4380 384 4432 Bonamicus
410 4381 517 4443 habitis,
547 4384 580 4433 sd
604 4397 665 4447 quse
683 4384 807 4448 Keplerus
825 4397 891 4432 anuo
911 4378 988 4430 1600.
1008 4395 1025 4432 a
1045 4382 1161 4444 Tychous
1179 4389 1282 4431 vocatus
1308 4383 1423 4431 secessit.

65 4448 135 4503 usse
153 4457 216 4501 nats
234 4458 273 4501 est
291 4454 402 4503 amicitia
413 4455 480 4504 inter
492 4468 548 4504 eum
561 4461 587 4504 at
599 4455 704 4519 reliquos
716 4453 840 4518 Tychcuis
852 4454 999 4503 domesticos
1012 4465 1224 4516 amanuensesque
1237 4452 1276 4502 rs.
1289 4451 1422 4518 Tengusq·

64 4520 136 4581 sn.
153 4521 194 4573 Jo.
216 4521 449 4589 Ionqomontauum
467 4521 611 4585 (Severini),
631 4526 716 4575 Ambr.
734 4525 872 4582 Rhodiam,
892 4522 1035 4574 Saiiisrtnm
1053 4529 1080 4574 et
1097 4537 1169 4588 quem
1188 4522 1423 4580 dixinns'Erlkseu.

64 4605 171 4658 qaam
193 4592 242 4645 duc
266 4597 412 4658 posteriores
440 4595 556 4658 Tycham
581 4603 676 4646 mortuo
693 4596 793 4662 ngas
817 4597 993 4661 aliquantisper
1018 4601 1188 4652 manentes,
1207 4594 1344 4659 Keplerum
1360 4608 1422 4644 nou·

64 4664 137 4717 sets
154 4678 186 4716 es
202 4671 274 4729 parts
291 4666 439 4729 ιιιιιοιιιιιι
454 4668 481 4718 ιι
499 4668 707 4719 cbssmtiouitus
726 4669 912 4727 ιιιιοιιοιιιιοιι,
931 4667 990 4717 dum
1007 4666 1112 4731 reliqui.
1140 4666 1183 4716 elii
1210 4665 1244 4715 st
1271 4666 1323 4716 elis
1339 4664 1425 4716 stadia
1498 4698 1501 4705 ι

65 4741 393 4789 anaunensium
415 4738 606 4789 sumamus
631 4738 732 4788 naam
752 4739 875 4797 sam.
898 4736 1426 4801 ιιιιιιιιιρηιιιιωιιφωιιω

65 4802 955 4876 (ιωμαιωιιιωιιιυιιωιιιιιιαιιιιιηω),
990 4807 1425 4875 messum-t
