3366 5482
704 241 827 293 aas..
845 241 1007 308 umes·
1471 242 1537 309 ειι

179 396 391 498 multiplicatio
413 397 551 501 ejusdem
574 397 685 460 in'sibi
708 399 815 474 simile,
841 400 996 479 quodlibet
1019 399 1172 474 eomodo,
1198 419 1256 502 quo
1280 402 1432 464 essentiae
1448 405 1538 466 modo

180 485 281 549 utitur
331 487 436 566 Imago
468 487 532 566 ejus
559 488 621 561 vis,
654 506 731 567 quae
755 489 784 549 iu
808 508 897 550 manu
919 496 983 561 est,
1014 489 1222 569 relinquitur
1215 510 1244 550 in
1269 491 1368 570 lapide
1398 498 1430 552 et
1451 490 1537 553 illum

180 574 263 636 vehit
287 595 406 637 sursum
439 576 571 655 litque
564 578 721 658 impressio
750 597 844 638 causa
862 578 1009 639 materiae
1039 586 1071 639 et
1093 579 1254 656 temporis,
1289 579 1359 658 qnia
1381 588 1538 659 utrumque

180 663 220 724 ad
243 673 344 726 motus
368 657 533 726 essentiam
557 665 732 743 requiritur;
756 666 857 745 imago
883 666 957 728 lucis
982 687 1000 726 a
1024 667 1088 727 luce
1112 667 1210 728 effluit
1233 687 1326 728 causa
1350 667 1443 729 solius
1468 669 1535 743 loci,

182 753 251 832 quia
274 762 361 815 caret
384 754 434 815 lux
457 753 586 815 materia
608 764 640 815 et
663 762 808 834 ternpore.
853 754 959 833 Imago
993 755 1085 834 igitur
1118 763 1150 816 et
1178 755 1243 835 ejus
1268 756 1425 837 temporis,
1459 757 1539 835 quod
1591 764 1595 770 ’

180 850 248 921 post
271 850 392 921 partum
414 840 547 921 proxime
573 843 643 916 fuit,
672 843 787 916 effluit,
823 843 982 921 elongatur
1005 865 1024 904 a
1047 852 1181 922 tempore
1205 845 1299 906 illo
1292 865 1319 905 ru
1345 846 1539 923 proportione

180 940 350 1009 temporum
375 931 510 1005 illorum,
545 939 576 992 et
600 932 759 1010 elongatur
787 933 816 991 in
842 933 937 992 locum
961 933 1106 1011 temporis
1131 933 1269 1010 ratione,
1305 934 1375 1014 quia
1398 941 1430 994 et
1452 948 1539 996 suum

182 1019 327 1099 originale
361 1040 415 1081 seu
443 1021 510 1080 fons
539 1021 663 1100 ejusque
692 1021 827 1082 essentia
855 1029 974 1099 tempus
1008 1028 1065 1084 est.
1114 1022 1162 1082 lta
1189 1022 1358 1083 tricesimus
1383 1022 1448 1083 dies
1472 1041 1539 1084 cnm

181 1109 431 1170 antecedentibus
454 1118 634 1187 prorogatur
658 1108 687 1169 iu
712 1106 754 1171 30
778 1128 882 1182 annos,
908 1109 1044 1189 quodque
1066 1110 1120 1171 fuit
1145 1110 1192 1172 die
1214 1111 1365 1172 tricesimo
1389 1110 1417 1171 iu
1442 1112 1537 1185 coelo,

180 1204 323 1278 operatur
347 1215 424 1258 anno
448 1197 601 1259 tricesimo
626 1199 654 1257 in
680 1198 811 1270 homine,
845 1198 968 1276 perinde
992 1217 1028 1258 ac
1052 1198 1078 1258 si
1112 1209 1174 1259 tum
1198 1200 1315 1261 demum
1338 1199 1486 1261 existeret
1507 1199 1537 1262 in
1622 1277 1626 1282 g

180 1287 279 1359 coelo,
304 1286 395 1366 plane
420 1294 454 1346 ut
470 1287 553 1347 calor
576 1286 642 1357 ille,
668 1287 716 1366 qui
742 1297 790 1347 est
814 1286 842 1346 in
867 1286 954 1369 Sole,
987 1295 1129 1366 operatur
1153 1287 1415 1349 calefactionem
1406 1307 1434 1348 ru
1460 1288 1538 1349 Ter-

181 1395 261 1465 ram,
296 1375 420 1454 perinde
445 1374 530 1435 acsi
555 1374 803 1453 Selrpseesset
835 1375 864 1434 iu
889 1376 993 1435 Terra.
1040 1376 1098 1436 Hic
1122 1377 1219 1437 distat
1241 1377 1359 1460 patiens
1388 1383 1420 1437 et
1444 1395 1539 1456 agens

181 1455 370 1537 causalem,
404 1463 757 1543 illiccausatemporis
803 1463 936 1524 Medium
961 1463 1008 1524 hic
1032 1463 1116 1524 radio
1141 1465 1346 1538 continuatur,
1380 1465 1442 1527 illic
1465 1484 1538 1544 pro-

181 1554 333 1655 portione,
367 1551 437 1631 quia
465 1552 521 1612 hoc
550 1553 600 1613 lux
625 1562 688 1626 est,
726 1552 800 1613 illud
831 1563 929 1613 motus
961 1553 990 1613 in
1024 1561 1106 1614 certo
1137 1572 1257 1616 numero
1291 1562 1333 1615 et
1345 1555 1537 1634 proportione

180 1642 434 1779 ἲωηίΐοιιῖξξιίεὶιιεε
453 1728 557 1777 Praeter
575 1728 688 1778 cardines
714 1729 776 1777 coeli
795 1728 904 1777 nullas
924 1730 1074 1793 agnoscis
1094 1729 1174 1778 alias
1194 1728 1308 1778 domus.
1345 1728 1428 1778 Miror.
1460 1729 1537 1781 Prae·

182 1811 218 1851 ter
236 1806 354 1869 aspectus
374 1798 512 1849 cardinales
539 1799 625 1848 alios
654 1807 805 1863 aspectus
832 1801 1024 1856 introducis;
1054 1807 1120 1850 certe
1149 1807 1175 1849 et
1193 1814 1269 1850 novas
1288 1800 1374 1850 domus
1397 1801 1537 1861 fabricabis,
1612 1832 1615 1836 ·

182 1887 239 1922 uam
258 1879 376 1935 aspectus
395 1871 520 1920 domorum
538 1871 672 1919 interstitia
691 1872 852 1920 constituunt.

269 1943 475 2021 Keplerus:
510 1942 647 2016 Miraris,
684 1943 762 2022 quod
787 1961 940 2003 numerum
959 1942 1112 2002 domorum
1136 1941 1325 2015 imminuam,
1360 1952 1536 2022 aspectuum

183 2030 333 2111 augeam?
379 2028 460 2100 Quia
483 2030 558 2091 illud
583 2030 717 2091 homines
742 2039 920 2104 sanxerunt,
947 2031 1002 2091 hoc
1027 2039 1145 2091 natura.
1192 2029 1243 2092 Sic
1268 2030 1340 2093 mihi
1364 2032 1538 2094 demonstra

183 2129 303 2182 veteres
329 2120 444 2192 domus,
469 2127 505 2179 ut
527 2138 583 2198 ego
610 2119 664 2180 tibi
684 2137 777 2180 novos
795 2131 946 2200 aspectus.
994 2119 1154 2180 Rationem
1171 2119 1262 2180 redde
1278 2120 1408 2193 numeri3
1432 2121 1538 2200 proba,

182 2210 282 2290 plures
312 2218 345 2270 et
372 2207 529 2287 pauciores
561 2227 628 2268 esse
659 2227 717 2267 uon
741 2227 846 2287 posse;
881 2208 975 2268 deduc
999 2227 1122 2269 causam
1152 2225 1191 2267 ex
1214 2207 1279 2286 ipso
1304 2209 1403 2271 mundi
1429 2210 1537 2271 arche·

182 2311 268 2381 typo,
304 2317 343 2359 ex
365 2296 564 2376 geometriae,
600 2296 747 2375 genuinae
771 2297 903 2370 scilicet,
939 2295 1111 2375 principiis,
1144 2298 1270 2357 ostende
1295 2298 1434 2377 exempla
1457 2298 1538 2360 illius

183 2386 406 2450 distributionis
438 2384 561 2446 indubia
584 2393 616 2445 et
640 2385 813 2463 splendida;
846 2386 971 2466 denique
996 2386 1137 2458 ostende,
1162 2385 1191 2446 iu
1215 2386 1340 2464 proclivi
1365 2405 1448 2459 esse,
1482 2407 1538 2449 ex-

182 2476 363 2556 perientiam
388 2493 511 2554 capere,
538 2493 593 2534 nec
618 2475 725 2534 leviter
749 2475 918 2553 capientem
943 2475 1049 2535 fallere
1074 2475 1165 2549 hanc,
1191 2493 1245 2534 nec
1270 2475 1485 2553 ambiguitates
1509 2476 1537 2537 in

182 2563 366 2645 experiundo
391 2563 491 2641 objici.
540 2563 624 2622 Haec
650 2563 751 2623 omnia
774 2563 832 2623 feci
857 2563 931 2624 meis
948 2563 1133 2642 aspectibus.
1181 2563 1318 2624 Proclive
1342 2562 1398 2625 tibi
1419 2572 1468 2625 est
1491 2565 1538 2625 rel

181 2656 288 2734 cuique
313 2652 375 2728 alii,
400 2672 438 2712 ex
462 2651 547 2712 novis
572 2651 745 2730 aspectibus
769 2661 801 2713 et
815 2671 909 2713 novas
925 2651 1073 2712 fabricare
1090 2652 1203 2724 domus,
1230 2653 1309 2731 quia,
1335 2671 1381 2713 me
1397 2652 1538 2728 Hercule,

181 2763 272 2826 quam
302 2760 419 2820 paucae
448 2750 518 2800 sunt
551 2741 588 2799 ad
614 2741 853 2819 respondendum
888 2741 926 2801 ad
950 2740 1049 2801 omnia
1072 2740 1270 2818 interrogata.
1318 2742 1363 2801 Tu
1387 2760 1457 2802 vero
1482 2743 1538 2802 de-

177 2841 317 2894 monstra
349 2838 403 2892 aut
426 2849 444 2889 a
465 2829 643 2889 Ptolemaeo
678 2837 853 2908 usurpatum
882 2829 1111 2902 duodenarium,
1146 2835 1198 2888 aut
1231 2829 1294 2889 alia
1322 2829 1359 2890 ab
1383 2830 1538 2892 Arabibus

178 2921 367 2982 introducta.
415 2915 504 2987 Quod
536 2936 606 2978 vero
640 2918 786 2979 rationem
821 2917 858 2979 ab
887 2917 1061 2996 aspectibus
1095 2917 1198 2989 ducis,
1232 2915 1364 2978 concedo
1393 2918 1449 2979 tibi
1481 2915 1551 2980 lroc‘

175 3018 271 3088 pacto
298 3009 413 3081 domus,
438 3017 471 3067 ut
495 3006 558 3068 sint
585 3007 612 3067 in
637 3006 791 3085 patiendo,
816 3008 893 3086 quod
916 3007 1040 3084 planeta
1064 3006 1235 3083 iungendo.
1282 3005 1324 3066 Et
1343 3013 1443 3068 tamen
1459 3008 1538 3068 malo

175 3100 299 3171 dicere,
325 3095 496 3158 Saturnum
513 3096 541 3156 in
566 3096 667 3156 sextili
688 3096 780 3157 Medii
796 3094 889 3167 Coeli,
915 3093 1007 3173 quam'
1027 3094 1055 3154 in
1071 3093 1247 3155 duodecima
1262 3094 1359 3169 domo,
1385 3095 1444 3157 uisi
1459 3095 1539 3177 quod

173 3200 207 3250 et
232 3185 410 3250 memoriam
429 3184 518 3263 juvat
542 3183 723 3245 distributio.
769 3185 837 3246 Nou
860 3202 971 3263 pugno,
997 3192 1031 3245 ut
1054 3183 1108 3244 has
1128 3182 1292 3257 destruam,
1320 3184 1373 3245 scd
1394 3203 1538 3266 repugno,

171 3296 211 3339 ne
240 3276 401 3337 aedificem
424 3282 478 3334 aut
500 3273 630 3334 sarciam
653 3273 731 3334 illos.

250 3363 437 3413 Fabricius:
467 3360 614 3421 Quaeritm,
642 3376 675 3410 an
694 3360 797 3424 planeta
818 3361 891 3421 Juxta
911 3355 1124 3408 latitudinem
1143 3359 1326 3425 dirigendus
1345 3363 1378 3410 sit
1397 3361 1430 3410 ad
1448 3375 1537 3411 ascen·

168 3438 283 3488 dentem
309 3434 348 3483 vel
367 3432 462 3490 Solem,
487 3433 525 3481 vel
552 3434 605 3482 sine
631 3430 780 3481 latitudine?
816 3429 904 3494 Magni
932 3432 1050 3479 momenti
1068 3446 1107 3480 res
1127 3439 1179 3487 εει,
1208 3433 1278 3480 etin
1298 3432 1471 3482 directionibus
1490 3447 1538 3480 uon

167 3522 286 3571 parvam
305 3506 367 3554 facit
386 3504 559 3554 differentiam.
597 3505 648 3568 Ego
667 3504 738 3552 video
757 3504 837 3566 potius
856 3503 910 3551 siue
929 3501 1060 3550 latitudine
1074 3502 1222 3553 directiones
1234 3504 1391 3567 respondere,
1411 3505 1469 3568 quia
1480 3503 1539 3552 lati·

162 3581 273 3630 tudinis
292 3578 329 3626 vis
348 3577 429 3626 estin
448 3576 527 3639 gradu
544 3575 712 3640 longitudinis
733 3581 760 3622 et
778 3573 883 3636 planeta
898 3575 995 3623 ratione
1014 3573 1174 3637 longitudinis
1193 3576 1240 3624 rim
1263 3574 1357 3625 zodiaci
1371 3576 1538 3639 consequitur,

164 3664 244 3716 quae
264 3648 383 3698 videlicet
401 3647 435 3695 illi
453 3647 526 3696 inest.

270 3720 480 3800 Keplerus:
505 3716 611 3795 Dirige
636 3716 745 3790 sidera,
772 3721 805 3775 ut
828 3715 972 3789 oriuntur,
999 3715 1037 3776 ad
1054 3716 1266 3777 ascendentem
1282 3717 1371 3777 etM
1389 3713 1441 3790 0.,
1466 3734 1537 3795 ergo

161 3827 231 3888 per
259 3807 449 3871 latitudines.
497 3806 530 3867 ld
554 3805 814 3885 Regiomontanus
838 3804 1009 3865 inculcavit.
1056 3802 1132 3865 Cum
1151 3802 1207 3865 Sol
1231 3805 1402 3885 dirigendus
1427 3812 1475 3865 est
1499 3803 1538 3866 ad
1606 3871 1614 3878 ,

164 3897 349 3970 Venerem,
373 3904 404 3956 et
427 3894 480 3956 illa
504 3895 596 3956 habet
620 3889 666 3957 9⁰
691 3895 760 3968 lat,
786 3892 852 3953 dico
878 3893 993 3954 fatuam
1018 3892 1231 3969 directionem,
1266 3894 1349 3973 quia,
1374 3913 1440 3955 cum
1464 3912 1537 3972 pro·

157 3987 252 4051 ximi
277 3985 352 4048 facti
376 3992 455 4059 sunt,
480 3979 523 4046 9⁰
546 3984 730 4045 distiterunt.
778 3982 822 4042 Tu
846 3982 947 4042 nescio
972 3981 1042 4061 quid
1065 4003 1230 4059 repascere:
1260 3984 1397 4062 planeta,
1424 3982 1534 4064 inquis,

159 4079 299 4139 ratione
324 4073 519 4154 longitudinis
544 4068 602 4133 vim
626 4071 741 4133 zodiaci
766 4070 968 4149 consequitur.
1015 4071 1083 4132 Non
1104 4070 1245 4132 zodiacus
1268 4072 1410 4151 planetis,
1436 4072 1490 4133 sed
1506 4071 1537 4133 hi

157 4166 305 4227 zodiaco
330 4164 391 4225 vim
415 4162 591 4240 largiuntur.
639 4162 784 4222 Planctus
810 4159 941 4219 enimin
966 4178 999 4219 se
1024 4158 1098 4238 ipsis
1123 4166 1203 4220 sunt.

254 4253 437 4302 Fabricius:
458 4249 603 4314 Eclipses
622 4250 709 4299 inira
727 4248 857 4297 Terram
876 4248 1048 4313 contingentes
1066 4249 1092 4296 iu
1111 4248 1244 4312 genesibus
1263 4263 1312 4297 nou
1331 4255 1388 4298 sunt
1406 4249 1536 4315 negligen-

158 4321 236 4384 dae,
257 4339 316 4373 eum
332 4325 395 4373 vires
413 4336 471 4371 suas
491 4327 623 4371 exerceant
642 4322 674 4370 ad
692 4319 792 4369 modum
810 4319 973 4383 planetarum.

271 4395 477 4475 Keplerus:
509 4393 582 4454 Illae
612 4393 714 4472 utique
739 4390 905 4452 censuerim
929 4390 1178 4463 considerandas,
1211 4399 1245 4451 at
1267 4410 1325 4451 non
1350 4392 1454 4465 aliter,
1479 4389 1537 4450 uisi

161 4484 427 4564 conjunctionem
457 4482 652 4562 corporalem.
700 4480 780 4541 Nam
815 4478 933 4540 luminis
963 4478 1094 4541 subitam
1124 4479 1324 4558 privationem
1353 4480 1436 4540 nulla
1457 4477 1537 4538 ratio

165 4573 321 4636 admittit
342 4572 398 4634 uisi
425 4591 459 4633 eo
484 4572 549 4632 loco
574 4570 775 4642 considerare,
802 4568 851 4630 ubi
866 4568 1007 4629 cernitur.
1060 4568 1125 4628 Tua
1144 4567 1365 4646 argumentatio
1389 4567 1471 4627 nulla
1489 4573 1538 4627 est
1627 4638 1636 4648 ο

167 4675 198 4717 a
225 4665 414 4742 planetarum
447 4661 560 4722 viribus
592 4660 631 4720 ad
650 4659 730 4719 vires
754 4656 919 4736 eclipsium.
966 4656 1095 4717 Planeta
1123 4664 1172 4716 est
1195 4654 1380 4730 substantia,
1415 4653 1538 4733 eclipsis

169 4761 235 4813 est
254 4750 396 4833 privatio,
421 4748 624 4812 determinata
646 4747 707 4810 situ
731 4746 806 4808 certi
830 4745 897 4808 loci.
944 4744 1009 4808 lllis
1023 4744 1117 4825 igitur
1139 4762 1207 4807 esse
1231 4743 1312 4805 vires
1331 4744 1372 4806 nil
1386 4743 1539 4824 prohibet,
