<?xml version="1.0" encoding="UTF-8"?>
<!DOCTYPE html PUBLIC "-//W3C//DTD XHTML 1.0 Transitional//EN"
    "http://www.w3.org/TR/xhtml1/DTD/xhtml1-transitional.dtd">
<html xmlns="http://www.w3.org/1999/xhtml" xml:lang="en" lang="en">
 <head>
  <title>
</title>
<meta http-equiv="Content-Type" content="text/html;charset=utf-8" />
  <meta name='ocr-system' content='tesseract 3.04.00' />
  <meta name='ocr-capabilities' content='ocr_page ocr_carea ocr_par ocr_line ocrx_word'/>
</head>
<body>
  <div class='ocr_page' id='page_1' title='image "./joanniskepleria04frisgoog_0429.png"; bbox 0 0 3366 5482; ppageno 0'>
   <div class='ocr_carea' id='block_1_1' title="bbox 159 268 949 338">
    <p class='ocr_par' dir='ltr' id='par_1_1' title="bbox 159 268 949 338">
     <span class='ocr_line' id='line_1_1' title="bbox 159 268 949 338; baseline -0.001 -15"><span class='ocrx_word' id='word_1_1' title='bbox 159 268 227 338; x_wconf 72' lang='grc'>410</span> <span class='ocrx_word' id='word_1_2' title='bbox 698 302 701 307; x_wconf 92' lang='lat'>·</span> <span class='ocrx_word' id='word_1_3' title='bbox 727 271 828 322; x_wconf 73' lang='lat' dir='ltr'>Utente</span> <span class='ocrx_word' id='word_1_4' title='bbox 846 271 949 336; x_wconf 81' lang='lat' dir='ltr'>Keplerl</span> 
     </span>
    </p>
   </div>
   <div class='ocr_carea' id='block_1_2' title="bbox 124 420 1555 4786">
    <p class='ocr_par' dir='ltr' id='par_1_2' title="bbox 124 420 1555 4786">
     <span class='ocr_line' id='line_1_2' title="bbox 160 420 1520 515; baseline -0.001 -19"><span class='ocrx_word' id='word_1_5' title='bbox 160 453 232 515; x_wconf 88' lang='lat' dir='ltr'>ago,</span> <span class='ocrx_word' id='word_1_6' title='bbox 261 442 295 495; x_wconf 95' lang='lat' dir='ltr'>ut</span> <span class='ocrx_word' id='word_1_7' title='bbox 322 433 484 495; x_wconf 86' lang='lat' dir='ltr'>veritatem</span> <span class='ocrx_word' id='word_1_8' title='bbox 512 448 569 509; x_wconf 90' lang='lat' dir='ltr'>ego</span> <span class='ocrx_word' id='word_1_9' title='bbox 600 431 697 511; x_wconf 89' lang='lat' dir='ltr'>(cnjus</span> <span class='ocrx_word' id='word_1_10' title='bbox 729 440 864 493; x_wconf 80' lang='lat' dir='ltr'>assertor</span> <span class='ocrx_word' id='word_1_11' title='bbox 892 449 956 491; x_wconf 92' lang='lat' dir='ltr'>sum</span> <span class='ocrx_word' id='word_1_12' title='bbox 985 439 1119 510; x_wconf 88' lang='lat' dir='ltr'>promtus</span> <span class='ocrx_word' id='word_1_13' title='bbox 1147 448 1282 510; x_wconf 78' lang='lat' dir='ltr'>semper,</span> <span class='ocrx_word' id='word_1_14' title='bbox 1311 420 1374 494; x_wconf 84' lang='lat' dir='ltr'>uon</span> <span class='ocrx_word' id='word_1_15' title='bbox 1404 450 1520 512; x_wconf 79' lang='lat' dir='ltr'>semper</span> 
     </span>
     <span class='ocr_line' id='line_1_3' title="bbox 162 516 1517 603; baseline -0.003 -17"><span class='ocrx_word' id='word_1_16' title='bbox 162 516 303 603; x_wconf 88' lang='lat' dir='ltr'>idoneus)</span> <span class='ocrx_word' id='word_1_17' title='bbox 333 522 371 583; x_wconf 90' lang='lat' dir='ltr'>ad</span> <span class='ocrx_word' id='word_1_18' title='bbox 404 538 500 582; x_wconf 91' lang='lat' dir='ltr'>meum</span> <span class='ocrx_word' id='word_1_19' title='bbox 531 520 719 582; x_wconf 91' lang='lat' dir='ltr'>commodum</span> <span class='ocrx_word' id='word_1_20' title='bbox 748 520 884 598; x_wconf 79' lang='lat' dir='ltr'><strong>dirigam.</strong></span> <span class='ocrx_word' id='word_1_21' title='bbox 935 521 966 580; x_wconf 91' lang='lat' dir='ltr'>ln</span> <span class='ocrx_word' id='word_1_22' title='bbox 996 520 1132 581; x_wconf 90' lang='lat' dir='ltr'>omuibus</span> <span class='ocrx_word' id='word_1_23' title='bbox 1159 521 1369 600; x_wconf 79' lang='lat' dir='ltr'>prognosticis</span> <span class='ocrx_word' id='word_1_24' title='bbox 1396 520 1428 582; x_wconf 94' lang='lat' dir='ltr'>id</span> <span class='ocrx_word' id='word_1_25' title='bbox 1454 540 1517 601; x_wconf 88' lang='lat' dir='ltr'>ago,</span> 
     </span>
     <span class='ocr_line' id='line_1_4' title="bbox 161 609 1518 690; baseline -0.002 -16"><span class='ocrx_word' id='word_1_26' title='bbox 161 621 195 674; x_wconf 90' lang='lat' dir='ltr'>ut</span> <span class='ocrx_word' id='word_1_27' title='bbox 218 614 254 674; x_wconf 94' lang='lat' dir='ltr'>de</span> <span class='ocrx_word' id='word_1_28' title='bbox 273 610 401 690; x_wconf 91' lang='lat' dir='ltr'>promtis</span> <span class='ocrx_word' id='word_1_29' title='bbox 425 609 596 677; x_wconf 82' lang='lat' dir='ltr'>sententiis,</span> <span class='ocrx_word' id='word_1_30' title='bbox 621 627 697 688; x_wconf 85' lang='lat' dir='ltr'>quae</span> <span class='ocrx_word' id='word_1_31' title='bbox 721 609 792 669; x_wconf 93' lang='lat' dir='ltr'>mihi</span> <span class='ocrx_word' id='word_1_32' title='bbox 822 627 911 670; x_wconf 90' lang='lat' dir='ltr'>verae</span> <span class='ocrx_word' id='word_1_33' title='bbox 934 609 1086 682; x_wconf 89' lang='lat' dir='ltr'>videntur,</span> <span class='ocrx_word' id='word_1_34' title='bbox 1112 618 1233 686; x_wconf 90' lang='lat' dir='ltr'>gustum</span> <span class='ocrx_word' id='word_1_35' title='bbox 1257 610 1392 690; x_wconf 82' lang='lat' dir='ltr'>aliquem</span> <span class='ocrx_word' id='word_1_36' title='bbox 1412 610 1518 689; x_wconf 91' lang='lat' dir='ltr'>jucun·</span> 
     </span>
     <span class='ocr_line' id='line_1_5' title="bbox 160 697 1517 778; baseline -0.002 -15"><span class='ocrx_word' id='word_1_37' title='bbox 160 702 268 764; x_wconf 87' lang='lat' dir='ltr'>ditatis</span> <span class='ocrx_word' id='word_1_38' title='bbox 292 708 324 762; x_wconf 90' lang='lat' dir='ltr'>et</span> <span class='ocrx_word' id='word_1_39' title='bbox 347 698 518 778; x_wconf 89' lang='lat' dir='ltr'>majestatis</span> <span class='ocrx_word' id='word_1_40' title='bbox 542 707 667 760; x_wconf 88' lang='lat' dir='ltr'>naturae</span> <span class='ocrx_word' id='word_1_41' title='bbox 700 697 862 776; x_wconf 82' lang='lat' dir='ltr'>praebeam</span> <span class='ocrx_word' id='word_1_42' title='bbox 885 698 945 759; x_wconf 87' lang='lat' dir='ltr'>illis</span> <span class='ocrx_word' id='word_1_43' title='bbox 969 716 1061 776; x_wconf 89' lang='lat' dir='ltr'>supra</span> <span class='ocrx_word' id='word_1_44' title='bbox 1084 697 1214 759; x_wconf 80' lang='lat' dir='ltr'>defluitis</span> <span class='ocrx_word' id='word_1_45' title='bbox 1239 698 1316 761; x_wconf 88' lang='lat' dir='ltr'>meis</span> <span class='ocrx_word' id='word_1_46' title='bbox 1340 699 1517 761; x_wconf 86' lang='lat' dir='ltr'>lectoribus:</span> 
     </span>
     <span class='ocr_line' id='line_1_6' title="bbox 162 786 1518 869; baseline -0.004 -17"><span class='ocrx_word' id='word_1_47' title='bbox 162 793 188 853; x_wconf 92' lang='lat' dir='ltr'>si</span> <span class='ocrx_word' id='word_1_48' title='bbox 219 792 296 852; x_wconf 80' lang='lat' dir='ltr'>torte</span> <span class='ocrx_word' id='word_1_49' title='bbox 320 807 375 869; x_wconf 89' lang='lat' dir='ltr'>per</span> <span class='ocrx_word' id='word_1_50' title='bbox 398 788 453 849; x_wconf 93' lang='lat' dir='ltr'>hoc</span> <span class='ocrx_word' id='word_1_51' title='bbox 478 788 646 848; x_wconf 81' lang='lat' dir='ltr'>excitentur</span> <span class='ocrx_word' id='word_1_52' title='bbox 670 788 708 848; x_wconf 91' lang='lat' dir='ltr'>ad</span> <span class='ocrx_word' id='word_1_53' title='bbox 733 806 780 848; x_wconf 91' lang='lat' dir='ltr'>me</span> <span class='ocrx_word' id='word_1_54' title='bbox 804 795 891 849; x_wconf 89' lang='lat' dir='ltr'>tanto</span> <span class='ocrx_word' id='word_1_55' title='bbox 915 786 1021 866; x_wconf 86' lang='lat' dir='ltr'>majori</span> <span class='ocrx_word' id='word_1_56' title='bbox 1046 805 1111 848; x_wconf 90' lang='lat' dir='ltr'>cum</span> <span class='ocrx_word' id='word_1_57' title='bbox 1131 788 1244 849; x_wconf 91' lang='lat' dir='ltr'>salario</span> <span class='ocrx_word' id='word_1_58' title='bbox 1258 788 1414 859; x_wconf 89' lang='lat' dir='ltr'>alendum,</span> <span class='ocrx_word' id='word_1_59' title='bbox 1437 790 1518 867; x_wconf 87' lang='lat' dir='ltr'>cujus</span> 
     </span>
     <span class='ocr_line' id='line_1_7' title="bbox 161 876 1516 955; baseline -0.002 -14"><span class='ocrx_word' id='word_1_60' title='bbox 161 881 244 942; x_wconf 88' lang='lat' dir='ltr'>nulla</span> <span class='ocrx_word' id='word_1_61' title='bbox 267 878 365 940; x_wconf 87' lang='lat' dir='ltr'>adhuc</span> <span class='ocrx_word' id='word_1_62' title='bbox 389 876 525 939; x_wconf 77' lang='lat' dir='ltr'>accessio</span> <span class='ocrx_word' id='word_1_63' title='bbox 550 877 632 937; x_wconf 87' lang='lat' dir='ltr'>facta</span> <span class='ocrx_word' id='word_1_64' title='bbox 656 878 766 955; x_wconf 91' lang='lat' dir='ltr'>(neque</span> <span class='ocrx_word' id='word_1_65' title='bbox 790 877 859 937; x_wconf 92' lang='lat' dir='ltr'>dum</span> <span class='ocrx_word' id='word_1_66' title='bbox 884 877 1035 955; x_wconf 83' lang='lat' dir='ltr'>impensae</span> <span class='ocrx_word' id='word_1_67' title='bbox 1060 877 1130 937; x_wconf 88' lang='lat' dir='ltr'>mihi</span> <span class='ocrx_word' id='word_1_68' title='bbox 1150 877 1338 951; x_wconf 85' lang='lat' dir='ltr'>restitutae).</span> <span class='ocrx_word' id='word_1_69' title='bbox 1387 878 1474 940; x_wconf 80' lang='lat' dir='ltr'>llaec</span> <span class='ocrx_word' id='word_1_70' title='bbox 1496 877 1516 938; x_wconf 89' lang='lat' dir='ltr'>si</span> 
     </span>
     <span class='ocr_line' id='line_1_8' title="bbox 159 965 1516 1048; baseline -0.003 -17"><span class='ocrx_word' id='word_1_71' title='bbox 159 968 356 1048; x_wconf 79' lang='lat' dir='ltr'>probaveris,</span> <span class='ocrx_word' id='word_1_72' title='bbox 377 969 443 1047; x_wconf 90' lang='lat' dir='ltr'>jam</span> <span class='ocrx_word' id='word_1_73' title='bbox 466 984 554 1044; x_wconf 92' lang='lat' dir='ltr'>porro</span> <span class='ocrx_word' id='word_1_74' title='bbox 578 965 650 1026; x_wconf 93' lang='lat' dir='ltr'>mihi</span> <span class='ocrx_word' id='word_1_75' title='bbox 674 983 732 1025; x_wconf 90' lang='lat' dir='ltr'>uon</span> <span class='ocrx_word' id='word_1_76' title='bbox 749 965 950 1040; x_wconf 83' lang='lat' dir='ltr'>succensebis,</span> <span class='ocrx_word' id='word_1_77' title='bbox 976 968 1064 1048; x_wconf 89' lang='lat' dir='ltr'>quod,</span> <span class='ocrx_word' id='word_1_78' title='bbox 1090 974 1225 1028; x_wconf 88' lang='lat' dir='ltr'>assertor</span> <span class='ocrx_word' id='word_1_79' title='bbox 1240 967 1433 1046; x_wconf 86' lang='lat' dir='ltr'>astrologiae</span> <span class='ocrx_word' id='word_1_80' title='bbox 1457 986 1516 1028; x_wconf 89' lang='lat' dir='ltr'>cum</span> 
     </span>
     <span class='ocr_line' id='line_1_9' title="bbox 160 1054 1515 1134; baseline -0.001 -16"><span class='ocrx_word' id='word_1_81' title='bbox 160 1059 215 1118; x_wconf 88' lang='lat' dir='ltr'>sim</span> <span class='ocrx_word' id='word_1_82' title='bbox 239 1057 338 1118; x_wconf 90' lang='lat' dir='ltr'>verbis</span> <span class='ocrx_word' id='word_1_83' title='bbox 363 1066 522 1134; x_wconf 84' lang='lat' dir='ltr'>stupere,</span> <span class='ocrx_word' id='word_1_84' title='bbox 553 1054 692 1115; x_wconf 88' lang='lat' dir='ltr'>studeam</span> <span class='ocrx_word' id='word_1_85' title='bbox 716 1062 815 1116; x_wconf 88' lang='lat' dir='ltr'>tamen</span> <span class='ocrx_word' id='word_1_86' title='bbox 846 1056 922 1117; x_wconf 91' lang='lat' dir='ltr'>hauc</span> <span class='ocrx_word' id='word_1_87' title='bbox 947 1055 1056 1117; x_wconf 90' lang='lat' dir='ltr'>animis</span> <span class='ocrx_word' id='word_1_88' title='bbox 1085 1056 1236 1117; x_wconf 91' lang='lat' dir='ltr'>hominum</span> <span class='ocrx_word' id='word_1_89' title='bbox 1260 1056 1515 1118; x_wconf 78' lang='lat' dir='ltr'>existimationem</span> 
     </span>
     <span class='ocr_line' id='line_1_10' title="bbox 159 1145 1516 1225; baseline -0.001 -17"><span class='ocrx_word' id='word_1_90' title='bbox 159 1146 348 1225; x_wconf 88' lang='lat' dir='ltr'>implantare,</span> <span class='ocrx_word' id='word_1_91' title='bbox 373 1163 432 1205; x_wconf 94' lang='lat' dir='ltr'>uon</span> <span class='ocrx_word' id='word_1_92' title='bbox 456 1163 524 1205; x_wconf 88' lang='lat' dir='ltr'>esse</span> <span class='ocrx_word' id='word_1_93' title='bbox 547 1162 594 1205; x_wconf 90' lang='lat' dir='ltr'>me</span> <span class='ocrx_word' id='word_1_94' title='bbox 617 1162 763 1222; x_wconf 85' lang='lat' dir='ltr'>nugacem</span> <span class='ocrx_word' id='word_1_95' title='bbox 777 1145 983 1225; x_wconf 67' lang='lat' dir='ltr'>astrologum.</span> <span class='ocrx_word' id='word_1_96' title='bbox 1031 1146 1066 1207; x_wconf 88' lang='lat' dir='ltr'>Id</span> <span class='ocrx_word' id='word_1_97' title='bbox 1094 1145 1149 1206; x_wconf 92' lang='lat' dir='ltr'>hoo</span> <span class='ocrx_word' id='word_1_98' title='bbox 1180 1165 1257 1207; x_wconf 87' lang='lat' dir='ltr'>anno</span> <span class='ocrx_word' id='word_1_99' title='bbox 1287 1147 1364 1220; x_wconf 82' lang='lat' dir='ltr'>ieci,</span> <span class='ocrx_word' id='word_1_100' title='bbox 1400 1147 1516 1225; x_wconf 79' lang='lat' dir='ltr'>rejectis</span> 
     </span>
     <span class='ocr_line' id='line_1_11' title="bbox 162 1234 1515 1314; baseline 0.001 -18"><span class='ocrx_word' id='word_1_101' title='bbox 162 1236 293 1314; x_wconf 81' lang='lat' dir='ltr'>quartis,</span> <span class='ocrx_word' id='word_1_102' title='bbox 318 1234 554 1296; x_wconf 85' lang='lat' dir='ltr'>revolutionibus</span> <span class='ocrx_word' id='word_1_103' title='bbox 578 1234 698 1306; x_wconf 90' lang='lat' dir='ltr'>annuis,</span> <span class='ocrx_word' id='word_1_104' title='bbox 725 1251 781 1312; x_wconf 91' lang='lat' dir='ltr'>quo</span> <span class='ocrx_word' id='word_1_105' title='bbox 805 1235 924 1296; x_wconf 89' lang='lat' dir='ltr'>numine</span> <span class='ocrx_word' id='word_1_106' title='bbox 948 1236 1040 1297; x_wconf 88' lang='lat' dir='ltr'>etiam</span> <span class='ocrx_word' id='word_1_107' title='bbox 1062 1236 1265 1298; x_wconf 89' lang='lat' dir='ltr'>revolutiones</span> <span class='ocrx_word' id='word_1_108' title='bbox 1289 1248 1469 1301; x_wconf 85' lang='lat' dir='ltr'>menstruae</span> <span class='ocrx_word' id='word_1_109' title='bbox 1489 1245 1515 1298; x_wconf 88' lang='lat' dir='ltr'>et</span> 
     </span>
     <span class='ocr_line' id='line_1_12' title="bbox 159 1323 1513 1407; baseline 0 -22"><span class='ocrx_word' id='word_1_110' title='bbox 159 1332 332 1402; x_wconf 88' lang='lat' dir='ltr'>quartarum</span> <span class='ocrx_word' id='word_1_111' title='bbox 355 1323 471 1385; x_wconf 89' lang='lat' dir='ltr'>censeri</span> <span class='ocrx_word' id='word_1_112' title='bbox 494 1324 573 1385; x_wconf 93' lang='lat' dir='ltr'>volo.</span> <span class='ocrx_word' id='word_1_113' title='bbox 621 1324 780 1404; x_wconf 89' lang='lat' dir='ltr'>Nunquam</span> <span class='ocrx_word' id='word_1_114' title='bbox 796 1325 856 1387; x_wconf 92' lang='lat' dir='ltr'>illis</span> <span class='ocrx_word' id='word_1_115' title='bbox 871 1325 1029 1404; x_wconf 88' lang='lat' dir='ltr'>quicquam</span> <span class='ocrx_word' id='word_1_116' title='bbox 1043 1326 1144 1398; x_wconf 91' lang='lat' dir='ltr'>tribui,</span> <span class='ocrx_word' id='word_1_117' title='bbox 1168 1326 1211 1387; x_wconf 89' lang='lat' dir='ltr'>uti</span> <span class='ocrx_word' id='word_1_118' title='bbox 1227 1326 1407 1389; x_wconf 86' lang='lat' dir='ltr'>meminisse</span> <span class='ocrx_word' id='word_1_119' title='bbox 1421 1335 1513 1407; x_wconf 84' lang='lat' dir='ltr'>potes.</span> 
     </span>
     <span class='ocr_line' id='line_1_13' title="bbox 160 1411 1513 1491; baseline -0.001 -16"><span class='ocrx_word' id='word_1_120' title='bbox 160 1413 298 1475; x_wconf 84' lang='lat' dir='ltr'>Sufficiet</span> <span class='ocrx_word' id='word_1_121' title='bbox 325 1413 430 1491; x_wconf 91' lang='lat' dir='ltr'>cuique</span> <span class='ocrx_word' id='word_1_122' title='bbox 460 1411 518 1473; x_wconf 84' lang='lat' dir='ltr'>diei</span> <span class='ocrx_word' id='word_1_123' title='bbox 548 1422 690 1491; x_wconf 89' lang='lat' dir='ltr'>aspectus</span> <span class='ocrx_word' id='word_1_124' title='bbox 719 1433 800 1476; x_wconf 84' lang='lat' dir='ltr'>suus.</span> <span class='ocrx_word' id='word_1_125' title='bbox 846 1415 1064 1479; x_wconf 89' lang='lat' dir='ltr'>Revolutiones</span> <span class='ocrx_word' id='word_1_126' title='bbox 1093 1415 1244 1477; x_wconf 92' lang='lat' dir='ltr'>hominum</span> <span class='ocrx_word' id='word_1_127' title='bbox 1274 1424 1307 1476; x_wconf 91' lang='lat' dir='ltr'>et</span> <span class='ocrx_word' id='word_1_128' title='bbox 1331 1416 1450 1477; x_wconf 87' lang='lat' dir='ltr'>urbium</span> <span class='ocrx_word' id='word_1_129' title='bbox 1473 1414 1513 1476; x_wconf 91' lang='lat' dir='ltr'>hic</span> 
     </span>
     <span class='ocr_line' id='line_1_14' title="bbox 163 1501 1514 1586; baseline 0.001 -22"><span class='ocrx_word' id='word_1_130' title='bbox 163 1502 289 1582; x_wconf 88' lang='lat' dir='ltr'>excipio.</span> <span class='ocrx_word' id='word_1_131' title='bbox 342 1502 435 1563; x_wconf 87' lang='lat' dir='ltr'>Aliud</span> <span class='ocrx_word' id='word_1_132' title='bbox 463 1509 511 1562; x_wconf 90' lang='lat' dir='ltr'>est</span> <span class='ocrx_word' id='word_1_133' title='bbox 541 1501 643 1576; x_wconf 88' lang='lat' dir='ltr'>homo,</span> <span class='ocrx_word' id='word_1_134' title='bbox 683 1503 764 1565; x_wconf 90' lang='lat' dir='ltr'>aliud</span> <span class='ocrx_word' id='word_1_135' title='bbox 792 1512 1007 1586; x_wconf 83' lang='lat' dir='ltr'>tempestatum</span> <span class='ocrx_word' id='word_1_136' title='bbox 1040 1505 1145 1566; x_wconf 87' lang='lat' dir='ltr'>series.</span> <span class='ocrx_word' id='word_1_137' title='bbox 1196 1505 1296 1567; x_wconf 90' lang='lat' dir='ltr'>Unum</span> <span class='ocrx_word' id='word_1_138' title='bbox 1325 1504 1400 1566; x_wconf 90' lang='lat' dir='ltr'>mihi</span> <span class='ocrx_word' id='word_1_139' title='bbox 1424 1505 1514 1584; x_wconf 86' lang='lat' dir='ltr'>possit</span> 
     </span>
     <span class='ocr_line' id='line_1_15' title="bbox 164 1590 1513 1674; baseline 0.001 -22"><span class='ocrx_word' id='word_1_140' title='bbox 164 1592 269 1672; x_wconf 88' lang='lat' dir='ltr'>objici,</span> <span class='ocrx_word' id='word_1_141' title='bbox 296 1590 448 1652; x_wconf 87' lang='lat' dir='ltr'>conditum</span> <span class='ocrx_word' id='word_1_142' title='bbox 472 1609 538 1651; x_wconf 88' lang='lat' dir='ltr'>esee</span> <span class='ocrx_word' id='word_1_143' title='bbox 563 1591 702 1653; x_wconf 90' lang='lat' dir='ltr'>mundum</span> <span class='ocrx_word' id='word_1_144' title='bbox 726 1592 755 1653; x_wconf 92' lang='lat' dir='ltr'>in</span> <span class='ocrx_word' id='word_1_145' title='bbox 780 1600 862 1655; x_wconf 89' lang='lat' dir='ltr'>certo</span> <span class='ocrx_word' id='word_1_146' title='bbox 886 1601 997 1674; x_wconf 85' lang='lat' dir='ltr'>puncto</span> <span class='ocrx_word' id='word_1_147' title='bbox 1021 1593 1135 1656; x_wconf 83' lang='lat' dir='ltr'>zodiaci</span> <span class='ocrx_word' id='word_1_148' title='bbox 1161 1592 1231 1655; x_wconf 87' lang='lat' dir='ltr'>Sole</span> <span class='ocrx_word' id='word_1_149' title='bbox 1255 1601 1421 1655; x_wconf 86' lang='lat' dir='ltr'>versante:</span> <span class='ocrx_word' id='word_1_150' title='bbox 1446 1614 1513 1655; x_wconf 89' lang='lat' dir='ltr'>eau-</span> 
     </span>
     <span class='ocr_line' id='line_1_16' title="bbox 162 1679 1513 1762; baseline 0 -20"><span class='ocrx_word' id='word_1_151' title='bbox 162 1683 230 1742; x_wconf 91' lang='lat' dir='ltr'>dem</span> <span class='ocrx_word' id='word_1_152' title='bbox 255 1699 326 1760; x_wconf 88' lang='lat' dir='ltr'>ergo</span> <span class='ocrx_word' id='word_1_153' title='bbox 350 1679 497 1740; x_wconf 87' lang='lat' dir='ltr'>rationem</span> <span class='ocrx_word' id='word_1_154' title='bbox 521 1698 588 1740; x_wconf 90' lang='lat' dir='ltr'>esse</span> <span class='ocrx_word' id='word_1_155' title='bbox 613 1681 727 1743; x_wconf 89' lang='lat' dir='ltr'>reditus</span> <span class='ocrx_word' id='word_1_156' title='bbox 747 1681 828 1745; x_wconf 90' lang='lat' dir='ltr'>Solis</span> <span class='ocrx_word' id='word_1_157' title='bbox 853 1683 945 1744; x_wconf 87' lang='lat' dir='ltr'>adid</span> <span class='ocrx_word' id='word_1_158' title='bbox 968 1691 1120 1762; x_wconf 92' lang='lat' dir='ltr'>punctum,</span> <span class='ocrx_word' id='word_1_159' title='bbox 1144 1702 1220 1762; x_wconf 91' lang='lat' dir='ltr'>quae</span> <span class='ocrx_word' id='word_1_160' title='bbox 1240 1691 1290 1743; x_wconf 88' lang='lat' dir='ltr'>eet</span> <span class='ocrx_word' id='word_1_161' title='bbox 1304 1683 1424 1744; x_wconf 88' lang='lat' dir='ltr'>reditus</span> <span class='ocrx_word' id='word_1_162' title='bbox 1440 1681 1513 1744; x_wconf 90' lang='lat' dir='ltr'>Solis</span> 
     </span>
     <span class='ocr_line' id='line_1_17' title="bbox 162 1768 1513 1853; baseline 0 -22"><span class='ocrx_word' id='word_1_163' title='bbox 162 1772 200 1831; x_wconf 89' lang='lat' dir='ltr'>ad</span> <span class='ocrx_word' id='word_1_164' title='bbox 223 1777 366 1850; x_wconf 91' lang='lat' dir='ltr'>punctum</span> <span class='ocrx_word' id='word_1_165' title='bbox 389 1768 570 1830; x_wconf 88' lang='lat' dir='ltr'>nativitatis.</span> <span class='ocrx_word' id='word_1_166' title='bbox 617 1770 807 1851; x_wconf 87' lang='lat' dir='ltr'>Respondeo,</span> <span class='ocrx_word' id='word_1_167' title='bbox 834 1791 905 1852; x_wconf 87' lang='lat' dir='ltr'>ergo</span> <span class='ocrx_word' id='word_1_168' title='bbox 921 1773 1077 1834; x_wconf 84' lang='lat' dir='ltr'>differetur</span> <span class='ocrx_word' id='word_1_169' title='bbox 1095 1772 1247 1849; x_wconf 79' lang='lat' dir='ltr'>negotium</span> <span class='ocrx_word' id='word_1_170' title='bbox 1263 1791 1298 1833; x_wconf 88' lang='lat' dir='ltr'>eo</span> <span class='ocrx_word' id='word_1_171' title='bbox 1319 1791 1427 1853; x_wconf 87' lang='lat' dir='ltr'>usque,</span> <span class='ocrx_word' id='word_1_172' title='bbox 1452 1773 1513 1832; x_wconf 93' lang='lat' dir='ltr'>dum</span> 
     </span>
     <span class='ocr_line' id='line_1_18' title="bbox 161 1859 1513 1942; baseline -0.002 -19"><span class='ocrx_word' id='word_1_173' title='bbox 161 1869 243 1924; x_wconf 89' lang='lat' dir='ltr'>recte</span> <span class='ocrx_word' id='word_1_174' title='bbox 268 1878 322 1920; x_wconf 90' lang='lat' dir='ltr'>uos</span> <span class='ocrx_word' id='word_1_175' title='bbox 346 1859 475 1921; x_wconf 89' lang='lat' dir='ltr'>doceant</span> <span class='ocrx_word' id='word_1_176' title='bbox 499 1859 681 1939; x_wconf 85' lang='lat' dir='ltr'>chronologi,</span> <span class='ocrx_word' id='word_1_177' title='bbox 703 1880 760 1940; x_wconf 92' lang='lat' dir='ltr'>quo</span> <span class='ocrx_word' id='word_1_178' title='bbox 776 1862 844 1923; x_wconf 91' lang='lat' dir='ltr'>anni</span> <span class='ocrx_word' id='word_1_179' title='bbox 859 1870 994 1942; x_wconf 90' lang='lat' dir='ltr'>ternpore</span> <span class='ocrx_word' id='word_1_180' title='bbox 1011 1861 1050 1922; x_wconf 90' lang='lat' dir='ltr'>sit</span> <span class='ocrx_word' id='word_1_181' title='bbox 1068 1861 1207 1922; x_wconf 87' lang='lat' dir='ltr'>conditus</span> <span class='ocrx_word' id='word_1_182' title='bbox 1222 1862 1362 1922; x_wconf 91' lang='lat' dir='ltr'>mundus.</span> <span class='ocrx_word' id='word_1_183' title='bbox 1403 1859 1513 1931; x_wconf 84' lang='lat' dir='ltr'>Quam-</span> 
     </span>
     <span class='ocr_line' id='line_1_19' title="bbox 160 1949 1512 2030; baseline -0.004 -18"><span class='ocrx_word' id='word_1_184' title='bbox 160 1951 207 2012; x_wconf 88' lang='lat' dir='ltr'>vis</span> <span class='ocrx_word' id='word_1_185' title='bbox 231 1950 291 2012; x_wconf 87' lang='lat' dir='ltr'>etsi</span> <span class='ocrx_word' id='word_1_186' title='bbox 314 1949 345 2010; x_wconf 92' lang='lat' dir='ltr'>id</span> <span class='ocrx_word' id='word_1_187' title='bbox 368 1957 535 2021; x_wconf 85' lang='lat' dir='ltr'>teneamus,</span> <span class='ocrx_word' id='word_1_188' title='bbox 560 1969 579 2008; x_wconf 90' lang='lat' dir='ltr'>a</span> <span class='ocrx_word' id='word_1_189' title='bbox 601 1949 709 2010; x_wconf 89' lang='lat' dir='ltr'>baculo</span> <span class='ocrx_word' id='word_1_190' title='bbox 732 1959 832 2011; x_wconf 89' lang='lat' dir='ltr'>temen</span> <span class='ocrx_word' id='word_1_191' title='bbox 858 1953 896 2012; x_wconf 90' lang='lat' dir='ltr'>ad</span> <span class='ocrx_word' id='word_1_192' title='bbox 912 1951 1053 2030; x_wconf 85' lang='lat' dir='ltr'>angulum</span> <span class='ocrx_word' id='word_1_193' title='bbox 1073 1969 1131 2011; x_wconf 92' lang='lat' dir='ltr'>nou</span> <span class='ocrx_word' id='word_1_194' title='bbox 1146 1950 1281 2030; x_wconf 87' lang='lat' dir='ltr'>sequitur</span> <span class='ocrx_word' id='word_1_195' title='bbox 1296 1959 1512 2030; x_wconf 88' lang='lat' dir='ltr'>argumentum.</span> 
     </span>
     <span class='ocr_line' id='line_1_20' title="bbox 161 2037 1514 2119; baseline -0.001 -19"><span class='ocrx_word' id='word_1_196' title='bbox 161 2042 195 2101; x_wconf 93' lang='lat' dir='ltr'>lu</span> <span class='ocrx_word' id='word_1_197' title='bbox 219 2041 317 2101; x_wconf 88' lang='lat' dir='ltr'>reditu</span> <span class='ocrx_word' id='word_1_198' title='bbox 342 2037 460 2117; x_wconf 88' lang='lat' dir='ltr'>quidem</span> <span class='ocrx_word' id='word_1_199' title='bbox 484 2037 565 2099; x_wconf 89' lang='lat' dir='ltr'>Solis</span> <span class='ocrx_word' id='word_1_200' title='bbox 595 2039 699 2099; x_wconf 88' lang='lat' dir='ltr'>eadem</span> <span class='ocrx_word' id='word_1_201' title='bbox 724 2047 773 2100; x_wconf 90' lang='lat' dir='ltr'>est</span> <span class='ocrx_word' id='word_1_202' title='bbox 793 2041 885 2111; x_wconf 84' lang='lat' dir='ltr'>ratio,</span> <span class='ocrx_word' id='word_1_203' title='bbox 916 2048 949 2100; x_wconf 89' lang='lat' dir='ltr'>at</span> <span class='ocrx_word' id='word_1_204' title='bbox 971 2057 1029 2100; x_wconf 90' lang='lat' dir='ltr'>nou</span> <span class='ocrx_word' id='word_1_205' title='bbox 1055 2040 1083 2100; x_wconf 89' lang='lat' dir='ltr'>iu</span> <span class='ocrx_word' id='word_1_206' title='bbox 1108 2039 1262 2118; x_wconf 85' lang='lat' dir='ltr'>subjecto,</span> <span class='ocrx_word' id='word_1_207' title='bbox 1292 2040 1373 2119; x_wconf 92' lang='lat' dir='ltr'>quod</span> <span class='ocrx_word' id='word_1_208' title='bbox 1399 2039 1514 2101; x_wconf 90' lang='lat' dir='ltr'>revolu-</span> 
     </span>
     <span class='ocr_line' id='line_1_21' title="bbox 161 2125 1510 2206; baseline 0 -16"><span class='ocrx_word' id='word_1_209' title='bbox 161 2128 294 2190; x_wconf 80' lang='lat' dir='ltr'>tionibus</span> <span class='ocrx_word' id='word_1_210' title='bbox 315 2125 492 2187; x_wconf 68' lang='lat' dir='ltr'>mindam</span> <span class='ocrx_word' id='word_1_211' title='bbox 515 2128 700 2206; x_wconf 86' lang='lat' dir='ltr'>proponitur.</span> <span class='ocrx_word' id='word_1_212' title='bbox 746 2126 895 2191; x_wconf 87' lang='lat' dir='ltr'>Similiter</span> <span class='ocrx_word' id='word_1_213' title='bbox 918 2148 1041 2191; x_wconf 86' lang='lat' dir='ltr'>causam</span> <span class='ocrx_word' id='word_1_214' title='bbox 1056 2128 1161 2200; x_wconf 89' lang='lat' dir='ltr'>habes,</span> <span class='ocrx_word' id='word_1_215' title='bbox 1185 2146 1239 2190; x_wconf 88' lang='lat' dir='ltr'>cur</span> <span class='ocrx_word' id='word_1_216' title='bbox 1252 2129 1388 2190; x_wconf 81' lang='lat' dir='ltr'>animem</span> <span class='ocrx_word' id='word_1_217' title='bbox 1405 2128 1510 2190; x_wconf 74' lang='lat' dir='ltr'>Terrae</span> 
     </span>
     <span class='ocr_line' id='line_1_22' title="bbox 162 2213 1514 2295; baseline -0.004 -17"><span class='ocrx_word' id='word_1_218' title='bbox 162 2218 290 2279; x_wconf 87' lang='lat' dir='ltr'>tribuam</span> <span class='ocrx_word' id='word_1_219' title='bbox 318 2216 347 2277; x_wconf 94' lang='lat' dir='ltr'>iu</span> <span class='ocrx_word' id='word_1_220' title='bbox 372 2213 555 2276; x_wconf 88' lang='lat' dir='ltr'>Germanico</span> <span class='ocrx_word' id='word_1_221' title='bbox 583 2218 695 2295; x_wconf 93' lang='lat' dir='ltr'>scripto</span> <span class='ocrx_word' id='word_1_222' title='bbox 723 2217 909 2280; x_wconf 84' lang='lat' dir='ltr'>brevissimis</span> <span class='ocrx_word' id='word_1_223' title='bbox 936 2219 1048 2279; x_wconf 76' lang='lat' dir='ltr'>verbis.</span> <span class='ocrx_word' id='word_1_224' title='bbox 1096 2219 1175 2279; x_wconf 88' lang='lat' dir='ltr'>Nam</span> <span class='ocrx_word' id='word_1_225' title='bbox 1199 2236 1253 2279; x_wconf 82' lang='lat' dir='ltr'>res</span> <span class='ocrx_word' id='word_1_226' title='bbox 1276 2218 1347 2295; x_wconf 88' lang='lat' dir='ltr'>ipsa</span> <span class='ocrx_word' id='word_1_227' title='bbox 1374 2216 1440 2279; x_wconf 91' lang='lat' dir='ltr'>scio</span> <span class='ocrx_word' id='word_1_228' title='bbox 1466 2215 1514 2277; x_wconf 90' lang='lat' dir='ltr'>tibi</span> 
     </span>
     <span class='ocr_line' id='line_1_23' title="bbox 162 2300 1514 2386; baseline -0.004 -18"><span class='ocrx_word' id='word_1_229' title='bbox 162 2326 219 2368; x_wconf 89' lang='lat' dir='ltr'>nun</span> <span class='ocrx_word' id='word_1_230' title='bbox 243 2305 423 2384; x_wconf 86' lang='lat' dir='ltr'>displicebit.</span> <span class='ocrx_word' id='word_1_231' title='bbox 470 2305 680 2367; x_wconf 80' lang='lat' dir='ltr'>Fundamenta</span> <span class='ocrx_word' id='word_1_232' title='bbox 708 2306 865 2369; x_wconf 90' lang='lat' dir='ltr'>universae</span> <span class='ocrx_word' id='word_1_233' title='bbox 895 2308 1049 2368; x_wconf 88' lang='lat' dir='ltr'>doctrinae</span> <span class='ocrx_word' id='word_1_234' title='bbox 1073 2300 1334 2385; x_wconf 74' lang='lat' dir='ltr'>&#39;meteorologioae</span> <span class='ocrx_word' id='word_1_235' title='bbox 1367 2305 1514 2386; x_wconf 87' lang='lat' dir='ltr'>proposui.</span> 
     </span>
     <span class='ocr_line' id='line_1_24' title="bbox 162 2393 1515 2476; baseline -0.002 -19"><span class='ocrx_word' id='word_1_236' title='bbox 162 2396 238 2458; x_wconf 93' lang='lat' dir='ltr'>lllud</span> <span class='ocrx_word' id='word_1_237' title='bbox 262 2394 402 2455; x_wconf 86' lang='lat' dir='ltr'>existimo</span> <span class='ocrx_word' id='word_1_238' title='bbox 427 2393 482 2455; x_wconf 89' lang='lat' dir='ltr'>tibi</span> <span class='ocrx_word' id='word_1_239' title='bbox 501 2394 663 2472; x_wconf 88' lang='lat' dir='ltr'>jucundum</span> <span class='ocrx_word' id='word_1_240' title='bbox 688 2395 777 2456; x_wconf 89' lang='lat' dir='ltr'>etiam</span> <span class='ocrx_word' id='word_1_241' title='bbox 802 2397 881 2457; x_wconf 80' lang='lat' dir='ltr'>iore:</span> <span class='ocrx_word' id='word_1_242' title='bbox 906 2396 983 2476; x_wconf 90' lang='lat' dir='ltr'>quod</span> <span class='ocrx_word' id='word_1_243' title='bbox 1008 2415 1071 2457; x_wconf 91' lang='lat' dir='ltr'>rem</span> <span class='ocrx_word' id='word_1_244' title='bbox 1095 2395 1316 2476; x_wconf 87' lang='lat' dir='ltr'>quotidianam,</span> <span class='ocrx_word' id='word_1_245' title='bbox 1343 2395 1515 2457; x_wconf 85' lang='lat' dir='ltr'>admiratio·</span> 
     </span>
     <span class='ocr_line' id='line_1_25' title="bbox 161 2483 1515 2566; baseline -0.003 -21"><span class='ocrx_word' id='word_1_246' title='bbox 161 2485 206 2546; x_wconf 88' lang='lat' dir='ltr'>uis</span> <span class='ocrx_word' id='word_1_247' title='bbox 235 2493 336 2545; x_wconf 89' lang='lat' dir='ltr'>tamen</span> <span class='ocrx_word' id='word_1_248' title='bbox 367 2483 515 2543; x_wconf 81' lang='lat' dir='ltr'>maximae</span> <span class='ocrx_word' id='word_1_249' title='bbox 547 2486 652 2563; x_wconf 90' lang='lat' dir='ltr'>(quam</span> <span class='ocrx_word' id='word_1_250' title='bbox 681 2485 826 2564; x_wconf 84' lang='lat' dir='ltr'>astrologi</span> <span class='ocrx_word' id='word_1_251' title='bbox 850 2485 1131 2564; x_wconf 87' lang='lat' dir='ltr'>superstitionibus,</span> <span class='ocrx_word' id='word_1_252' title='bbox 1163 2484 1334 2566; x_wconf 90' lang='lat' dir='ltr'>philosophi</span> <span class='ocrx_word' id='word_1_253' title='bbox 1364 2483 1515 2545; x_wconf 87' lang='lat' dir='ltr'>calumniis</span> 
     </span>
     <span class='ocr_line' id='line_1_26' title="bbox 161 2572 1515 2656; baseline -0.003 -22"><span class='ocrx_word' id='word_1_254' title='bbox 161 2574 300 2647; x_wconf 88' lang='lat' dir='ltr'>obruunt,</span> <span class='ocrx_word' id='word_1_255' title='bbox 317 2579 360 2634; x_wconf 78' lang='lat' dir='ltr'>‚ut</span> <span class='ocrx_word' id='word_1_256' title='bbox 383 2572 527 2632; x_wconf 91' lang='lat' dir='ltr'>hactenus</span> <span class='ocrx_word' id='word_1_257' title='bbox 553 2574 711 2634; x_wconf 86' lang='lat' dir='ltr'>anemius</span> <span class='ocrx_word' id='word_1_258' title='bbox 736 2575 923 2653; x_wconf 88' lang='lat' dir='ltr'>investigata</span> <span class='ocrx_word' id='word_1_259' title='bbox 946 2575 1002 2645; x_wconf 78' lang='lat' dir='ltr'>sit)</span> <span class='ocrx_word' id='word_1_260' title='bbox 1026 2575 1055 2634; x_wconf 94' lang='lat' dir='ltr'>in</span> <span class='ocrx_word' id='word_1_261' title='bbox 1080 2574 1176 2636; x_wconf 91' lang='lat' dir='ltr'>lucem</span> <span class='ocrx_word' id='word_1_262' title='bbox 1198 2573 1284 2646; x_wconf 87' lang='lat' dir='ltr'>sisto,</span> <span class='ocrx_word' id='word_1_263' title='bbox 1311 2574 1451 2656; x_wconf 89' lang='lat' dir='ltr'>quodque</span> <span class='ocrx_word' id='word_1_264' title='bbox 1466 2574 1515 2632; x_wconf 85' lang='lat' dir='ltr'>hor</span> 
     </span>
     <span class='ocr_line' id='line_1_27' title="bbox 161 2661 1515 2742; baseline -0.001 -21"><span class='ocrx_word' id='word_1_265' title='bbox 161 2671 251 2742; x_wconf 87' lang='lat' dir='ltr'>pacto</span> <span class='ocrx_word' id='word_1_266' title='bbox 276 2661 494 2740; x_wconf 89' lang='lat' dir='ltr'>quodammodo</span> <span class='ocrx_word' id='word_1_267' title='bbox 523 2661 852 2742; x_wconf 71' lang='lat' dir='ltr'>philosophos&#39;omucs</span> <span class='ocrx_word' id='word_1_268' title='bbox 882 2663 1023 2724; x_wconf 90' lang='lat' dir='ltr'>cohortor</span> <span class='ocrx_word' id='word_1_269' title='bbox 1051 2664 1089 2724; x_wconf 93' lang='lat' dir='ltr'>ad</span> <span class='ocrx_word' id='word_1_270' title='bbox 1113 2662 1383 2740; x_wconf 87' lang='lat' dir='ltr'>investigationem</span> <span class='ocrx_word' id='word_1_271' title='bbox 1411 2680 1515 2722; x_wconf 85' lang='lat' dir='ltr'>causa-</span> 
     </span>
     <span class='ocr_line' id='line_1_28' title="bbox 160 2750 1516 2830; baseline -0.004 -17"><span class='ocrx_word' id='word_1_272' title='bbox 160 2765 320 2825; x_wconf 67' lang='lat' dir='ltr'>rum,&#39;cur</span> <span class='ocrx_word' id='word_1_273' title='bbox 338 2750 481 2827; x_wconf 86' lang='lat' dir='ltr'>planetae</span> <span class='ocrx_word' id='word_1_274' title='bbox 507 2768 561 2830; x_wconf 90' lang='lat' dir='ltr'>per</span> <span class='ocrx_word' id='word_1_275' title='bbox 590 2757 732 2829; x_wconf 88' lang='lat' dir='ltr'>aspectus</span> <span class='ocrx_word' id='word_1_276' title='bbox 762 2759 878 2813; x_wconf 89' lang='lat' dir='ltr'>tantum</span> <span class='ocrx_word' id='word_1_277' title='bbox 907 2757 1081 2830; x_wconf 89' lang='lat' dir='ltr'>operentur,</span> <span class='ocrx_word' id='word_1_278' title='bbox 1115 2770 1173 2812; x_wconf 93' lang='lat' dir='ltr'>non</span> <span class='ocrx_word' id='word_1_279' title='bbox 1202 2751 1274 2811; x_wconf 92' lang='lat' dir='ltr'>item</span> <span class='ocrx_word' id='word_1_280' title='bbox 1300 2753 1372 2824; x_wconf 89' lang='lat' dir='ltr'>(aut</span> <span class='ocrx_word' id='word_1_281' title='bbox 1395 2770 1454 2812; x_wconf 90' lang='lat' dir='ltr'>nou</span> <span class='ocrx_word' id='word_1_282' title='bbox 1478 2752 1516 2810; x_wconf 87' lang='lat' dir='ltr'>ita</span> 
     </span>
     <span class='ocr_line' id='line_1_29' title="bbox 162 2839 1516 2919; baseline -0.004 -18"><span class='ocrx_word' id='word_1_283' title='bbox 162 2839 296 2911; x_wconf 76' lang='lat' dir='ltr'>sortiter)</span> <span class='ocrx_word' id='word_1_284' title='bbox 320 2856 445 2916; x_wconf 89' lang='lat' dir='ltr'>perse:</span> <span class='ocrx_word' id='word_1_285' title='bbox 471 2857 577 2919; x_wconf 90' lang='lat' dir='ltr'>nempe</span> <span class='ocrx_word' id='word_1_286' title='bbox 601 2848 634 2900; x_wconf 90' lang='lat' dir='ltr'>ut</span> <span class='ocrx_word' id='word_1_287' title='bbox 658 2840 794 2919; x_wconf 82' lang='lat' dir='ltr'>exemplo</span> <span class='ocrx_word' id='word_1_288' title='bbox 819 2849 902 2914; x_wconf 90' lang='lat' dir='ltr'>utar,</span> <span class='ocrx_word' id='word_1_289' title='bbox 935 2849 1080 2902; x_wconf 87' lang='lat' dir='ltr'>curante</span> <span class='ocrx_word' id='word_1_290' title='bbox 1104 2841 1256 2902; x_wconf 88' lang='lat' dir='ltr'>octiduum</span> <span class='ocrx_word' id='word_1_291' title='bbox 1280 2857 1347 2900; x_wconf 88' lang='lat' dir='ltr'>curn</span> <span class='ocrx_word' id='word_1_292' title='bbox 1373 2840 1516 2901; x_wconf 86' lang='lat' dir='ltr'>distarent</span> 
     </span>
     <span class='ocr_line' id='line_1_30' title="bbox 160 2924 1516 3008; baseline -0.003 -19"><span class='ocrx_word' id='word_1_293' title='bbox 160 2925 181 3006; x_wconf 72' lang='lat' dir='ltr'>b</span> <span class='ocrx_word' id='word_1_294' title='bbox 205 2936 238 2989; x_wconf 90' lang='lat' dir='ltr'>et</span> <span class='ocrx_word' id='word_1_295' title='bbox 261 2937 286 2998; x_wconf 70' lang='grc' dir='ltr'>ό</span> <span class='ocrx_word' id='word_1_296' title='bbox 309 2946 352 3006; x_wconf 88' lang='lat' dir='ltr'>gr.</span> <span class='ocrx_word' id='word_1_297' title='bbox 378 2924 430 2999; x_wconf 82' lang='lat'>50,</span> <span class='ocrx_word' id='word_1_298' title='bbox 456 2947 514 2989; x_wconf 93' lang='lat' dir='ltr'>nou</span> <span class='ocrx_word' id='word_1_299' title='bbox 539 2928 649 2988; x_wconf 83' lang='lat' dir='ltr'>fuerint</span> <span class='ocrx_word' id='word_1_300' title='bbox 671 2929 791 3008; x_wconf 90' lang='lat' dir='ltr'>pluviae</span> <span class='ocrx_word' id='word_1_301' title='bbox 816 2937 848 2990; x_wconf 91' lang='lat' dir='ltr'>et</span> <span class='ocrx_word' id='word_1_302' title='bbox 871 2930 997 2991; x_wconf 86' lang='lat' dir='ltr'>nebulae</span> <span class='ocrx_word' id='word_1_303' title='bbox 1021 2937 1054 2990; x_wconf 90' lang='lat' dir='ltr'>et</span> <span class='ocrx_word' id='word_1_304' title='bbox 1076 2930 1170 3003; x_wconf 87' lang='lat' dir='ltr'>nives,</span> <span class='ocrx_word' id='word_1_305' title='bbox 1200 2928 1289 2989; x_wconf 91' lang='lat' dir='ltr'>hodie</span> <span class='ocrx_word' id='word_1_306' title='bbox 1313 2947 1382 2990; x_wconf 92' lang='lat' dir='ltr'>cum</span> <span class='ocrx_word' id='word_1_307' title='bbox 1407 2929 1516 2990; x_wconf 88' lang='lat' dir='ltr'>distant</span> 
     </span>
     <span class='ocr_line' id='line_1_31' title="bbox 161 3013 1515 3097; baseline -0.004 -18"><span class='ocrx_word' id='word_1_308' title='bbox 161 3036 205 3097; x_wconf 86' lang='lat' dir='ltr'>gr.</span> <span class='ocrx_word' id='word_1_309' title='bbox 232 3013 285 3090; x_wconf 85' lang='lat'>60,</span> <span class='ocrx_word' id='word_1_310' title='bbox 310 3015 371 3076; x_wconf 90' lang='lat' dir='ltr'>sint</span> <span class='ocrx_word' id='word_1_311' title='bbox 394 3015 484 3076; x_wconf 83' lang='lat' dir='ltr'>illae?</span> <span class='ocrx_word' id='word_1_312' title='bbox 508 3037 574 3077; x_wconf 92' lang='lat' dir='ltr'>cum</span> <span class='ocrx_word' id='word_1_313' title='bbox 598 3024 699 3078; x_wconf 90' lang='lat' dir='ltr'>tamen</span> <span class='ocrx_word' id='word_1_314' title='bbox 723 3019 900 3080; x_wconf 87' lang='lat' dir='ltr'>tantundem</span> <span class='ocrx_word' id='word_1_315' title='bbox 925 3019 998 3079; x_wconf 90' lang='lat' dir='ltr'>lucie</span> <span class='ocrx_word' id='word_1_316' title='bbox 1019 3018 1156 3097; x_wconf 89' lang='lat' dir='ltr'>utrinque</span> <span class='ocrx_word' id='word_1_317' title='bbox 1171 3017 1315 3090; x_wconf 89' lang='lat' dir='ltr'>habeant,</span> <span class='ocrx_word' id='word_1_318' title='bbox 1341 3018 1515 3096; x_wconf 87' lang='lat' dir='ltr'>eosdemque</span> 
     </span>
     <span class='ocr_line' id='line_1_32' title="bbox 163 3106 1514 3184; baseline -0.003 -17"><span class='ocrx_word' id='word_1_319' title='bbox 163 3107 223 3168; x_wconf 89' lang='lat' dir='ltr'>iere</span> <span class='ocrx_word' id='word_1_320' title='bbox 249 3114 331 3167; x_wconf 89' lang='lat' dir='ltr'>ortus</span> <span class='ocrx_word' id='word_1_321' title='bbox 356 3112 388 3164; x_wconf 89' lang='lat' dir='ltr'>et</span> <span class='ocrx_word' id='word_1_322' title='bbox 411 3124 537 3166; x_wconf 88' lang='lat' dir='ltr'>occasus</span> <span class='ocrx_word' id='word_1_323' title='bbox 561 3113 711 3168; x_wconf 90' lang='lat' dir='ltr'>tueantur.</span> <span class='ocrx_word' id='word_1_324' title='bbox 759 3106 889 3181; x_wconf 89' lang='lat' dir='ltr'>Quarto,</span> <span class='ocrx_word' id='word_1_325' title='bbox 916 3108 1020 3168; x_wconf 91' lang='lat' dir='ltr'>eadem</span> <span class='ocrx_word' id='word_1_326' title='bbox 1035 3107 1190 3168; x_wconf 84' lang='lat' dir='ltr'>excusatio</span> <span class='ocrx_word' id='word_1_327' title='bbox 1210 3107 1344 3184; x_wconf 91' lang='lat' dir='ltr'>pertinet</span> <span class='ocrx_word' id='word_1_328' title='bbox 1368 3106 1514 3167; x_wconf 85' lang='lat' dir='ltr'>etiamad</span> 
     </span>
     <span class='ocr_line' id='line_1_33' title="bbox 161 3193 1514 3275; baseline -0.004 -19"><span class='ocrx_word' id='word_1_329' title='bbox 161 3195 357 3275; x_wconf 87' lang='lat' dir='ltr'>appendicem</span> <span class='ocrx_word' id='word_1_330' title='bbox 386 3193 422 3253; x_wconf 89' lang='lat' dir='ltr'>de</span> <span class='ocrx_word' id='word_1_331' title='bbox 447 3193 561 3272; x_wconf 90' lang='lat' dir='ltr'>eclipsi.</span> <span class='ocrx_word' id='word_1_332' title='bbox 618 3196 749 3273; x_wconf 87' lang='lat' dir='ltr'>Magna</span> <span class='ocrx_word' id='word_1_333' title='bbox 782 3215 856 3258; x_wconf 90' lang='lat' dir='ltr'>sum</span> <span class='ocrx_word' id='word_1_334' title='bbox 888 3215 974 3257; x_wconf 90' lang='lat' dir='ltr'>usus</span> <span class='ocrx_word' id='word_1_335' title='bbox 1011 3196 1264 3268; x_wconf 88' lang='lat' dir='ltr'>immodestia,</span> <span class='ocrx_word' id='word_1_336' title='bbox 1301 3195 1332 3255; x_wconf 92' lang='lat' dir='ltr'>si</span> <span class='ocrx_word' id='word_1_337' title='bbox 1367 3195 1514 3273; x_wconf 86' lang='lat' dir='ltr'>prodeat</span> 
     </span>
     <span class='ocr_line' id='line_1_34' title="bbox 160 3282 1512 3363; baseline -0.002 -19"><span class='ocrx_word' id='word_1_338' title='bbox 160 3284 227 3344; x_wconf 92' lang='lat' dir='ltr'>hoc</span> <span class='ocrx_word' id='word_1_339' title='bbox 258 3283 537 3362; x_wconf 91' lang='lat' dir='ltr'>prognosticum</span> <span class='ocrx_word' id='word_1_340' title='bbox 571 3283 604 3343; x_wconf 92' lang='lat' dir='ltr'>in</span> <span class='ocrx_word' id='word_1_341' title='bbox 640 3282 882 3347; x_wconf 87' lang='lat' dir='ltr'>Germaniam.</span> <span class='ocrx_word' id='word_1_342' title='bbox 938 3284 1125 3346; x_wconf 86' lang='lat' dir='ltr'>Audacter</span> <span class='ocrx_word' id='word_1_343' title='bbox 1155 3284 1358 3363; x_wconf 91' lang='lat' dir='ltr'>pulliceor,</span> <span class='ocrx_word' id='word_1_344' title='bbox 1394 3291 1512 3344; x_wconf 91' lang='lat' dir='ltr'>osten-</span> 
     </span>
     <span class='ocr_line' id='line_1_35' title="bbox 159 3369 1512 3454; baseline -0.004 -20"><span class='ocrx_word' id='word_1_345' title='bbox 159 3374 246 3434; x_wconf 91' lang='lat' dir='ltr'>dere</span> <span class='ocrx_word' id='word_1_346' title='bbox 270 3391 320 3432; x_wconf 89' lang='lat' dir='ltr'>me</span> <span class='ocrx_word' id='word_1_347' title='bbox 344 3390 455 3450; x_wconf 87' lang='lat' dir='ltr'>posse</span> <span class='ocrx_word' id='word_1_348' title='bbox 479 3379 679 3434; x_wconf 87' lang='lat' dir='ltr'>tractatum</span> <span class='ocrx_word' id='word_1_349' title='bbox 699 3373 882 3452; x_wconf 85' lang='lat' dir='ltr'>integrum</span> <span class='ocrx_word' id='word_1_350' title='bbox 907 3374 947 3435; x_wconf 89' lang='lat' dir='ltr'>de</span> <span class='ocrx_word' id='word_1_351' title='bbox 973 3393 1027 3447; x_wconf 90' lang='lat' dir='ltr'>ea,</span> <span class='ocrx_word' id='word_1_352' title='bbox 1054 3374 1173 3454; x_wconf 90' lang='lat' dir='ltr'>qualis</span> <span class='ocrx_word' id='word_1_353' title='bbox 1197 3390 1283 3433; x_wconf 91' lang='lat' dir='ltr'>vero</span> <span class='ocrx_word' id='word_1_354' title='bbox 1308 3369 1512 3433; x_wconf 83' lang='lat' dir='ltr'>tractatus?</span> 
     </span>
     <span class='ocr_line' id='line_1_36' title="bbox 159 3457 1511 3541; baseline -0.006 -17"><span class='ocrx_word' id='word_1_355' title='bbox 159 3462 291 3525; x_wconf 90' lang='lat' dir='ltr'>Nullus</span> <span class='ocrx_word' id='word_1_356' title='bbox 317 3459 446 3535; x_wconf 90' lang='lat' dir='ltr'>adhuc,</span> <span class='ocrx_word' id='word_1_357' title='bbox 472 3461 505 3522; x_wconf 89' lang='lat' dir='ltr'>si</span> <span class='ocrx_word' id='word_1_358' title='bbox 528 3479 649 3523; x_wconf 90' lang='lat' dir='ltr'>verum</span> <span class='ocrx_word' id='word_1_359' title='bbox 675 3463 805 3525; x_wconf 88' lang='lat' dir='ltr'>fatear.</span> <span class='ocrx_word' id='word_1_360' title='bbox 854 3462 914 3524; x_wconf 88' lang='lat' dir='ltr'>Sed</span> <span class='ocrx_word' id='word_1_361' title='bbox 940 3471 1038 3524; x_wconf 85' lang='lat' dir='ltr'>tamen</span> <span class='ocrx_word' id='word_1_362' title='bbox 1064 3464 1090 3524; x_wconf 90' lang='lat' dir='ltr'>si</span> <span class='ocrx_word' id='word_1_363' title='bbox 1115 3462 1181 3541; x_wconf 87' lang='lat' dir='ltr'>quis</span> <span class='ocrx_word' id='word_1_364' title='bbox 1205 3467 1339 3541; x_wconf 87' lang='lat' dir='ltr'>peteret,</span> <span class='ocrx_word' id='word_1_365' title='bbox 1365 3457 1511 3522; x_wconf 87' lang='lat' dir='ltr'>Maestliui</span> 
     </span>
     <span class='ocr_line' id='line_1_37' title="bbox 124 3542 1511 3629; baseline -0.006 -17"><span class='ocrx_word' id='word_1_366' title='bbox 124 3542 266 3613; x_wconf 81' lang='lat' dir='ltr'>&#39;literae</span> <span class='ocrx_word' id='word_1_367' title='bbox 290 3568 345 3629; x_wconf 92' lang='lat' dir='ltr'>pro</span> <span class='ocrx_word' id='word_1_368' title='bbox 370 3568 416 3609; x_wconf 92' lang='lat' dir='ltr'>me</span> <span class='ocrx_word' id='word_1_369' title='bbox 442 3550 643 3629; x_wconf 89' lang='lat' dir='ltr'>loquerentur,</span> <span class='ocrx_word' id='word_1_370' title='bbox 669 3551 717 3612; x_wconf 92' lang='lat' dir='ltr'>ubi</span> <span class='ocrx_word' id='word_1_371' title='bbox 742 3552 869 3613; x_wconf 86' lang='lat' dir='ltr'>maxime</span> <span class='ocrx_word' id='word_1_372' title='bbox 894 3571 1018 3612; x_wconf 89' lang='lat' dir='ltr'>necesse</span> <span class='ocrx_word' id='word_1_373' title='bbox 1042 3561 1136 3613; x_wconf 88' lang='lat' dir='ltr'>esset.</span> <span class='ocrx_word' id='word_1_374' title='bbox 1182 3551 1262 3612; x_wconf 89' lang='lat' dir='ltr'>Nam</span> <span class='ocrx_word' id='word_1_375' title='bbox 1288 3550 1398 3612; x_wconf 88' lang='lat' dir='ltr'>statim</span> <span class='ocrx_word' id='word_1_376' title='bbox 1420 3567 1511 3612; x_wconf 87' lang='lat' dir='ltr'>mense</span> 
     </span>
     <span class='ocr_line' id='line_1_38' title="bbox 159 3636 1509 3722; baseline -0.004 -22"><span class='ocrx_word' id='word_1_377' title='bbox 159 3639 272 3702; x_wconf 90' lang='lat' dir='ltr'>Martio</span> <span class='ocrx_word' id='word_1_378' title='bbox 306 3638 403 3700; x_wconf 90' lang='lat' dir='ltr'>adhuc</span> <span class='ocrx_word' id='word_1_379' title='bbox 434 3637 541 3718; x_wconf 89' lang='lat' dir='ltr'>scripsi</span> <span class='ocrx_word' id='word_1_380' title='bbox 571 3638 610 3700; x_wconf 89' lang='lat' dir='ltr'>ad</span> <span class='ocrx_word' id='word_1_381' title='bbox 634 3636 653 3702; x_wconf 83' lang='lat'>3</span> <span class='ocrx_word' id='word_1_382' title='bbox 677 3641 821 3720; x_wconf 90' lang='lat' dir='ltr'>paginas,</span> <span class='ocrx_word' id='word_1_383' title='bbox 856 3640 1029 3722; x_wconf 90' lang='lat' dir='ltr'>petentibus</span> <span class='ocrx_word' id='word_1_384' title='bbox 1057 3640 1102 3702; x_wconf 89' lang='lat' dir='ltr'>ita</span> <span class='ocrx_word' id='word_1_385' title='bbox 1131 3638 1311 3719; x_wconf 88' lang='lat' dir='ltr'>quibusdam</span> <span class='ocrx_word' id='word_1_386' title='bbox 1335 3638 1509 3708; x_wconf 87' lang='lat' dir='ltr'>Abbatihus,</span> 
     </span>
     <span class='ocr_line' id='line_1_39' title="bbox 160 3725 1508 3808; baseline -0.002 -19"><span class='ocrx_word' id='word_1_387' title='bbox 160 3729 215 3789; x_wconf 89' lang='lat' dir='ltr'>sed</span> <span class='ocrx_word' id='word_1_388' title='bbox 238 3726 423 3807; x_wconf 89' lang='lat' dir='ltr'>populariter</span> <span class='ocrx_word' id='word_1_389' title='bbox 459 3727 523 3788; x_wconf 90' lang='lat' dir='ltr'>sine</span> <span class='ocrx_word' id='word_1_390' title='bbox 553 3737 693 3807; x_wconf 91' lang='lat' dir='ltr'>computo</span> <span class='ocrx_word' id='word_1_391' title='bbox 721 3729 830 3790; x_wconf 90' lang='lat' dir='ltr'>seriem</span> <span class='ocrx_word' id='word_1_392' title='bbox 855 3730 984 3808; x_wconf 82' lang='lat' dir='ltr'>explicui</span> <span class='ocrx_word' id='word_1_393' title='bbox 1013 3737 1103 3791; x_wconf 89' lang='lat' dir='ltr'>natae</span> <span class='ocrx_word' id='word_1_394' title='bbox 1128 3728 1278 3808; x_wconf 89' lang='lat' dir='ltr'>paulatim</span> <span class='ocrx_word' id='word_1_395' title='bbox 1301 3728 1381 3790; x_wconf 81' lang='lat' dir='ltr'>artis</span> <span class='ocrx_word' id='word_1_396' title='bbox 1403 3747 1441 3788; x_wconf 87' lang='lat' dir='ltr'>ex</span> <span class='ocrx_word' id='word_1_397' title='bbox 1462 3725 1508 3787; x_wconf 89' lang='lat' dir='ltr'>ob·</span> 
     </span>
     <span class='ocr_line' id='line_1_40' title="bbox 160 3816 1555 3897; baseline -0.006 -19"><span class='ocrx_word' id='word_1_398' title='bbox 160 3816 398 3885; x_wconf 88' lang='lat' dir='ltr'>servationibus,</span> <span class='ocrx_word' id='word_1_399' title='bbox 434 3816 659 3897; x_wconf 81' lang='lat' dir='ltr'>hypothesibus,</span> <span class='ocrx_word' id='word_1_400' title='bbox 685 3817 815 3890; x_wconf 88' lang='lat' dir='ltr'>tabulis,</span> <span class='ocrx_word' id='word_1_401' title='bbox 851 3818 1091 3896; x_wconf 88' lang='lat' dir='ltr'>ephemeridibus</span> <span class='ocrx_word' id='word_1_402' title='bbox 1119 3835 1212 3897; x_wconf 88' lang='lat' dir='ltr'>usque</span> <span class='ocrx_word' id='word_1_403' title='bbox 1244 3817 1282 3877; x_wconf 88' lang='lat' dir='ltr'>ad</span> <span class='ocrx_word' id='word_1_404' title='bbox 1306 3816 1506 3896; x_wconf 87' lang='lat' dir='ltr'>prognostica:</span> <span class='ocrx_word' id='word_1_405' title='bbox 1553 3816 1555 3825; x_wconf 92' lang='lat'>&#39;</span> 
     </span>
     <span class='ocr_line' id='line_1_41' title="bbox 162 3902 1504 3983; baseline -0.004 -15"><span class='ocrx_word' id='word_1_406' title='bbox 162 3905 264 3968; x_wconf 91' lang='lat' dir='ltr'>addidi</span> <span class='ocrx_word' id='word_1_407' title='bbox 290 3904 523 3983; x_wconf 90' lang='lat' dir='ltr'>descriptionem</span> <span class='ocrx_word' id='word_1_408' title='bbox 548 3906 897 3979; x_wconf 74' lang='lat' dir='ltr'>meaeubservationis,</span> <span class='ocrx_word' id='word_1_409' title='bbox 923 3907 1022 3968; x_wconf 90' lang='lat' dir='ltr'>omnia</span> <span class='ocrx_word' id='word_1_410' title='bbox 1046 3907 1084 3968; x_wconf 92' lang='lat' dir='ltr'>ad</span> <span class='ocrx_word' id='word_1_411' title='bbox 1109 3923 1206 3967; x_wconf 90' lang='lat' dir='ltr'>meum</span> <span class='ocrx_word' id='word_1_412' title='bbox 1230 3905 1421 3967; x_wconf 90' lang='lat' dir='ltr'>commodum</span> <span class='ocrx_word' id='word_1_413' title='bbox 1443 3902 1504 3965; x_wconf 90' lang='lat' dir='ltr'>mei·</span> 
     </span>
     <span class='ocr_line' id='line_1_42' title="bbox 161 3988 1555 4075; baseline -0.006 -18"><span class='ocrx_word' id='word_1_414' title='bbox 161 4014 216 4074; x_wconf 89' lang='lat' dir='ltr'>que</span> <span class='ocrx_word' id='word_1_415' title='bbox 242 3994 332 4055; x_wconf 85' lang='lat' dir='ltr'>oflicii</span> <span class='ocrx_word' id='word_1_416' title='bbox 362 3994 567 4056; x_wconf 88' lang='lat' dir='ltr'>fundationem</span> <span class='ocrx_word' id='word_1_417' title='bbox 597 3993 702 4057; x_wconf 87' lang='lat' dir='ltr'>direxi.</span> <span class='ocrx_word' id='word_1_418' title='bbox 748 3996 844 4058; x_wconf 87' lang='lat' dir='ltr'>Nemo</span> <span class='ocrx_word' id='word_1_419' title='bbox 878 4004 979 4057; x_wconf 85' lang='lat' dir='ltr'>tamen</span> <span class='ocrx_word' id='word_1_420' title='bbox 1008 3995 1038 4057; x_wconf 92' lang='lat' dir='ltr'>id</span> <span class='ocrx_word' id='word_1_421' title='bbox 1072 3995 1150 4074; x_wconf 87' lang='lat' dir='ltr'>quod</span> <span class='ocrx_word' id='word_1_422' title='bbox 1184 3994 1292 4075; x_wconf 88' lang='lat' dir='ltr'>scripsi</span> <span class='ocrx_word' id='word_1_423' title='bbox 1324 3995 1410 4056; x_wconf 90' lang='lat' dir='ltr'>vidit.</span> <span class='ocrx_word' id='word_1_424' title='bbox 1455 3988 1503 4053; x_wconf 91' lang='lat' dir='ltr'>Sed</span> <span class='ocrx_word' id='word_1_425' title='bbox 1552 4002 1555 4037; x_wconf 81' lang='lat'><strong>¹</strong></span> 
     </span>
     <span class='ocr_line' id='line_1_43' title="bbox 160 4079 1502 4164; baseline -0.003 -20"><span class='ocrx_word' id='word_1_426' title='bbox 160 4084 257 4161; x_wconf 88' lang='lat' dir='ltr'>major</span> <span class='ocrx_word' id='word_1_427' title='bbox 286 4082 429 4143; x_wconf 86' lang='lat' dir='ltr'>fortassis</span> <span class='ocrx_word' id='word_1_428' title='bbox 458 4084 586 4144; x_wconf 89' lang='lat' dir='ltr'>audacia</span> <span class='ocrx_word' id='word_1_429' title='bbox 617 4083 837 4163; x_wconf 89' lang='lat' dir='ltr'>interponentis</span> <span class='ocrx_word' id='word_1_430' title='bbox 866 4104 934 4146; x_wconf 90' lang='lat' dir='ltr'>sese</span> <span class='ocrx_word' id='word_1_431' title='bbox 967 4085 1047 4145; x_wconf 87' lang='lat' dir='ltr'>inter</span> <span class='ocrx_word' id='word_1_432' title='bbox 1074 4084 1229 4164; x_wconf 91' lang='lat' dir='ltr'>opiniones</span> <span class='ocrx_word' id='word_1_433' title='bbox 1258 4082 1417 4145; x_wconf 85' lang='lat' dir='ltr'>artificum.</span> <span class='ocrx_word' id='word_1_434' title='bbox 1460 4079 1502 4140; x_wconf 77' lang='lat' dir='ltr'>hir</span> 
     </span>
     <span class='ocr_line' id='line_1_44' title="bbox 161 4170 1501 4253; baseline -0.005 -20"><span class='ocrx_word' id='word_1_435' title='bbox 161 4173 239 4234; x_wconf 91' lang='lat' dir='ltr'>enim</span> <span class='ocrx_word' id='word_1_436' title='bbox 263 4177 479 4243; x_wconf 75' lang='lat' dir='ltr'>mutantium,</span> <span class='ocrx_word' id='word_1_437' title='bbox 505 4173 582 4252; x_wconf 89' lang='lat' dir='ltr'>quod</span> <span class='ocrx_word' id='word_1_438' title='bbox 607 4173 667 4234; x_wconf 88' lang='lat' dir='ltr'>ista</span> <span class='ocrx_word' id='word_1_439' title='bbox 685 4173 849 4235; x_wconf 89' lang='lat' dir='ltr'>vernacula</span> <span class='ocrx_word' id='word_1_440' title='bbox 871 4173 974 4253; x_wconf 91' lang='lat' dir='ltr'>lingua</span> <span class='ocrx_word' id='word_1_441' title='bbox 998 4174 1141 4248; x_wconf 88' lang='lat' dir='ltr'>scribam,</span> <span class='ocrx_word' id='word_1_442' title='bbox 1167 4172 1221 4234; x_wconf 88' lang='lat' dir='ltr'>sed</span> <span class='ocrx_word' id='word_1_443' title='bbox 1246 4172 1350 4247; x_wconf 87' lang='lat' dir='ltr'>etiam,</span> <span class='ocrx_word' id='word_1_444' title='bbox 1377 4171 1451 4252; x_wconf 90' lang='lat' dir='ltr'>quud</span> <span class='ocrx_word' id='word_1_445' title='bbox 1471 4170 1501 4228; x_wconf 82' lang='lat' dir='ltr'>its</span> 
     </span>
     <span class='ocr_line' id='line_1_45' title="bbox 160 4258 1500 4341; baseline -0.001 -19"><span class='ocrx_word' id='word_1_446' title='bbox 160 4262 300 4334; x_wconf 89' lang='lat' dir='ltr'>seutiam,</span> <span class='ocrx_word' id='word_1_447' title='bbox 326 4260 493 4322; x_wconf 89' lang='lat' dir='ltr'>miraberis.</span> <span class='ocrx_word' id='word_1_448' title='bbox 540 4263 671 4323; x_wconf 84' lang='lat' dir='ltr'>Feceras</span> <span class='ocrx_word' id='word_1_449' title='bbox 694 4269 727 4323; x_wconf 95' lang='lat' dir='ltr'>tu</span> <span class='ocrx_word' id='word_1_450' title='bbox 751 4263 931 4324; x_wconf 86' lang='lat' dir='ltr'>mentionem</span> <span class='ocrx_word' id='word_1_451' title='bbox 956 4262 1054 4341; x_wconf 83' lang='lat' dir='ltr'>obiter</span> <span class='ocrx_word' id='word_1_452' title='bbox 1072 4261 1282 4323; x_wconf 88' lang='lat' dir='ltr'>diminuendae</span> <span class='ocrx_word' id='word_1_453' title='bbox 1302 4258 1500 4340; x_wconf 63' lang='lat' dir='ltr'>tremamus</span> 
     </span>
     <span class='ocr_line' id='line_1_46' title="bbox 160 4342 1495 4438; baseline -0.001 -25"><span class='ocrx_word' id='word_1_454' title='bbox 160 4350 291 4423; x_wconf 83' lang='lat' dir='ltr'>Solaria,</span> <span class='ocrx_word' id='word_1_455' title='bbox 326 4368 385 4428; x_wconf 89' lang='lat' dir='ltr'>qua</span> <span class='ocrx_word' id='word_1_456' title='bbox 415 4358 446 4411; x_wconf 94' lang='lat' dir='ltr'>et</span> <span class='ocrx_word' id='word_1_457' title='bbox 468 4355 746 4430; x_wconf 75' lang='grc' dir='ltr'><strong><em>προσθαφαιρεσεις</em></strong></span> <span class='ocrx_word' id='word_1_458' title='bbox 771 4351 1014 4414; x_wconf 89' lang='lat' dir='ltr'>diminuerentur.</span> <span class='ocrx_word' id='word_1_459' title='bbox 1062 4352 1097 4413; x_wconf 94' lang='lat' dir='ltr'>Id</span> <span class='ocrx_word' id='word_1_460' title='bbox 1124 4369 1183 4430; x_wconf 87' lang='lat' dir='ltr'>ego</span> <span class='ocrx_word' id='word_1_461' title='bbox 1211 4350 1254 4412; x_wconf 88' lang='lat' dir='ltr'>uti</span> <span class='ocrx_word' id='word_1_462' title='bbox 1280 4350 1381 4412; x_wconf 81' lang='lat' dir='ltr'>obiter</span> <span class='ocrx_word' id='word_1_463' title='bbox 1400 4342 1495 4438; x_wconf 61' lang='lat' dir='ltr'>scripu}</span> 
     </span>
     <span class='ocr_line' id='line_1_47' title="bbox 160 4437 1494 4521; baseline -0.006 -20"><span class='ocrx_word' id='word_1_464' title='bbox 160 4441 204 4502; x_wconf 92' lang='lat' dir='ltr'>sic</span> <span class='ocrx_word' id='word_1_465' title='bbox 228 4439 321 4500; x_wconf 89' lang='lat' dir='ltr'>etiam</span> <span class='ocrx_word' id='word_1_466' title='bbox 344 4437 442 4500; x_wconf 93' lang='lat' dir='ltr'>obiter</span> <span class='ocrx_word' id='word_1_467' title='bbox 457 4440 639 4512; x_wconf 84' lang='lat' dir='ltr'>confirmavi,</span> <span class='ocrx_word' id='word_1_468' title='bbox 664 4440 790 4502; x_wconf 89' lang='lat' dir='ltr'>dicendo</span> <span class='ocrx_word' id='word_1_469' title='bbox 814 4460 852 4501; x_wconf 81' lang='lat' dir='ltr'>ex</span> <span class='ocrx_word' id='word_1_470' title='bbox 876 4441 1079 4520; x_wconf 88' lang='lat' dir='ltr'>magnitudine</span> <span class='ocrx_word' id='word_1_471' title='bbox 1101 4440 1229 4502; x_wconf 88' lang='lat' dir='ltr'>aestatis</span> <span class='ocrx_word' id='word_1_472' title='bbox 1240 4458 1304 4518; x_wconf 38' lang='lat' dir='ltr'>‚non</span> <span class='ocrx_word' id='word_1_473' title='bbox 1321 4457 1411 4521; x_wconf 89' lang='lat' dir='ltr'>posse</span> <span class='ocrx_word' id='word_1_474' title='bbox 1424 4441 1494 4497; x_wconf 66' lang='lat' dir='ltr'>aaut</span> 
     </span>
     <span class='ocr_line' id='line_1_48' title="bbox 160 4525 1555 4609; baseline -0.004 -19"><span class='ocrx_word' id='word_1_475' title='bbox 160 4530 198 4590; x_wconf 89' lang='lat' dir='ltr'>de</span> <span class='ocrx_word' id='word_1_476' title='bbox 222 4525 459 4602; x_wconf 86' lang='lat' dir='ltr'>eccentricitate‚</span> <span class='ocrx_word' id='word_1_477' title='bbox 484 4536 608 4608; x_wconf 88' lang='lat' dir='ltr'>propter</span> <span class='ocrx_word' id='word_1_478' title='bbox 632 4529 803 4609; x_wconf 89' lang='lat' dir='ltr'>analogiam</span> <span class='ocrx_word' id='word_1_479' title='bbox 828 4530 1013 4608; x_wconf 90' lang='lat' dir='ltr'>superiorum</span> <span class='ocrx_word' id='word_1_480' title='bbox 1042 4530 1232 4608; x_wconf 87' lang='lat' dir='ltr'>planetarum</span> <span class='ocrx_word' id='word_1_481' title='bbox 1257 4529 1288 4590; x_wconf 93' lang='lat' dir='ltr'>iu</span> <span class='ocrx_word' id='word_1_482' title='bbox 1308 4525 1492 4609; x_wconf 58' lang='lat' dir='ltr'>&gt;aequantibus</span> <span class='ocrx_word' id='word_1_483' title='bbox 1550 4546 1555 4555; x_wconf 92' lang='lat'>·</span> 
     </span>
     <span class='ocr_line' id='line_1_49' title="bbox 161 4609 1489 4698; baseline -0.001 -19"><span class='ocrx_word' id='word_1_484' title='bbox 161 4636 237 4697; x_wconf 87' lang='lat' dir='ltr'>quae</span> <span class='ocrx_word' id='word_1_485' title='bbox 261 4616 364 4695; x_wconf 92' lang='lat' dir='ltr'>utique</span> <span class='ocrx_word' id='word_1_486' title='bbox 389 4618 480 4678; x_wconf 89' lang='lat' dir='ltr'>etism</span> <span class='ocrx_word' id='word_1_487' title='bbox 505 4616 608 4678; x_wconf 90' lang='lat' dir='ltr'>Solem</span> <span class='ocrx_word' id='word_1_488' title='bbox 632 4626 750 4691; x_wconf 87' lang='lat' dir='ltr'>teneat,</span> <span class='ocrx_word' id='word_1_489' title='bbox 776 4618 801 4678; x_wconf 89' lang='lat' dir='ltr'>si</span> <span class='ocrx_word' id='word_1_490' title='bbox 826 4618 959 4680; x_wconf 89' lang='lat' dir='ltr'>rationes</span> <span class='ocrx_word' id='word_1_491' title='bbox 982 4618 1208 4697; x_wconf 88' lang='lat' dir='ltr'>philosophicas</span> <span class='ocrx_word' id='word_1_492' title='bbox 1232 4635 1404 4698; x_wconf 87' lang='lat' dir='ltr'>sequamur.</span> <span class='ocrx_word' id='word_1_493' title='bbox 1444 4609 1489 4669; x_wconf 71' lang='lat' dir='ltr'>Vt·</span> 
     </span>
     <span class='ocr_line' id='line_1_50' title="bbox 161 4704 1554 4786; baseline -0.003 -19"><span class='ocrx_word' id='word_1_494' title='bbox 161 4724 226 4767; x_wconf 88' lang='lat' dir='ltr'>mm</span> <span class='ocrx_word' id='word_1_495' title='bbox 250 4708 319 4768; x_wconf 92' lang='lat' dir='ltr'>dum</span> <span class='ocrx_word' id='word_1_496' title='bbox 343 4704 419 4768; x_wconf 88' lang='lat' dir='ltr'>bene</span> <span class='ocrx_word' id='word_1_497' title='bbox 433 4706 595 4786; x_wconf 87' lang='lat' dir='ltr'>perpendo,</span> <span class='ocrx_word' id='word_1_498' title='bbox 620 4707 740 4768; x_wconf 91' lang='lat' dir='ltr'>invenio</span> <span class='ocrx_word' id='word_1_499' title='bbox 764 4707 802 4768; x_wconf 91' lang='lat' dir='ltr'>ad</span> <span class='ocrx_word' id='word_1_500' title='bbox 822 4707 990 4786; x_wconf 86' lang='lat' dir='ltr'>juvandum</span> <span class='ocrx_word' id='word_1_501' title='bbox 1004 4707 1152 4770; x_wconf 86' lang='lat' dir='ltr'>calculum</span> <span class='ocrx_word' id='word_1_502' title='bbox 1170 4706 1338 4769; x_wconf 89' lang='lat' dir='ltr'>vernulium</span> <span class='ocrx_word' id='word_1_503' title='bbox 1352 4709 1487 4767; x_wconf 78' lang='lat' dir='ltr'>ermun-</span> <span class='ocrx_word' id='word_1_504' title='bbox 1550 4726 1554 4733; x_wconf 57' lang='lat'>¹</span> 
     </span>
    </p>
   </div>
   <div class='ocr_carea' id='block_1_3' title="bbox 0 0 1688 5482">
    <p class='ocr_par' dir='ltr' id='par_1_3' title="bbox 0 0 1688 5482">
     <span class='ocr_line' id='line_1_51' title="bbox 0 0 1688 5482; baseline 0 1"><span class='ocrx_word' id='word_1_505' title='bbox 0 0 1688 5482; x_wconf 95' lang='lat' dir='ltr'> </span> 
     </span>
    </p>
   </div>
  </div>
 </body>
</html>
