3366 5482
149 348 153 353 ι
234 268 303 342 m
655 268 1169 337 umfflfliomnqnounmo

234 444 267 496 st
289 438 529 510 temperamenta
552 430 652 492 simul.
700 430 827 492 Nonnisi
851 429 935 510 origo
957 431 1111 510 utriusque
1135 444 1172 492 et
1197 430 1296 492 animo
1319 440 1414 508 osset,
1437 438 1591 511 artopta-

235 530 285 584 set
306 538 374 582 cum
398 520 549 580 contrariu
573 520 748 598 permutari.
796 517 876 588 Quid
901 526 934 580 tu
952 518 1043 597 jam?
1090 517 1325 591 inclinationes,
1349 518 1417 596 als,
1439 520 1593 583 mutantur

233 630 301 673 curn
325 608 497 679 aetatibus;
522 620 556 669 at
580 627 637 669 oon
660 616 870 686 permutantur
893 608 1068 680 contrariis,
1092 609 1147 669 sed
1170 606 1398 682 imminuuntur,
1431 618 1591 671 traam

236 700 266 761 in
289 709 437 776 cognatos
461 697 623 775 proximos,
648 706 808 774 praeterea
831 697 887 757 hoc
911 697 985 757 nihil
1008 697 1046 757 ad
1070 717 1143 760 rem.
1191 697 1351 760 Inclinatio
1364 698 1447 760 enim
1469 697 1515 759 aic
1537 716 1591 760 ao·

149 830 152 837 ·
235 798 327 867 cepta
349 788 384 846 tit
406 786 688 865 particularissima,
721 796 755 846 ut
777 787 860 865 pueri
885 786 923 846 ad
947 804 1049 846 nucea.
1095 784 1162 865 Ego
1186 800 1258 847 uero
1281 787 1387 867 loquor
1409 787 1448 848 de
1469 786 1592 848 notra

237 875 294 939 sali
319 874 496 937 charactere
520 873 756 949 inclinationum,
781 875 830 954 qui
853 875 957 952 negari
977 893 1034 935 non
1049 880 1162 954 potest,
1186 882 1372 956 apparetque
1384 892 1442 955 pru
1457 882 1592 939 aetatum

235 964 421 1032 conditione,
451 961 620 1024 euidentius
644 962 736 1037 alias,
770 962 848 1024 alieis
873 962 1038 1025 obscurius.
1085 963 1243 1042 Nusquam
1266 972 1299 1025 tu
1323 960 1475 1043 copiosius
1498 982 1591 1044 argn-

235 1052 381 1116 mootaris
405 1052 573 1132 probosque
598 1052 701 1124 valde,
735 1052 876 1130 conjungi
907 1062 1148 1129 temperamenta
1172 1053 1416 1114 inclinationibus
1448 1061 1483 1114 et
1504 1052 1593 1115 aiunl

236 1141 398 1203 immutari.
446 1138 541 1208 Quasi
572 1158 628 1220 ego
659 1141 714 1201 hoc
742 1142 931 1218 negaverim!
979 1142 1061 1200 l'era
1086 1141 1176 1210 dicis,
1209 1150 1325 1202 tantum
1349 1158 1388 1202 ne
1411 1141 1513 1214 dicas,
1545 1141 1593 1203 nel

237 1237 476 1309 temperamenta
499 1228 546 1289 vel
571 1229 780 1290 inclinationes
804 1227 984 1290 naturaliter
1010 1247 1100 1308 posse
1120 1231 1284 1308 permutari
1307 1230 1398 1310 plane
1421 1226 1591 1311 conontiis

235 1312 271 1383 lo
295 1319 351 1381 huc
375 1318 468 1378 etiam
492 1317 641 1395 pervertis
665 1337 763 1377 aream
786 1319 988 1379 sententiam:
1014 1318 1082 1378 dum
1105 1318 1225 1397 scripsi,
1250 1329 1284 1379 ut
1306 1319 1412 1380 oculus
1435 1319 1474 1380 ad
1494 1314 1592 1380 album

235 1417 267 1469 at
290 1407 422 1485 nigrum,
457 1407 500 1465 sic
524 1407 640 1467 arsimus
664 1407 702 1465 ad
727 1406 800 1466 haec
824 1412 908 1482 naor,
939 1407 1084 1466 coelestia
1109 1407 1259 1485 (intellige
1283 1407 1472 1486 praemissa:
1507 1407 1591 1479 forta,

235 1496 345 1567 debile,
372 1494 569 1573 errrythmon,
594 1497 817 1567 anarmostun),
843 1495 988 1573 intelligis
1012 1506 1044 1555 tu
1064 1496 1102 1555 ad
1118 1496 1352 1567 inclinationem,
1379 1504 1412 1555 ut
1436 1494 1518 1557 tarta
1539 1496 1592 1558 tt.

237 1583 319 1646 hiala
343 1592 376 1644 tu
400 1600 471 1660 ergo
495 1583 683 1643 refutatums
716 1602 810 1661 negas
834 1583 863 1643 in
887 1584 971 1644 coelo
1004 1581 1229 1657 inclinationes,
1264 1593 1297 1645 ut
1319 1580 1416 1644 furta:
1446 1596 1515 1645 cum
1537 1592 1592 1663 ego

235 1672 282 1735 his
307 1671 406 1732 verbis
430 1670 504 1731 nihil
528 1671 608 1731 aliud
634 1671 754 1749 egerim.
801 1672 869 1733 Non
894 1682 964 1750 pcto
989 1680 1063 1741 ate,
1087 1672 1126 1732 mi
1142 1670 1270 1745 Fabrici,
1296 1681 1330 1733 ut
1347 1670 1444 1733 multa
1465 1671 1592 1745 scribas,

133 1758 142 1773 '
235 1762 289 1822 sed
314 1770 346 1821 ut
371 1779 407 1820 ex
433 1760 633 1820 fundamentis
658 1761 732 1820 bene
757 1762 951 1821 collectarum
976 1760 1201 1839 cogitationum.
1249 1762 1294 1822 Tu
1316 1778 1464 1839 namque,
1494 1759 1522 1823 si
1544 1776 1593 1822 rc-

238 1850 367 1930 legisses
392 1869 458 1909 mea
482 1857 514 1908 et
536 1859 598 1919 tua,
624 1849 752 1910 vidisses
775 1867 831 1909 nos
855 1849 902 1909 hic
927 1849 1006 1909 idem
1029 1867 1130 1927 agere.

326 1938 359 1999 ln
384 1937 477 1997 astris
502 1937 576 2016 ipsis
601 1936 710 1998 nudam
734 1937 920 1998 caliditatem
946 1947 977 1997 et
1001 1937 1096 1998 lucem
1110 1935 1232 2010 statuis,
1257 1955 1351 2015 negas
1371 1934 1592 2009 inclinationes,

240 2027 445 2107 ipse'quoque
470 2026 689 2103 explicaturus.
723 2026 871 2105 quomodo
904 2025 1113 2087 inclinationes
1145 2048 1164 2084 a
1192 2025 1285 2088 coeio.
1334 2024 1426 2087 Nuda
1457 2026 1535 2087 haec
1565 2024 1593 2088 in

238 2116 332 2176 astris
355 2115 486 2175 colloco:
512 2114 621 2186 lucem,
646 2114 782 2184 mbeum,
809 2114 971 2193 fulgidum,
996 2115 1153 2193 pallidum,
1178 2114 1291 2187 celere,
1314 2115 1445 2187 tardum,
1468 2114 1593 2196 euryth-

238 2218 317 2274 tnon‚
343 2208 536 2262 anarmoaton
561 2203 613 2262 hc.
661 2203 884 2275 inclinationes,
909 2212 943 2263 ut
965 2203 1063 2263 ethice
1088 2202 1327 2275 considerentur,
1351 2214 1440 2282 nego.
1487 2201 1523 2264 Si
1544 2202 1594 2263 nl*

241 2289 332 2353 mium
357 2288 449 2350 astris
473 2288 578 2362 tribui,
608 2291 740 2370 oportuit
768 2301 799 2352 te
828 2292 970 2352 refutare.
1017 2290 1115 2364 Dicis,
1151 2289 1317 2352 obtinuisse
1340 2288 1402 2352 vim
1433 2284 1596 2371 vegetand

240 2398 276 2441 ex
302 2378 450 2440 relatione
484 2379 603 2452 divina3
636 2380 804 2440 naturalem
832 2379 892 2440 rim
921 2380 966 2440 vis
991 2379 1031 2442 ibi
1059 2390 1236 2452 extenuare,
1271 2378 1325 2441 sed
1350 2380 1449 2441 Deum
1477 2386 1595 2460 putam

239 2477 367 2528 naturae
391 2467 476 2527 facis.
521 2468 589 2530 Non
615 2468 702 2528 valde
727 2487 874 2547 repugno,
907 2469 961 2528 sed
982 2469 1038 2529 hoc
1061 2469 1146 2540 dico,
1180 2477 1210 2529 te
1234 2467 1358 2529 nimium
1380 2468 1481 2530 adhuc
1503 2468 1596 2530 unta

239 2556 381 2617 tribuere.
429 2555 496 2616 Tibi
519 2557 603 2616 Deus
628 2557 666 2616 ad
691 2562 776 2618 astra
797 2557 932 2633 respicit,
958 2568 992 2618 ut
1013 2564 1255 2635 temperamenta
1277 2558 1388 2618 formet
1410 2564 1444 2618 et
1465 2556 1593 2618 inclina·

239 2642 348 2718 tiones,
373 2642 445 2704 mihi
469 2643 587 2705 animae
611 2643 789 2706 sublunares
814 2645 852 2705 ad
878 2645 956 2706 idem
975 2645 1013 2706 ob
1039 2645 1116 2705 idem
1139 2643 1312 2724 respiciunt.

328 2730 485 2804 Dixeram,
521 2732 667 2794 unalitiam
692 2733 821 2794 ethicam
847 2753 904 2795 non
929 2733 967 2794 ab
992 2733 1098 2794 astris:
1136 2753 1221 2812 ergo,
1246 2732 1360 2812 inquis,
1394 2726 1457 2794 alia
1481 2751 1667 2813 quoqn=

240 2830 361 2900 praeter
384 2831 471 2881 astra
493 2830 565 2882 snnt
588 2822 787 2882 adsciscendo
810 2823 837 2882 in
859 2822 1005 2899 judicium
1025 2822 1249 2900 astrologicam.
1291 2821 1449 2901 Equidem.
1496 2821 1545 2883 At
1565 2831 1670 2882 tt:

240 2926 335 2985 negas
359 2910 388 2970 id
412 2909 486 2968 fieri.
534 2908 561 2969 Ο
586 2909 781 2987 improvidam
806 2911 953 2970 rationem
977 2911 1184 2988 praedicendi!
1232 2910 1349 2971 Deinde
1369 2910 1426 2979 ais,
1451 2910 1672 2971 iactitar-

239 2998 436 3077 astrologiam
461 3010 539 3071 esse,
564 2996 589 3058 si
613 2999 668 3058 hoc
694 3016 795 3059 cerum
820 3000 869 3061 sit.
918 2998 1037 3071 Fateor,
1061 3008 1147 3060 tanto
1168 2998 1307 3060 incertior
1321 3006 1379 3073 est,
1403 3004 1517 3078 quanto
1542 3010 1673 3059 ἰιι-

237 3086 304 3149 dior
327 3084 365 3147 ab
389 3086 513 3158 ethicis,
548 3085 697 3164 politicis,
730 3087 908 3166 theologicis
934 3088 1138 3165 respectibus;
1172 3095 1204 3148 et
1227 3107 1294 3148 cum
1317 3085 1418 3148 omnia
1440 3078 1674 3167 complex==t

238 3184 298 3248 est,
323 3183 425 3235 tanmn
450 3174 565 3234 incerta
588 3186 637 3235 est
659 3175 755 3235 omnis
779 3176 955 3254 praedictio.

326 3262 417 3335 Ecce,
443 3269 547 3341 aperte
573 3270 604 3323 et
628 3263 764 3343 ingenue,
790 3264 866 3343 quod
892 3264 981 3343 petis,
1005 3273 1068 3323 tam
1089 3263 1250 3342 diiigenter
1273 3263 1357 3324 velut
1381 3276 1473 3325 aureo
1495 3262 1578 3341 gladi
1595 3274 1673 3320 :a

243 3348 389 3413 Gordium
413 3351 521 3410 nodum
547 3351 648 3424 secui3
672 3360 704 3412 tu
729 3352 798 3412 mihi
824 3353 897 3412 cedo
921 3352 1044 3412 Asiam!

327 3438 390 3501 Sed
414 3438 531 3519 pergis:
566 3441 590 3500 si
624 3440 759 3500 defectus
784 3440 821 3501 ab
846 3440 938 3503 astris
963 3476 1005 3485 —
1029 3437 1146 3501 malitia
1178 3439 1279 3516 igitur.
1327 3436 1488 3517 Equidem.
1536 3430 1672 3501 διε-’ἆ

237 3547 297 3590 ιιοιι
320 3528 432 3600 ethica,
458 3528 511 3588 sed
536 3528 666 3590 deterior
689 3529 830 3598 conditio,
856 3540 888 3589 ut
911 3538 960 3588 est
983 3529 1077 3589 totius
1101 3535 1227 3588 naturae
1251 3530 1334 3600 (cum
1357 3535 1408 3588 est
1432 3526 1670 3606 perfectia-

239 3617 332 3689 aima)
358 3622 497 3695 respecta
522 3615 589 3677 Dei.
636 3617 751 3677 Deinde
776 3637 833 3677 non
859 3617 1083 3678 inclinationum
1099 3616 1287 3677 debilitatem
1311 3623 1343 3676 et
1361 3615 1667 3678 deformitatem·

239 3706 293 3767 sed
316 3704 346 3766 in
371 3722 480 3784 genere
504 3705 729 3767 deformitatem
753 3716 783 3766 et
807 3706 995 3767 debilitatem
1025 3713 1056 3764 et
1079 3704 1299 3766 dissonantiam
1323 3704 1378 3765 dte.
1404 3703 1508 3766 inesse
1531 3703 1665 3766 dic-'2⁰

239 3792 375 3875 aspectui
404 3792 479 3854 coeli
504 3794 602 3855 etsie
635 3794 819 3873 generaliter
843 3795 934 3874 recipi
960 3794 989 3854 in
1015 3795 1144 3855 animam
1175 3799 1310 3873 tempore
1334 3810 1503 3871 geneseus,
1535 3790 1662 3853 sicu

239 3882 303 3945 alia
325 3881 400 3944 coeli
425 3902 531 3962 opera,
565 3883 622 3943 uisi
647 3884 725 3963 quod
749 3883 921 3963 expositum
945 3891 993 3943 est
1016 3882 1133 3943 coelum
1158 3881 1265 3943 animis
1293 3882 1333 3942 ad
1355 3882 1435 3943 hanc
1458 3889 1658 3961 compre·

239 3970 429 4042 Ιιειιιὶοιιιιιι,
460 3980 494 4031 ut
523 3972 572 4031 lux
607 3972 645 4031 ad
675 3972 830 4032 visionem.
879 3972 924 4032 De
954 3980 1054 4031 cetero
1084 3989 1130 4031 me
1159 3971 1233 4030 bene
1263 3971 1365 4050 capis,
1398 3986 1499 4051 nequa
1522 3976 1655 4051 qod!

240 4060 371 4123 exstruis
395 4060 467 4121 mihi
491 4069 562 4120 sont
586 4059 727 4120 absurda.
776 4059 919 4133 Quaeris,
945 4070 983 4119 art
1007 4076 1039 4120 re
1063 4059 1130 4137 ipsa
1153 4059 1210 4119 hoc
1234 4059 1315 4121 aliud
1340 4057 1390 4131 sit,
1415 4068 1508 4141 quam
1531 4058 1651 4121 ΜΕ·

241 4148 315 4222 Ιιιιιι,
349 4148 427 4228 quod
452 4167 489 4208 ea
513 4148 670 4209 debilitate
695 4148 770 4209 coeli
800 4149 915 4209 animus
945 4147 1052 4210 debilis
1081 4146 1291 4209 inclinationes
1319 4145 1433 4209 habeat
1461 4134 1649 4211 donuae?

241 4236 330 4311 Deo,
355 4257 386 4298 re
411 4237 478 4314 ipsa
500 4257 579 4298 esse.
626 4237 718 4298 Aliud
743 4238 772 4298 in
797 4239 880 4299 coelo
904 4237 1045 4298 debilitas
1074 4244 1105 4296 et
1129 4236 1320 4310 deformitas,
1352 4254 1524 4316 perquam
1544 4242 1644 4297 sd·

241 4326 284 4386 let
311 4335 420 4386 natura
448 4327 628 4387 contendere
659 4326 697 4385 ad
727 4326 991 4404 pulchritudinem,
1025 4334 1058 4385 ut
1081 4343 1135 4402 per
1161 4325 1294 4387 infinitos
1318 4323 1514 4403 ioooihgatoo
1539 4329 1638 4405 μὶ·

239 4412 317 4475 situs
341 4414 381 4474 ad
405 4413 533 4492 aliquem
557 4413 747 4493 colligatum,
782 4415 862 4475 aliud
893 4414 920 4474 in
951 4412 1068 4474 homine
1094 4411 1183 4474 animi
1209 4412 1407 4486 deformium
1440 4422 1510 4475 cuth
1532 4413 1632 4494 jesu

240 4500 344 4582 incipit
368 4502 589 4580 concupiscere,
615 4511 663 4564 est
686 4502 945 4583 concupiscentiae
970 4502 1161 4573 deformitas,
1187 4502 1244 4563 hoc
1268 4518 1385 4563 rursum
1410 4501 1503 4577 ahad,
1527 4487 1626 4583 quii

240 4588 362 4671 abiecta
386 4600 580 4666 conourmnt,
611 4590 737 4671 deniqne
762 4611 828 4652 eum
853 4593 917 4673 agit
941 4591 979 4652 ad
1002 4597 1160 4669 peccatum
1189 4599 1222 4651 et
1244 4596 1436 4653 consummtlt
1467 4584 1619 4653 ethim

240 4680 396 4742 malitiam.
443 4679 507 4743 Nec
531 4681 646 4742 coelum
670 4678 753 4742 illum
776 4680 890 4760 coegit,
920 4689 955 4742 ut
978 4680 1162 4752 vinceretur,
1185 4679 1244 4741 etsi
1267 4679 1427 4741 stimulata
1444 4686 1535 4742 tathe
1567 4664 1614 4730 fii

243 4776 374 4847 puguant
398 4768 482 4830 illum
503 4769 635 4831 vucavit.
675 4760 845 4849 Exspecto,
878 4776 976 4830 nuum
995 4768 1061 4847 Jam
1085 4780 1201 4850 quoque
1225 4767 1302 4831 velis
1325 4766 1520 4845 manutere,
1552 4764 1603 4824 nrt
