3366 5482
163 245 229 310 218
760 248 923 299 Prooemium.
1001 230 1026 318 J

162 406 211 485 agi
235 414 373 484 coeptum
397 407 510 481 fuerat,
541 408 597 469 nisi
623 427 703 468 mors
738 411 832 470 leram
861 409 942 469 illam
979 408 1121 488 singulari
1150 408 1294 470 beneficio
1319 406 1474 470 affecisset
1495 416 1528 471 et

160 514 276 574 poenae
301 495 496 556 subduxisset
520 496 766 558 meritissimae.“

250 584 345 645 Ursus
375 584 524 664 Tychonis
559 586 720 645 adventum
752 587 780 645 in
811 586 910 645 aulam
941 585 1129 662 Pragensem
1162 584 1257 645 noluit
1290 583 1439 665 opperiri,
1473 586 1526 647 sed

161 682 241 733 rnetu
271 672 399 733 actionis
438 674 584 734 adversus
618 694 650 733 66
682 674 819 734 forensis
850 692 1072 752 poenarumque
1105 672 1321 735 imminentium
1349 674 1453 753 Praga
1482 694 1525 748 se,

161 762 275 840 aliquot
300 770 463 840 antequam
487 762 677 823 adversarius
703 762 779 823 hanc
805 763 1012 840 ingrederetur
1043 762 1235 839 septimanis,
1267 763 1345 825 clam
1366 763 1427 824 alio
1451 763 1526 824 sub-

161 850 255 911 duxit.
313 850 404 910 Teste
437 851 577 911 Jessenio
610 852 768 930 profugum
803 852 912 912 Ursum
945 851 1035 928 paulo
1082 858 1153 928 post
1190 852 1295 913 eodem
1327 870 1406 913 anno
1441 847 1526 915 1599

160 938 304 999 1666116111
329 957 385 1016 666
409 939 439 998 16
467 939 531 999 1666
555 958 634 1000 61616
660 941 812 1018 oppressit
835 940 972 1017 vivisque
998 939 1117 1000 exemit.

248 1028 365 1088 Ansam
396 1028 600 1088 simultatibus
629 1028 706 1089 inter
735 1048 801 1089 erun
832 1037 863 1087 et
887 1027 1058 1107 Tychonem
1092 1027 1230 1106 praebuit
1262 1035 1412 1106 systema,
1448 1028 1526 1107 quod

161 1115 257 1176 Ursus
289 1115 442 1176 inventum
471 1136 545 1176 ase
577 1136 644 1176 esse
668 1118 828 1194 jactabat,
862 1115 963 1196 Tycho
993 1126 1093 1176 autem
1118 1116 1174 1176 sibi
1205 1116 1243 1176 ab
1271 1116 1324 1176 illo
1355 1124 1526 1197 surreptum

161 1205 363 1275 contendebat
393 1206 639 1279 astronomicum,
673 1206 703 1266 in
730 1206 960 1279 „Fundamenta
993 1204 1214 1265 astronomico“
1240 1226 1268 1265 a.
1297 1203 1383 1269 1588
1406 1205 1525 1267 descri-

160 1298 259 1371 ptum,
289 1293 316 1352 in
353 1294 589 1373 „hypothesibus
624 1294 854 1355 astrouonricis“
890 1312 967 1353 anno
1002 1290 1085 1355 1597
1120 1293 1251 1354 11611666
1285 1294 1377 1354 161616
1407 1293 1525 1356 scurrili

161 1382 325 1442 defensum.
372 1382 438 1442 Hoc
462 1382 491 1442 in
517 1384 659 1444 extremis
675 1383 871 1444 Pomeraniae
895 1381 1001 1442 linibus
1021 1381 1092 1441 Kal.
1110 1379 1179 1442 Oct.
1203 1379 1297 1454 1585,
1322 1401 1389 1443 curn
1406 1380 1525 1462 Ceper-

159 1469 216 1529 nici
240 1469 472 1531 Revolutiouum
500 1472 591 1532 libros
624 1471 798 1550 diligentius
827 1471 1006 1541 evolvisset,
1042 1478 1203 1550 ternasque
1228 1470 1414 1546 Ptolemaei,
1447 1471 1523 1533 Ari-

160 1558 273 1618 starchi
299 1566 331 1618 61
354 1558 508 1636 Apollonii
531 1560 659 1638 Pergaei
684 1561 868 1641 hypotheses
894 1559 971 1619 inter
996 1577 1027 1618 se
1053 1559 1231 1619 contulisset
1259 1567 1291 1618 et
1319 1559 1426 1620 harum
1450 1558 1523 1620 ulli-

160 1666 246 1708 mam.
269 1647 460 1718 invertisset,
494 1650 697 1726 excogitatum
728 1672 746 1709 a
774 1668 807 1709 se
837 1666 904 1707 esse
937 1647 1085 1725 perhibet.
1137 1647 1227 1708 Anno
1261 1643 1344 1709 1586
1374 1646 1524 1709 Caesellis

162 1734 323 1796 Guilielmo
348 1735 539 1814 Landgravio
564 1737 644 1799 istud
679 1759 697 1796 a
721 1758 754 1798 se
778 1744 883 1797 narrat
907 1736 1075 1806 detectum,
1110 1735 1390 1797 aRothmanno
1420 1739 1525 1817 (quem

159 1824 329 1886 Rotzmann
353 1826 486 1903 seoptiee
510 1845 629 1904 semper
653 1827 802 1904 appellat)
827 1832 953 1885 exeunte
979 1845 1006 1884 a.
1036 1821 1117 1885 1587
1138 1824 1302 1905 Tycheni
1325 1844 1393 1886 esse
1416 1825 1524 1907 prodi-

160 1922 232 1974 tum.
280 1912 424 1974 Ultimum
457 1915 623 1975 accessisse
656 1915 742 1975 addit
764 1914 980 1974 Helisaeum
1005 1913 1219 1974 Roeslinum
1252 1914 1336 1974 etin
1361 1914 1440 1975 libro
1466 1914 1533 1987 „do

159 2020 250 2079 opere
275 2000 466 2063 Creationis“
496 2000 578 2066 1597
603 2004 770 2081 publicato,
803 2002 929 2063 eandem
952 2001 1108 2080 Apollonii
1137 2010 1169 2062 et
1192 2002 1344 2082 Tyclronis
1369 2003 1523 2084 hypothe-

159 2088 205 2150 sin
228 2090 329 2168 plagio
353 2090 516 2168 impudenti
540 2111 594 2169 pro
618 2112 674 2151 sua
696 2093 848 2153 vindicare
878 2098 909 2149 61
931 2089 1108 2151 1161166666
1131 2090 1219 2151 simul
1244 2090 1384 2152 convitiis
1409 2090 1525 2153 adoriri

160 2197 218 2237 666
244 2176 410 2239 erubuisse.

248 2267 333 2326 Haec
356 2266 546 2327 Mollerus.
593 2267 675 2328 ldem
709 2268 786 2326 inter
815 2265 929 2344 scripta
956 2266 1028 2327 Ursi
1058 2266 1181 2328 exhibet
1211 2265 1318 2327 librum
1346 2267 1524 2345 germanion

160 2373 297 2415 sermone
312 2355 538 2415 concinnatum:
565 2352 640 2415 Geo
651 2356 777 2415 daesia
791 2355 1032 2415 llauuoviana
1051 2355 1135 2433 Lips.
1157 2350 1258 2424 1583,
1288 2355 1317 2415 16
1333 2356 1419 2432 cujus
1435 2357 1525 2419 111616

161 2443 274 2504 autoris
298 2462 404 2504 nomen
423 2454 455 2504 et
477 2444 578 2522 patria
602 2444 683 2505 hisce
707 2443 807 2504 verbis
833 2443 1054 2521 exprimuntur:
1089 2442 1239 2504 Nicolai
1263 2442 1442 2524 Reymers
1466 2464 1523 2506 von

161 2532 315 2593 Henstede
339 2532 367 2591 in
392 2532 624 2594 Dithmarscheu
649 2532 867 2593 Laudrechnen
891 2533 950 2592 und
973 2532 1170 2593 Feldrncssen
1195 2532 1247 2592 116.

249 2620 326 2680 11616
356 2620 445 2699 igitur
468 2621 547 2683 Urso
572 2621 770 2699 Keplerus,
803 2621 932 2681 nondum
972 2620 1048 2681 satis
1071 2620 1256 2699 perspiciens
1279 2620 1335 2680 viri
1359 2619 1523 2699 ingenium,

119 2748 126 2755 --
161 2715 232 2769 ante
255 2708 368 2770 editum
392 2710 586 2771 l‘rodroruum
610 2710 732 2789 scripsit
755 2710 831 2770 hunc
855 2709 884 2769 in
909 2710 1028 2769 rnodum
1052 2709 1089 2769 de
1113 2728 1169 2770 sua
1192 2709 1382 2770 detectione:

250 2795 310 2868 Qui
325 2798 417 2875 ignoti
433 2799 470 2858 ad
491 2799 609 2877 ignotos
626 2799 653 2858 in
675 2799 853 2876 longinquas
869 2798 1007 2874 regiones
1023 2797 1233 2858 transmittunt
1253 2797 1412 2876 epistolas,
1430 2797 1523 2859 mira-

160 2885 235 2947 biles
254 2896 325 2947 sunt
342 2887 486 2948 homines.
522 2888 564 2947 Te
585 2887 655 2947 mihi
678 2896 781 2947 notum
801 2887 915 2963 pridem
936 2887 1009 2946 lecit
1028 2886 1234 2947 illustrissima
1252 2895 1306 2947 tua
1324 2886 1434 2964 gloria,
1464 2902 1524 2965 qna

161 2974 390 3037 mathematicos
420 2975 506 3053 hujus
535 2976 601 3035 aevi
626 2976 783 3054 praecedis
813 2994 903 3046 unus,
940 2984 1082 3053 quantum
1111 2974 1269 3036 Phoebeus
1298 2975 1380 3036 erbis
1409 2975 1524 3035 minuta

160 3063 270 3125 sidera.
319 3062 380 3125 Sed
408 3083 462 3124 nec
494 3073 611 3143 tempus
644 3065 731 3142 plura
764 3064 837 3134 fert,
871 3082 925 3123 nec
955 3064 1234 3124 mathematicorum
1267 3071 1316 3123 est
1348 3062 1522 3141 garrulitas.

159 3152 224 3213 Hoc
249 3172 337 3213 66661
361 3152 448 3227 habe,
473 3153 551 3213 tanti
575 3160 605 3212 te
630 3173 648 3213 a
671 3172 718 3215 me
741 3152 814 3223 fieri,
841 3152 944 3229 quanti
959 3170 1063 3212 onmes
1088 3153 1169 3213 docti
1193 3158 1224 3212 te
1249 3151 1372 3226 faciunt,
1398 3170 1523 3232 quorum

156 3240 301 3319 judicium
325 3242 479 3321 aspernari
505 3241 675 3318 arrogantis
699 3249 760 3313 est,
797 3240 968 3300 collaudare
992 3241 1121 3302 modesti
1141 3241 1272 3319 juvenis.
1321 3238 1398 3303 Cum
1422 3241 1524 3319 itaque

159 3337 355 3408 praeceptore
380 3338 424 3402 te,
452 3330 483 3390 id
508 3338 557 3390 est
579 3330 663 3391 libris
687 3329 761 3400 tuis,
793 3329 848 3389 hoe
873 3329 1049 3408 quantulum
1074 3339 1122 3389 est
1144 3329 1325 3408 cognitionis
1349 3329 1523 3410 acquisive-

160 3418 215 3478 rim
240 3418 271 3478 in
295 3418 503 3492 mathematis,
536 3418 770 3498 666661616κί,
802 3425 835 3478 ut
866 3427 896 3479 te
932 3419 961 3478 iu
987 3437 1018 3478 re
1042 3419 1137 3480 ardua
1164 3438 1218 3478 nec
1248 3428 1281 3479 ut
1308 3417 1381 3479 mihi
1405 3418 1525 3479 videtur

159 3508 379 3567 contemnenda
402 3508 566 3570 consulam.
614 3506 649 3568 Si
673 3507 889 3588 approbaveris
913 3508 991 3585 quod
1011 3526 1083 3586 ugo,
1110 3508 1231 3568 beatum
1255 3525 1302 3567 me
1325 3506 1520 3585 praedicabo,

159 3594 326 3675 proximum
349 3595 505 3658 felicitatis
528 3597 653 3674 gradum
678 3597 705 3656 iu
731 3615 766 3655 66
790 3603 902 3667 616166,
927 3604 961 3655 61
984 3616 1004 3655 6
1026 3606 1057 3656 16
1076 3595 1218 3673 corrigar.
1267 3595 1357 3656 Tanti
1380 3592 1524 3657 6611111111

160 3692 243 3745 tuum
268 3684 428 3762 judicium,
463 3685 645 3764 hypotheses
675 3694 744 3745 tuas
768 3703 851 3756 amo;
885 3684 936 3744 sed
962 3683 1161 3762 Cepernicnm
1192 3684 1269 3744 satis
1293 3683 1437 3745 admirari
1465 3700 1524 3745 6611

159 3790 296 3851 possum,
331 3774 415 3851 cujus
443 3773 626 3854 hypotheses
651 3773 706 3834 hoc
732 3774 862 3845 habent,
897 3774 974 3850 quod
1007 3774 1052 3833 his
1080 3772 1216 3833 versibus
1245 3773 1421 3851 complexus
1445 3790 1521 3835 sum.

161 3858 315 3925 [Sequuntur
333 3876 424 3919 versus,
443 3877 503 3925 qnos
523 3862 621 3911 exhibet
639 3876 663 3925 p.
684 3858 732 3909 96:
762 3861 843 3922 „Quid
861 3860 981 3909 mundus“
1002 3859 1061 3921 116.)

249 3949 328 4010 Nam
352 3949 429 4011 inter
452 3949 615 4010 Saturnum
639 3959 671 4011 et
693 3950 801 4010 Jovern
825 3958 874 4009 est
897 3950 998 4023 cubus,
1023 3951 1067 4011 sie
1091 3940 1134 4009 ut'
1148 3948 1209 4010 ima
1232 3947 1357 4011 Saturni
1380 3947 1522 4026 periodus

160 4036 202 4098 sit
230 4038 311 4098 orbis
339 4038 597 4117 circumscriptus,
627 4058 742 4099 summa
764 4038 852 4099 Jovis
882 4037 1059 4116 inscriptus;
1088 4038 1166 4099 inter
1193 4037 1302 4099 Jovem
1329 4045 1363 4097 et
1389 4037 1524 4100 Martem

158 4126 344 4197 tetrasemo,
369 4126 447 4188 inter
470 4128 602 4188 Martem
627 4136 659 4188 et
680 4128 804 4187 Terram
830 4126 1049 4196 dodecaedron,
1074 4127 1152 4187 inter
1176 4126 1300 4187 Terram
1324 4134 1356 4187 et
1370 4125 1525 4189 Venerem

159 4213 345 4285 1666611166,
371 4214 448 4277 16161
471 4216 621 4277 Venerem
648 4224 680 4276 61
703 4215 882 4277 Mercurium
907 4216 1082 4277 6611111166.
1131 4213 1274 4276 Ordinem
1304 4214 1381 4275 hune
1412 4232 1522 4293 eorpo-

158 4320 222 4362 rum
246 4321 340 4381 neque
365 4303 564 4385 metaplrysici
588 4324 683 4384 neque
707 4304 912 4366 mathematici
938 4324 1003 4365 cum
1027 4303 1145 4365 ratione
1168 4303 1405 4365 immutaverint.
1453 4300 1523 4367 Jam

158 4398 191 4451 et
213 4390 304 4451 medii
327 4400 425 4469 motus
450 4413 482 4454 se
502 4395 746 4467 accommodant;
767 4400 816 4453 est
840 4392 918 4453 enirn
938 4412 1040 4454 eorum
1064 4393 1155 4470 dupla
1178 4392 1256 4452 ratio
1281 4392 1318 4452 ad
1344 4391 1522 4466 distantias,

158 4479 276 4541 scilicet
299 4480 369 4559 quia
391 4481 440 4543 vel
464 4482 569 4543 eadem
593 4490 677 4543 esset
699 4482 836 4543 incitatio
859 4483 988 4561 partium
1014 4483 1043 4542 in
1068 4481 1219 4555 omnihus,
1239 4482 1288 4542 vel
1311 4489 1438 4559 propter
1454 4500 1521 4543 ma-

155 4568 254 4648 jorem
278 4569 504 4648 amplitudinem
528 4571 646 4652 quidem
671 4571 786 4633 tardius
810 4572 953 4632 redirent.
1000 4570 1042 4631 Et
1066 4571 1130 4650 jam
1154 4568 1273 4631 aceedit
1300 4569 1475 4633 debilitatio
1492 4569 1522 4633 in

158 4656 372 4733 exterioribus,
405 4660 504 4739 qualis
527 4659 639 4721 accidit
662 4660 691 4721 in
715 4660 806 4721 lucidi
830 4660 906 4721 radii
930 4659 1153 4721 extenuatione.
1202 4659 1312 4721 Parum
1339 4658 1481 4739 utrinque
1503 4678 1523 4719 a

162 4742 328 4824 Cepernico
352 4747 527 4822 disceditur,
552 4749 622 4828 plns
645 4755 758 4821 tamen,
782 4748 808 4808 si
832 4768 870 4811 ex
892 4750 1023 4811 motibus
1039 4747 1145 4809 mediis
1160 4748 1385 4811 constituantur
1399 4747 1527 4813 disten·-
