3366 5482
169 302 235 377 258
719 309 840 373 Apologia
856 308 980 370 tychonis

170 480 202 532 ct
224 470 347 531 Lunae:
373 469 458 550 quasi
482 487 539 530 non
565 487 659 548 acque
684 468 721 530 de
745 476 784 541 d,
816 467 855 540 Q,
889 472 969 543 bac
993 467 1029 527 de
1055 464 1094 543 Θ
1120 467 1200 537 ει)
1228 465 1427 547 vel,Eudoxo
1448 464 1534 544 prins

169 559 362 620 constitisset
384 558 422 618 de
446 556 633 635 digressione
668 558 771 618 horum
796 556 1022 617 evidentissima
1046 555 1084 616 ab
1100 562 1279 635 aequatura:
1309 564 1341 615 et
1359 555 1447 634 quasi
1472 572 1531 615 non

167 647 291 709 zodiaco
314 647 426 708 circulo
449 646 585 723 singulos
609 665 662 725 pro
686 645 813 723 singulis
837 646 968 724 planetis
987 644 1131 704 Eudoxus
1155 643 1372 715 subordinarit‚
1398 643 1450 724 qni
1475 643 1532 703 de-

168 734 339 798 clinationis
364 735 444 795 illius
468 735 647 795 varietatem
672 735 840 804 efficerent;
866 744 917 794 aut
942 733 1026 812 quasi
1053 752 1148 812 neque
1164 730 1311 811 Calippns
1335 731 1530 792 animadver-

168 825 254 898 terit,
288 820 309 898 h
339 832 370 884 et
396 823 426 897 'll
450 841 545 903 aeque
576 832 666 903 atquc
696 832 814 883 ceteros
843 822 863 883 5
889 823 1015 882 diversis
1047 822 1233 901 temporibus
1262 821 1466 900 inaequaliter
1492 819 1532 881 ab

168 921 331 991 aequatore
360 913 484 972 distare.
533 912 638 992 ltaque
667 931 733 973 cum
767 911 840 972 nihil
863 930 917 990 pro
941 930 975 970 se
999 912 1024 971 F
1026 920 1216 972 racastoreus
1245 910 1372 984 habeat,
1407 916 1533 988 praeter

168 1019 307 1063 numeros
336 1008 491 1061 secuturos
526 1020 636 1080 eosque
666 1001 748 1061 varie
772 1001 801 1060 in
821 999 1042 1078 exemplaribus
1066 1000 1262 1078 depravatos,
1297 999 1354 1059 hoc
1383 997 1414 1060 in
1438 1016 1531 1060 causa

168 1108 288 1151 rnanere
312 1089 461 1160 existimo,
486 1089 561 1149 dnos
584 1089 792 1151 tantummodo
807 1087 872 1149 Soli
896 1098 928 1149 et
942 1089 1046 1149 Lunae
1070 1089 1159 1149 orbes
1183 1086 1355 1167 aCalippo
1380 1087 1528 1167 adjectos,

168 1196 225 1239 uon
259 1186 398 1257 quatuor,
434 1179 462 1238 h.
488 1197 516 1237 e.
547 1179 652 1258 cuique
683 1197 788 1251 unum;
821 1178 956 1238 additum
981 1196 1051 1238 vero
1084 1177 1211 1254 singulis
1239 1196 1276 1237 ex
1305 1176 1436 1256 quinque
1472 1193 1531 1236 non

167 1265 377 1328 declinationis
406 1278 460 1328 aut
483 1266 665 1339 latitudinis,
696 1268 749 1327 sed
778 1266 1014 1327 eccentricitatis
1042 1265 1216 1326 efficiendae
1241 1285 1342 1326 eausa
1393 1265 1530 1326 Videant

168 1354 233 1429 alii,
268 1374 306 1415 an
331 1355 398 1416 sola
420 1375 609 1416 numerorum
628 1356 789 1416 concordia
812 1354 956 1428 sufficiat,
989 1364 1022 1415 ut
1040 1364 1226 1428 statuamus,
1256 1354 1410 1433 cognitam
1435 1353 1530 1415 luisse

167 1442 295 1522 Galippo
326 1444 475 1522 geminam
499 1445 527 1504 in
552 1445 639 1505 Luna
673 1444 934 1523 inaequalitatem,
969 1443 1008 1503 ad
1032 1443 1116 1521 cujus
1139 1450 1271 1505 motuum
1300 1441 1527 1504 similitudinem

167 1532 259 1593 etiam
290 1531 372 1593 Solis
409 1533 656 1612 inaequalitatem
689 1533 837 1612 geminam
873 1531 987 1593 lecerit.
1040 1533 1166 1593 Manent
1198 1530 1288 1610 igitur
1320 1532 1379 1592 hac
1410 1532 1528 1593 ratione

163 1617 240 1698 liet
261 1620 291 1694 ll
314 1621 403 1681 orbes
427 1621 580 1700 quaterni,
616 1629 653 1694 0',
680 1627 713 1697 32,
745 1620 769 1693 Ω
794 1622 918 1682 veniunt
940 1620 1028 1681 orbes
1053 1621 1146 1700 quini,
1177 1618 1216 1696 Θ
1237 1622 1318 1692 ιιι)
1349 1620 1459 1681 infimis
1483 1619 1529 1695 (in

86 1780 100 1793 ι
166 1709 364 1770 Aristotelian
389 1710 584 1788 sphaerarum
603 1711 722 1783 ordine)
752 1709 857 1770 itidem
877 1709 1024 1788 quaterni.
1065 1709 1143 1770 Hinc
1172 1710 1223 1770 lux
1247 1709 1371 1771 affertur
1399 1709 1528 1771 obscuro

162 1796 340 1859 Aristotelis
365 1799 430 1858 loco
459 1798 511 1858 lib.
537 1800 577 1859 ll.
604 1795 643 1860 'de
673 1799 756 1859 coelo
784 1818 852 1877 cap.
881 1795 931 1859 12.
978 1799 1033 1859 Ait
1057 1798 1096 1858 ibi
1121 1797 1320 1858 Aristoteles:
1354 1799 1429 1878 „qm
1456 1799 1528 1877 pla·

166 1894 254 1947 netae
278 1888 407 1947 medium
432 1896 569 1953 teneant,
604 1908 656 1948 eos
678 1888 813 1966 pluribus
841 1888 973 1948 motibus
997 1887 1101 1948 cieri.“
1148 1889 1264 1967 Nempe
1288 1886 1336 1947 hic
1359 1894 1399 1960 ὁ,
1425 1891 1463 1964 b,
1490 1885 1528 1962 Ω,

164 1975 254 2036 medii
278 1976 439 2036 secuudum
464 1976 679 2049 Aristotelem,
704 1976 802 2054 quinis
826 1977 957 2036 motibus
981 1975 1106 2049 cientur,
1131 1971 1151 2050 [ι
1175 1984 1207 2037 et
1229 1975 1259 2049 ll
1282 1974 1403 2048 summi,
1430 1972 1472 2052 Θ
1497 1983 1529 2036 et

164 2065 191 2134 b
223 2063 286 2136 imi,
318 2064 472 2142 quaternis
501 2071 629 2124 tantum.
676 2062 744 2133 Quo
774 2067 820 2124 vel
850 2067 914 2125 solo
946 2065 1010 2125 loco
1040 2075 1146 2124 nostra
1173 2063 1385 2142 interpretatio
1419 2073 1529 2126 soona

164 2154 396 2212 Fracastoreum
420 2152 558 2214 munitur.
604 2153 759 2213 Hactenus
784 2172 856 2231 ergo
879 2171 968 2213 unam
992 2160 1110 2229 partem
1133 2154 1279 2231 propositi
1299 2154 1345 2214 sui
1369 2153 1529 2232 expedivit

164 2238 363 2310 Aristoteles,
395 2240 464 2299 dnm
488 2260 579 2319 supra
603 2241 660 2301 sibi
684 2242 840 2318 proposuit
868 2241 1133 2320 ,‚iuterrogandos,
1162 2242 1212 2322 qui
1240 2241 1314 2303 haec
1338 2241 1528 2321 inquirunt.“

164 2328 235 2390 Jarn
259 2328 393 2407 sequitur
417 2329 516 2390 altera
538 2347 628 2408 pars;
660 2329 781 2390 dicebat
804 2349 931 2410 namque
955 2330 1086 2408 „partim
1115 2330 1173 2391 sibi
1197 2330 1527 2410 quaerendum-essc.“

164 2418 269 2495 Itaque
293 2415 380 2477 addit
403 2417 447 2488 (in
471 2418 606 2496 Metaph.
632 2419 688 2480 loc.
715 2417 797 2490 cit.):
829 2420 877 2491 „si
902 2432 1002 2480 autern
1027 2438 1129 2480 ornnes
1154 2419 1239 2480 simul
1267 2417 1387 2498 positae
1412 2418 1526 2481 dabam

166 2505 383 2584 apparentibus
408 2507 596 2580 satisfacere,
622 2524 746 2568 necesse
770 2515 819 2568 est
842 2507 1003 2568 secuudum
1029 2526 1264 2587 unumquemque
1283 2508 1443 2587 planetam
1458 2527 1525 2569 esse

165 2593 243 2655 alias
268 2594 414 2671 sphaeras
439 2594 499 2656 und
517 2597 688 2674 pauciores,
713 2614 790 2675 quae
815 2598 975 2657 revolvant
998 2606 1029 2656 et
1053 2597 1092 2656 ad
1115 2597 1195 2657 idem
1218 2598 1384 2658 restituant
1407 2614 1526 2677 semper

166 2681 293 2761 primam
317 2683 476 2761 sphaeram
500 2685 610 2744 stellae
634 2685 712 2744 iufra
736 2684 909 2745 ordinatae:
940 2685 995 2745 hoe
1020 2686 1097 2745 enirn
1120 2693 1210 2764 pacto
1236 2686 1333 2747 solum
1356 2684 1524 2766 continget,

165 2771 355 2850 planetarum
378 2781 478 2834 motus
502 2781 660 2852 praestare
685 2773 797 2846 omnia,
828 2792 905 2852 quae
929 2774 1111 2853 apparent.“
1155 2774 1213 2835 Hic
1237 2793 1283 2835 me
1308 2772 1455 2836 aliorsum
1479 2775 1524 2835 in·

164 2859 327 2920 clinantem
357 2861 575 2921 Fracastorens
609 2861 638 2921 in
666 2862 747 2921 viam
780 2861 914 2922 reduxit:
947 2862 1082 2942 quamvis
1114 2863 1144 2922 in
1176 2863 1352 2941 quibusdam
1386 2863 1427 2924 ab
1459 2864 1524 2943 ipso

164 2947 327 3009 etiamnum
349 2947 538 3021 dissentiam,
565 2968 688 3029 quorum
712 2950 768 3010 hoe
791 2951 918 3029 primum
942 2960 999 3022 est,
1024 2951 1102 3030 quod
1126 2968 1202 3031 quae
1228 2952 1275 3013 hic
1299 2952 1338 3013 ab
1352 2951 1523 3014 Aristotele

163 3037 229 3115 ipso
254 3038 470 3098 subnectuntur
498 3037 707 3117 philosophica
730 3039 837 3117 magis,
863 3058 949 3118 quam
965 3039 1177 3113 astronomica,
1202 3041 1266 3119 ipse
1285 3040 1380 3101 etiam
1395 3038 1523 3122 calippo

163 3125 282 3198 tribuit,
319 3127 396 3204 quod
429 3127 652 3186 inconsiderate
682 3128 804 3190 factum.
852 3130 958 3208 Itaque
987 3128 1130 3190 Eudoxus
1162 3138 1194 3190 et
1217 3127 1364 3208 Calippus
1396 3130 1522 3192 totidem

165 3214 319 3293 ponebant
351 3215 379 3274 in
409 3214 535 3293 singulis
566 3216 757 3292 planetarum
785 3217 923 3295 sphaeris
951 3217 1053 3291 orbes,
1087 3226 1161 3297 quot
1189 3227 1320 3279 motuum
1352 3218 1520 3280 varietates

164 3302 465 3380 deprehendebantur
488 3302 517 3362 in
543 3305 642 3365 stella.
689 3305 875 3367 Aristoteles
904 3305 1100 3384 philosophus
1129 3306 1223 3367 utitur
1247 3307 1401 3369 axiomata
1424 3308 1521 3387 philo·

163 3390 303 3468 sophico,
337 3391 497 3469 superioris
528 3402 643 3453 motum
674 3393 821 3471 sphaerae
851 3393 1063 3455 communicari
1094 3412 1160 3456 curn
1190 3395 1399 3469 inferioribus,
1435 3396 1521 3476 idque

164 3487 252 3559 raptu
277 3480 418 3558 quodam,
449 3489 482 3541 ut
505 3490 692 3559 quotcunque
716 3483 847 3543 motibus
876 3483 1006 3543 claretur
1028 3483 1131 3562 aliqua
1154 3484 1306 3564 superior,
1339 3485 1471 3547 totidem
1492 3489 1521 3545 et

163 3585 267 3628 omnes
290 3567 377 3639 illas,
407 3585 483 3648 quae
507 3568 587 3629 infra
611 3570 687 3630 hauc
712 3570 786 3642 siut,
817 3571 909 3645 cieri,
938 3570 995 3633 nisi
1019 3572 1189 3633 renitantur
1215 3571 1337 3651 proprio
1371 3582 1405 3635 et
1432 3573 1520 3635 insito

163 3656 293 3733 quodam
316 3667 416 3717 motus
439 3656 594 3736 principio.
642 3660 748 3738 Itaque
772 3659 842 3738 quia
866 3660 995 3738 exempli
1019 3659 1122 3738 gratia
1144 3660 1221 3721 imus
1235 3657 1255 3736 h
1270 3661 1352 3722 orbis
1377 3659 1468 3724 annia
1482 3654 1520 3725 30

162 3744 306 3816 circumit,
333 3756 473 3822 rapturos
497 3757 546 3806 est
568 3747 696 3825 primum
718 3746 814 3822 Jovis,
839 3757 872 3808 ut
892 3748 917 3807 is
932 3749 1056 3808 lixarum
1076 3756 1187 3809 motum
1202 3759 1334 3829 nequeat
1346 3751 1518 3813 observare.

163 3829 357 3911 Quapropter
387 3842 507 3911 oportet
535 3835 637 3895 orbem
664 3836 790 3914 primurn
816 3836 842 3909 b
871 3836 900 3896 in
925 3837 1106 3897 contrarium
1128 3838 1267 3911 tendere,
1300 3846 1335 3899 ut
1365 3841 1456 3903 aunis
1479 3834 1517 3901 3⁰

162 3923 254 3981 semel
278 3920 367 3981 imum
388 3922 511 3982 Saturni
535 3923 563 3982 in
588 3924 757 4002 oppositum
783 3933 939 4002 percurrat
962 3926 1061 3986 etsie
1084 3926 1189 3986 eodem
1214 3926 1278 3986 loco
1298 3938 1436 3990 maneat.
1478 3928 1517 3988 nt

163 4010 218 4068 hoc
241 4010 353 4088 primus
376 4010 407 4083 q
429 4022 587 4089 praestare
612 4013 722 4091 nequit,
748 4013 841 4074 habet
865 4013 942 4074 euim
962 4014 1043 4074 aliud
1059 4013 1197 4085 cilicium,
1221 4023 1256 4075 ut
1273 4026 1422 4094 sequatur
1436 4018 1515 4086 fixas,

164 4106 196 4156 et
219 4098 342 4157 Terram
373 4100 536 4160 circumeat
565 4100 646 4161 horis
670 4099 722 4163 tl.
771 4102 876 4181 ltaque
904 4104 1140 4162 restituente
1169 4103 1216 4163 hic
1244 4122 1320 4182 opus
1344 4115 1411 4179 est,
1445 4120 1515 4186 quaa

163 4185 227 4244 loco
246 4187 360 4262 primae
375 4187 493 4258 Joviae,
518 4188 547 4248 id
572 4190 649 4267 quod
674 4192 878 4252 necessarium
894 4211 961 4251 esse
976 4190 1114 4263 diximus,
1140 4191 1261 4252 efficiat.
1309 4192 1408 4256 Porro
1423 4203 1516 4256 autent

161 4273 217 4332 hac
247 4274 426 4336 restituente
455 4279 493 4336 ab
517 4278 603 4337 unico
627 4290 709 4339 motu
736 4279 814 4339 imae
839 4279 1000 4339 Saturniae
1031 4279 1188 4352 liberatur,
1223 4280 1335 4342 ceteris
1359 4280 1516 4345 Saturnian

161 4362 310 4440 sphaerae
338 4363 501 4425 etiamnum
530 4365 668 4426 obnoxia.
716 4364 909 4446 Quapropter
942 4368 1068 4428 totidem
1100 4368 1334 4430 restituentibus
1364 4388 1441 4451 opat
1465 4368 1517 4433 arii

159 4449 295 4530 proxime
318 4450 397 4512 infra
420 4453 557 4533 sequenti
582 4453 652 4514 Jovi
677 4454 799 4534 ejusque
823 4457 917 4534 primo
937 4455 1015 4529 orbi,
1040 4465 1113 4535 quot
1137 4458 1256 4518 omnino
1279 4458 1406 4522 orbibus
1429 4476 1514 4539 aupa-

159 4538 221 4601 rior
243 4535 263 4617 ij
288 4541 398 4602 fertur:
430 4541 620 4603 unamines.
667 4544 747 4603 llam
771 4545 820 4605 nbi
848 4543 946 4622 prima
968 4544 1056 4605 Jovis
1085 4564 1140 4624 per
1162 4545 1361 4611 restituentes
1391 4548 1516 4611 libante

160 4628 251 4689 luerit
280 4629 319 4690 ab
344 4628 412 4691 aliis
436 4629 560 4692 Saturni
584 4631 728 4705 motibus,
760 4631 889 4693 obnoxia
915 4643 1016 4694 tamen
1046 4633 1143 4695 adhuc
1166 4633 1280 4712 primae
1302 4629 1339 4712 ll,
1363 4654 1424 4699 noa
1447 4650 1516 4719 opttt

159 4724 209 4776 est
231 4716 314 4777 illam
339 4718 429 4779 etiarn
459 4719 497 4779 ab
521 4718 611 4796 hujus
634 4728 716 4780 motu
745 4720 880 4782 liberari:
911 4740 977 4783 cnm
1000 4722 1154 4801 utriusque
1182 4722 1263 4783 idem
1292 4731 1398 4787 motus
1424 4725 1516 4789 eitst

159 4805 326 4866 commonia
350 4808 499 4885 sphaeras
521 4809 657 4894 dxarum
704 4806 964 4880 Quemadmodum
990 4809 1083 4889 igitur
1104 4810 1204 4893 prima
1224 4806 1250 4893 li·
1268 4818 1386 4877 matun
1407 4813 1516 4879 aulhrn
