3366 5482
691 311 846 377 Asbologlae
865 311 1016 362 certioribus.
1464 311 1530 378 429

173 480 323 553 quatenus
345 471 472 552 antiqua
495 471 640 551 dogmata
661 470 751 548 paulo
775 470 963 548 generaliora
987 470 1075 532 facio.
1122 470 1201 533 Nam
1230 469 1325 549 primo
1350 471 1427 551 quod
1452 471 1529 533 Ter-

174 581 239 623 ram
264 560 391 636 attinet,
416 579 485 621 esse
508 559 603 621 totius
628 559 708 637 ejus,
736 567 883 639 quatenus
906 566 985 634 tota,
1012 560 1137 621 formam
1160 560 1351 634 nobiliorem,
1381 577 1469 640 quarn
1493 580 1531 623 ea

175 658 237 726 est,
268 669 346 730 quae
369 651 399 711 iu
424 648 559 729 qualibet
582 648 672 728 gleba
697 648 886 727 agnoscitur,
915 667 1000 709 nemo
1025 649 1158 726 negabit.
1205 649 1283 709 Eam
1305 667 1376 710 vero
1402 650 1530 711 formam

173 759 211 800 ex
241 739 415 801 animalium
445 737 621 798 facultatum
650 755 760 816 genere
793 756 877 809 esse,
915 756 1007 815 opera
1039 738 1133 815 ipsius
1168 745 1313 817 arguunt,
1356 756 1431 817 quae
1461 746 1531 800 sunt

174 829 330 907 generatio
354 826 560 900 metallorum,
589 827 778 888 conservatio
803 825 911 887 caloris
935 826 1114 899 Terrestris,
1141 827 1298 887 exsudatio
1323 844 1468 905 vaporum
1491 828 1529 888 ad

174 917 340 992 fluviorum,
365 915 544 997 pluviarum,
569 924 796 994 ceterorumque
820 922 1017 976 meteororum
1029 915 1319 994 progeneratiouem.
1368 912 1454 984 Quae
1478 935 1528 976 ar·

175 1015 288 1084 guuut,
322 1007 449 1068 formam
480 1005 545 1082 ejus
574 1023 641 1065 esse
672 1023 731 1065 nou
755 1003 865 1064 saltem
888 1004 1156 1077 conservatricem,
1191 1004 1288 1084 qualis
1316 1003 1346 1064 in
1372 1005 1530 1083 lapidibus,

174 1094 227 1155 sed
251 1096 371 1158 omuino
394 1094 624 1173 vegetatricem.

344 1229 352 1234 .
727 1180 863 1241 Thesis
886 1180 984 1241 XLII.

263 1262 370 1344 Neque
394 1273 495 1330 tamen
521 1269 587 1330 ideo
612 1288 735 1331 necesse
760 1277 808 1330 est
831 1288 966 1330 crescere
981 1269 1104 1331 Terram
1129 1276 1181 1329 aut
1200 1268 1265 1329 loco
1289 1265 1412 1329 moveri.
1451 1268 1530 1330 Nam

175 1370 271 1432 neque
295 1353 427 1417 bumana
450 1365 499 1417 est
522 1359 587 1437 ejus
611 1359 726 1429 anima,
761 1377 856 1438 neque
881 1358 1020 1419 animalis
1044 1357 1179 1437 proprie,
1211 1375 1306 1435 neque
1335 1355 1432 1434 qualis
1456 1358 1528 1418 stir-

175 1441 265 1518 pium,
291 1443 345 1504 sed
368 1446 530 1525 peculiaris
554 1447 681 1527 speciei,
708 1466 783 1526 quae
808 1447 1009 1508 definitionem
1033 1445 1070 1506 ab
1095 1465 1184 1525 opere
1208 1464 1262 1506 suo
1287 1445 1426 1519 sortitur,
1452 1446 1531 1507 sicut

175 1530 255 1591 aliae
279 1549 395 1612 quoque
424 1536 542 1614 species
567 1536 739 1596 animalium
769 1536 957 1597 facultatum.
1003 1535 1047 1596 Et
1075 1553 1151 1614 quae
1179 1534 1258 1595 ratio
1281 1541 1408 1595 veteres
1430 1535 1531 1613 coegit

174 1618 299 1681 tertiam
322 1623 440 1685 animae
464 1624 595 1703 'speciem
619 1625 647 1685 in
663 1624 777 1704 plantis
801 1625 959 1700 collocare,
985 1625 1089 1685 eadem
1110 1642 1165 1685 nos
1184 1622 1275 1703 cogit,
1300 1630 1437 1703 quartam
1453 1623 1530 1684 bauo

174 1707 324 1771 collocare
347 1711 377 1772 iu
401 1712 504 1775 Terra.

721 1801 853 1862 Thesis
876 1802 990 1863 XLlll.

266 1882 329 1947 Sed
352 1906 408 1948 nec
432 1889 505 1950 illud
524 1890 700 1963 absurdum,
727 1891 874 1952 animales
898 1890 1072 1961 facultates,
1097 1905 1172 1966 quae
1198 1887 1333 1949 discursu
1357 1907 1415 1949 nou
1438 1897 1531 1950 utnu-

173 1980 233 2047 tur,
258 1974 465 2056 intelligentes
488 1997 557 2039 esse
580 1979 773 2057 geometriae,
799 1999 891 2058 eaque
916 1999 970 2040 ceu
994 1978 1122 2058 quodam
1146 1976 1264 2057 objecto
1288 1979 1412 2039 moveri.
1450 1976 1530 2039 Sunt

173 2065 316 2144 exempla
339 2067 481 2127 confessa
503 2068 533 2129 iu
557 2077 687 2147 promtu.
734 2068 802 2130 Non
826 2068 1023 2130 ratiocinatur
1047 2065 1162 2126 arboris
1186 2065 1316 2127 facultas
1330 2066 1475 2145 plastica;
1500 2073 1532 2127 et

173 2160 279 2213 tamen
303 2151 457 2217 Creatoris
484 2157 572 2235 jussa
604 2165 637 2218 ut
668 2158 827 2236 plurimum
859 2158 1032 2236 exsequitur
1060 2155 1089 2216 iu
1115 2153 1301 2215 ordinatione
1331 2154 1468 2216 foliorum
1493 2154 1531 2214 ad

172 2242 421 2304 commoditatem
455 2246 569 2306 fructus
602 2246 699 2326 adque
733 2256 849 2307 certum
891 2247 988 2307 finem.
1043 2241 1122 2313 Quin
1155 2244 1247 2305 etiarn
1281 2243 1532 2322 pulchritudinem

174 2348 254 2404 eam,
282 2350 358 2411 quae
382 2352 421 2393 err
442 2334 573 2395 numeris
597 2343 655 2408 est,
680 2337 780 2397 omnia
803 2335 920 2396 semina
942 2334 1083 2396 retinent.
1131 2329 1275 2401 Quiuario
1297 2333 1426 2411 plurima
1440 2332 1531 2411 plan-

174 2428 277 2480 tarum
300 2436 412 2499 genera
435 2429 571 2497 utuntur3
596 2442 654 2484 non
679 2425 861 2487 necessitate
885 2423 1029 2485 materiae
1055 2441 1092 2482 ex
1116 2420 1222 2482 arbore
1251 2421 1282 2482 iu
1305 2439 1425 2500 pomum
1449 2420 1531 2482 deri-

173 2516 265 2581 vata,
298 2508 329 2569 iu
354 2528 412 2588 qua
437 2510 624 2575 derivatione
649 2513 723 2575 haec
748 2513 874 2593 quinarii
898 2512 1037 2574 custodia
1059 2510 1255 2589 impossibilis
1278 2517 1341 2583 est;
1371 2510 1426 2570 sed
1448 2529 1548 2576 corus

175 2596 381 2658 municatioue
406 2599 562 2661 facultatis
585 2602 751 2680 plasticae,
781 2621 857 2681 quae
881 2602 975 2663 habet
998 2599 1125 2680 quinarii
1155 2598 1345 2677 congenitam
1365 2598 1532 2677 pulchritu·
1573 2599 1579 2603 ’

176 2685 289 2747 dinem.
346 2684 408 2748 Sed
441 2688 600 2767 ignobilior
632 2689 709 2752 baec
743 2691 838 2752 adbuc
864 2690 942 2751 ratio
976 2697 1036 2762 est,
1075 2688 1229 2766 minusque
1263 2687 1423 2759 mirabilis,
1464 2687 1535 2767 quia

177 2775 312 2836 facultas
340 2775 421 2836 intra
444 2778 595 2856 seipsam
620 2788 722 2840 manet
744 2789 775 2840 et
798 2780 965 2858 quinarium
997 2796 1082 2857 quem
1111 2777 1205 2837 habet
1231 2784 1390 2854 propagat.
1445 2775 1533 2836 Dabo

176 2864 350 2942 exemplum
383 2867 648 2929 accommodatius.
694 2868 761 2931 Non
795 2868 992 2929 ratiocinatur
1015 2865 1160 2938 rusticus
1196 2883 1282 2943 quam
1311 2864 1533 2943 proportionem

174 2952 393 3031 geometricam
422 2953 557 3016 obtineat
587 2976 646 3017 vox
670 2957 709 3017 ad
734 2976 847 3019 vocem.
894 2957 937 3017 Et
965 2965 1064 3016 tamen
1089 2954 1142 3014 illa
1166 2952 1266 3013 fidium
1295 2952 1449 3013 harmonia
1477 2971 1533 3013 ex-

175 3050 289 3102 tranea
310 3061 366 3121 per
388 3062 477 3103 aures
501 3044 606 3106 rustici
628 3046 660 3106 in
674 3054 803 3107 mentem
825 3045 957 3107 illabitur
971 3042 1178 3120 hominemque
1194 3040 1357 3115 exhilarat;
1382 3059 1441 3101 nou
1460 3057 1533 3101 saue

175 3129 330 3191 mistionis
355 3149 460 3193 vocum
484 3134 699 3206 moderatione,
723 3153 781 3195 nou
806 3135 866 3197 leui
890 3133 1005 3195 aurium
1029 3131 1211 3191 demulsioue
1237 3131 1344 3208 (saepe
1364 3128 1442 3191 enim
1465 3129 1533 3191 vio-

175 3217 254 3282 lenti
279 3219 345 3280 soui
369 3240 458 3282 aures
483 3222 606 3284 laedunt
629 3232 661 3285 et
683 3224 873 3286 nibilominus
897 3220 1096 3284 consonantia
1119 3220 1272 3280 delectant
1296 3221 1365 3291 sua)
1390 3238 1447 3280 nou
1471 3219 1535 3280 ulla

172 3307 240 3369 alia
264 3308 435 3382 decanea,
469 3328 545 3390 quae
574 3312 727 3393 bucusque
756 3312 881 3374 inveniri
904 3311 1052 3391 potuerit:
1088 3309 1141 3371 sed
1173 3308 1251 3369 hanc
1282 3327 1369 3369 unam
1398 3309 1532 3382 obrem,

171 3397 263 3478 quia,
295 3403 329 3457 ut
355 3398 386 3458 in
408 3399 600 3461 Harmonicis
623 3402 772 3481 probabo,
803 3403 926 3463 formam
951 3397 1155 3461 consonantiis
1179 3395 1321 3458 conciliat
1352 3397 1535 3475 geometrica

167 3486 279 3565 aliqua
311 3485 388 3546 ratio
417 3487 474 3549 toti
505 3490 614 3551 mundo
643 3491 757 3570 reliquo
782 3489 957 3562 familiaris,
992 3487 1122 3549 maxime
1152 3486 1273 3557 animis,
1304 3504 1377 3565 quos
1412 3484 1535 3564 quidam

166 3584 313 3635 vetorum
344 3575 517 3637 barmoniae
550 3578 660 3639 dixere.
714 3579 771 3640 llis
804 3599 875 3658 ergo
906 3576 1051 3656 exemplis
1090 3594 1144 3637 ceu
1179 3574 1321 3654 gradibus
1355 3574 1534 3653 quibusdam

166 3662 276 3725 evecti
300 3663 464 3725 audeamus
496 3667 589 3728 ctiam
617 3668 655 3728 ad
684 3668 740 3729 boc
770 3668 887 3729 culmen
916 3666 1094 3738 ascendere,
1128 3672 1162 3725 ut
1194 3663 1351 3725 credamus
1380 3662 1478 3723 inesse
1501 3662 1533 3723 in

164 3751 271 3813 Terra
293 3751 354 3813 vim
378 3753 539 3815 animalem
562 3757 793 3835 vegetatricem,
822 3758 851 3817 in
882 3756 911 3817 vi
941 3754 1061 3816 animali
1091 3772 1212 3814 sensum
1231 3751 1378 3831 quendam
1407 3769 1533 3830 geome-

162 3840 267 3915 triae,
293 3839 381 3920 idque
405 3843 584 3917 formaliter,
609 3851 641 3905 et
664 3846 701 3906 ob
725 3845 755 3906 id
778 3846 894 3925 ipsum,
926 3845 994 3923 quia
1017 3843 1063 3903 vis
1087 3842 1140 3903 illa
1164 3860 1202 3902 ex
1225 3859 1334 3919 genere
1359 3839 1533 3900 animalium

162 3930 357 3992 facultatum
381 3938 444 3992 est:
465 3950 541 4011 quae
566 3934 703 4013 quamvis
727 3934 808 4012 operi
833 3953 886 3995 suo
911 3951 1029 4010 semper
1052 3930 1206 4005 incumbit,
1235 3928 1332 4008 magis
1356 3937 1455 3989 tamen
1477 3947 1533 3989 ex-

162 4018 364 4092 stimulatur,
392 4021 510 4100 quando
536 4022 591 4083 hoc
615 4030 789 4104 aspectuum
813 4023 907 4084 veluti
931 4021 1041 4101 pabulo
1065 4020 1164 4098 aliquo
1188 4018 1328 4080 reficitur.
1373 4016 1533 4088 Quemad-

158 4107 293 4168 modum
317 4107 409 4186 igitur
431 4109 511 4171 auris
534 4129 589 4189 per
612 4119 788 4172 concentum
811 4111 983 4190 instigatur,
1009 4116 1042 4169 ut
1066 4109 1225 4187 diligenter
1249 4107 1416 4180 auscultet,
1441 4116 1532 4186 atque

159 4193 215 4258 ita
240 4203 329 4256 tauto
352 4198 450 4276 magis
474 4199 579 4260 audiat
603 4200 804 4280 (voluptatem
829 4218 989 4280 quaerens,
1016 4216 1091 4277 quae
1116 4196 1263 4258 seusiouis
1287 4196 1433 4276 perfectio
1457 4196 1532 4267 est),

162 4284 214 4347 sic
241 4285 338 4345 Terra
364 4303 421 4363 per
448 4288 655 4366 vegetantinm
678 4288 834 4350 radiorum
854 4288 998 4360 (diximus
1028 4286 1105 4347 enirn
1136 4287 1286 4347 calfacere
1314 4285 1383 4346 illos
1416 4291 1447 4344 et
1475 4283 1532 4343 bu·

164 4375 325 4447 mactare)
349 4375 564 4452 geometricum
588 4396 778 4460 concursum,
791 4377 1015 4448 exstimulatur,
1041 4382 1074 4436 ut
1093 4375 1253 4454 diligenter
1277 4394 1329 4436 seu
1353 4380 1439 4433 tanto
1463 4389 1531 4431 ma·

160 4462 215 4540 gis
240 4458 445 4541 vegetationis
469 4466 553 4544 operi
575 4465 701 4528 insistat
723 4485 920 4545 magnamque
944 4483 1090 4544 vaporum
1114 4464 1232 4542 copiam
1255 4461 1392 4523 exsudet.
1421 4502 1426 4509 -

717 4555 849 4616 Thesis
872 4553 988 4616 XLIV.

257 4636 330 4699 Etsi
362 4656 435 4701 voro
463 4641 519 4701 bas
549 4643 738 4722 operationes
772 4650 948 4722 aspectuum
970 4639 1103 4702 nonnihil
1127 4638 1247 4700 variant
1269 4637 1401 4714 ipsorum
1424 4633 1533 4712 plane-

167 4730 268 4789 tarum
300 4727 439 4790 diversae
471 4736 598 4792 naturae
628 4750 720 4812 supra
743 4733 928 4813 explicataa;
961 4736 996 4791 ut
1019 4729 1108 4790 aliter
1130 4733 1268 4788 movetur
1295 4724 1391 4785 Terra
1413 4744 1432 4784 a
1455 4740 1532 4802 geo-

166 4816 296 4880 metrica
316 4815 463 4882 mixtione
486 4815 612 4882 Saturni
636 4828 668 4882 et
692 4821 803 4885 Martis
827 4817 1064 4888 contrariorum,
1088 4816 1178 4879 aliter
1199 4811 1323 4876 aJovis
1347 4815 1379 4874 et
1401 4810 1533 4874 Veneris
