3366 5482
771 244 853 309 capa
869 245 926 298 ru.
975 183 985 267 γ·
1316 205 1318 208 ’
1470 246 1530 312 147

165 405 316 458 cavendum
331 404 376 457 hic
390 419 408 456 a
422 403 573 456 collusione
588 403 644 457 ista
657 404 852 468 accidentaria,
876 408 946 477 quod
961 407 1044 461 etiam
1059 408 1168 462 sextilis
1183 408 1221 461 sit
1234 407 1360 477 praecise
1374 407 1531 464 dimidiatus

166 484 261 545 trinus,
284 492 314 537 et
339 482 449 538 sextilis
473 481 574 536 tertiae
589 484 664 536 molli
689 487 864 555 respondeat.
907 487 978 541 Nam
1002 489 1079 541 docui
1095 504 1156 556 cap.
1173 489 1200 541 6.
1224 488 1272 541 lib.
1289 487 1335 541 lV.
1351 489 1529 543 Harmonice·

166 579 230 626 rum,
258 563 355 617 sextili
369 564 536 631 respondere
551 580 605 616 non
620 564 730 617 tertiam
744 566 862 629 mollem,
885 567 932 619 sed
952 567 1082 636 diapente
1102 567 1337 636 epidisdiapason:
1362 566 1450 636 ipsum
1464 585 1530 623 vero

166 642 276 696 tertiam
290 643 401 697 mollem
416 659 583 696 communem
597 660 659 696 esse
674 644 796 698 sobolem
816 652 873 700 tam
893 646 1101 718 quinquangnrli,
1124 663 1206 716 quam
1220 647 1379 716 sexanguli,
1402 647 1468 717 quia
1487 648 1530 702 his

166 722 283 776 numeris
300 723 327 786 5,
348 724 366 778 6
388 722 636 791 comprehenditur.
679 724 784 793 Estque
804 741 889 779 causa
912 726 1104 791 diversissima,
1130 743 1199 796 quac
1219 727 1319 779 trinum
1338 726 1364 778 iu
1384 728 1451 779 duos
1467 744 1530 796 per-

166 801 251 855 iectos
266 803 385 857 sextiles
400 801 497 855 dividit
520 803 556 855 ab
572 802 622 855 illa
637 819 730 864 causa,
754 821 826 874 quac
840 805 970 874 diapente
996 806 1022 859 in
1037 809 1106 859 duas
1121 805 1228 868 tertias,
1254 804 1387 873 majorem
1402 814 1431 859 et
1445 806 1530 861 mino·

164 896 219 936 rem
238 881 345 936 diviua.
386 883 416 935 Id
431 881 539 952 quidem
553 883 597 935 vel
622 887 658 935 eri
673 883 725 935 hoc
741 892 867 952 apparet,
894 887 966 954 quod
986 892 1083 954 partes
1108 894 1173 938 sunt
1192 884 1249 937 illic
1264 885 1405 954 aequales,
1426 885 1472 939 hic
1489 886 1529 939 in-

165 962 305 1032 aequales.
348 961 426 1016 Nihil
447 961 535 1032 igitur
548 962 705 1015 detrahitur
724 963 862 1018 nobilitati
885 964 986 1018 tertiae
1000 968 1094 1028 durae,
1121 965 1189 1017 nihil
1205 964 1311 1018 accedit
1330 965 1430 1018 tertiae
1444 964 1528 1029 molli,

164 1043 234 1111 quod
249 1041 361 1095 sextilis
375 1048 420 1094 est
433 1040 570 1094 dimidium
584 1043 617 1094 de
632 1041 713 1104 trino,
730 1042 853 1113 quintilis
868 1061 921 1097 non
936 1044 1014 1106 item;
1030 1052 1059 1098 et
1075 1052 1170 1114 posset
1184 1062 1237 1098 non
1251 1043 1362 1097 minoris
1377 1045 1430 1097 hoc
1444 1045 1528 1099 aesti-

165 1120 239 1184 mari,
264 1123 337 1191 quod
361 1120 483 1192 quintilis
508 1120 696 1179 sitdimidium
718 1123 752 1174 de
776 1123 914 1193 biquintili
938 1122 985 1178 doc,
1027 1125 1160 1195 Equidem
1185 1142 1239 1178 non
1261 1123 1373 1177 minima
1395 1140 1461 1193 pars
1485 1131 1529 1177 est

164 1200 294 1255 solertiae
310 1202 347 1255 ab
361 1200 516 1270 hujusmodi
531 1202 707 1254 concursibus
723 1201 913 1256 accidentariis
929 1220 1036 1266 cavere,
1058 1204 1112 1274 qui,
1137 1211 1168 1256 ut
1190 1205 1327 1274 quondam
1340 1203 1420 1257 Siren
1433 1203 1529 1259 Sicula

165 1280 331 1352 navigantes
346 1288 439 1345 cantu,
462 1280 501 1333 sic
516 1280 568 1350 ipsi
581 1280 813 1350 philosophantes
828 1283 975 1352 voluptate
996 1283 1159 1354 apparentis
1178 1282 1389 1352 pulchritudinis
1413 1283 1528 1353 aptique

164 1375 311 1430 responsus
327 1355 364 1427 (si
379 1360 487 1430 quidem
508 1359 553 1412 hic
566 1361 771 1413 cohaerescant
785 1361 967 1415 admiratione
982 1364 1065 1433 capti,
1089 1364 1135 1417 ubi
1152 1379 1239 1416 causa
1261 1362 1340 1416 nulla
1353 1370 1397 1415 est
1411 1362 1527 1417 alterius

164 1440 189 1493 ln
203 1434 310 1507 altero)
325 1440 457 1501 detinent,
472 1452 506 1492 ut
518 1440 553 1492 ad
568 1457 681 1508 scopum
696 1441 871 1508 praefinitum
885 1442 1018 1496 scientiae
1032 1444 1177 1511 pervenire
1193 1460 1246 1495 non
1260 1440 1376 1511 possint.
1468 1471 1470 1474 <
1507 1433 1510 1437 ’

242 1519 348 1582 Quinta
362 1535 450 1573 causa
464 1528 508 1572 est
530 1520 646 1572 effectus
662 1522 798 1573 secundae
823 1531 852 1573 et
866 1522 958 1584 efficit,
983 1530 1014 1574 ut
1031 1523 1153 1593 quintilis
1178 1520 1363 1591 imperfectior
1386 1528 1526 1590 aspectus,

162 1601 246 1654 tertia
260 1602 331 1653 dura
353 1599 539 1669 imperfectior
553 1593 660 1668 (potius
684 1600 799 1652 alterius
823 1597 949 1670 generis)
964 1601 1146 1655 consonantia
1169 1600 1218 1653 sit:
1240 1618 1294 1654 non
1313 1598 1405 1663 efficit,
1434 1606 1465 1653 ut
1478 1600 1527 1654 ille

163 1686 292 1750 aspectus
316 1680 399 1749 plane
423 1679 525 1732 nullius
549 1678 696 1740 efficaciae,
719 1679 790 1732 baec
805 1681 986 1735 consonantia
1011 1681 1113 1735 nullius
1129 1681 1165 1734 sit
1179 1679 1337 1734 suavitatis.
1380 1680 1451 1733 Nam
1475 1680 1527 1734 hoc

160 1759 216 1826 lam
239 1761 342 1813 dudum
363 1761 397 1811 de
420 1759 544 1812 omnibus
569 1759 688 1828 quinque
712 1758 912 1825 objectionibus
937 1766 1000 1814 erat
1022 1760 1179 1822 dicendum
1201 1762 1272 1831 quod
1296 1758 1319 1812 si
1338 1759 1474 1822 valerent,
1499 1760 1527 1812 iu

126 1854 129 1859 ·
163 1841 265 1894 musica
288 1855 378 1909 aeque
402 1839 530 1892 valerent
553 1855 586 1892 ao
610 1839 638 1892 in
661 1839 774 1909 negotio
799 1847 975 1908 aspectuum:
1000 1857 1050 1893 nec
1072 1841 1145 1894 ratio
1169 1840 1230 1893 ulla
1248 1837 1378 1902 redditur,
1403 1838 1526 1893 curbae

162 1935 264 1974 causae
284 1919 402 1972 valeant
422 1919 486 1982 illic,
510 1935 563 1972 non
585 1920 699 1972 valeant
712 1919 765 1972 hic.
1218 1920 1221 1924 ’

238 1996 294 2070 gg)
315 2000 359 2052 De
374 1999 527 2068 octangula
549 1999 635 2052 stella
656 2015 701 2051 res
716 2004 760 2051 est
773 1999 840 2052 alia.
883 1999 938 2052 Cur
959 1999 1029 2053 enim
1053 1999 1104 2052 illa
1126 2016 1186 2052 cum
1205 2000 1355 2069 sesquadro
1369 1997 1527 2054 eliminetur

164 2096 208 2134 sen
222 2080 315 2151 magis
329 2087 516 2148 postponatur
530 2096 565 2131 ex
581 2079 749 2147 aspectibus,
775 2096 828 2131 non
852 2078 917 2132 item
937 2097 952 2131 e
972 2078 1076 2133 musica
1092 2079 1250 2132 eliminetur
1272 2085 1356 2131 sexta
1380 2077 1467 2132 minor
1489 2095 1526 2133 ex

163 2159 313 2232 octangulo
327 2165 408 2214 nota:
432 2157 493 2226 ejus
508 2159 547 2212 rei
563 2174 662 2212 causas
677 2175 731 2228 ego
746 2159 871 2227 explicui
891 2158 940 2213 lib.
958 2158 1005 2213 IV.
1020 2159 1152 2213 Harmon.
1169 2174 1230 2226 cap.
1247 2160 1273 2212 6.
1316 2156 1428 2212 Scilicet
1442 2158 1527 2212 etiam

163 2239 320 2294 ciroahunc
335 2239 508 2309 aequabunt
534 2239 632 2292 tamin
647 2238 751 2291 musica
765 2254 847 2308 quam
871 2238 943 2291 inter
956 2246 1094 2308 aspectus,
1120 2240 1211 2308 quoad
1233 2237 1425 2307 proportiones
1450 2238 1526 2307 ipsas

164 2309 254 2376 teis
275 2319 310 2372 ad
326 2316 357 2381 6,
383 2325 447 2372 sunt
466 2318 536 2371 enim
555 2318 684 2388 utrinque
698 2317 785 2370 viles:
811 2325 842 2371 at
862 2325 977 2388 propter
990 2333 1150 2372 concursum
1173 2318 1201 2371 in
1219 2333 1277 2371 una
1300 2317 1420 2370 sectione
1444 2317 1526 2372 trium

164 2398 368 2470 proportionum
383 2396 413 2460 3,
431 2398 447 2452 5
463 2405 493 2450 et
508 2399 538 2461 5,
555 2397 573 2453 8
588 2406 618 2451 et
633 2397 663 2460 3,
680 2397 711 2459 8,
736 2397 814 2466 cujus
829 2398 901 2451 ratio
923 2397 995 2451 inter
1015 2407 1144 2466 aspectus
1163 2397 1286 2451 habetur
1298 2397 1384 2460 nulla,
1409 2396 1527 2450 nobilior

164 2484 204 2533 est
218 2475 296 2532 haec
317 2476 483 2548 octogonica
502 2485 580 2531 secta
600 2477 627 2530 in
653 2477 765 2532 musica.

237 2554 293 2626 hh)
314 2558 370 2610 Imo
395 2573 460 2610 vero
475 2563 504 2609 et
522 2557 568 2610 hic
592 2565 733 2636 operatur,
758 2562 831 2610 teste
846 2556 1022 2625 experientia
1045 2564 1074 2609 et
1095 2556 1263 2610 contrariam
1283 2555 1461 2626 octangulari
1475 2571 1524 2608 ex-

165 2638 264 2708 peritur
279 2638 417 2691 iomuuam
437 2636 464 2689 in
485 2637 601 2698 musica;
626 2637 731 2690 nullam
745 2637 816 2690 enim
831 2637 980 2689 sectionem
999 2636 1168 2704 peculiarem
1182 2636 1338 2689 constituit:
1364 2636 1425 2688 vide
1440 2650 1525 2704 saepe

163 2719 317 2790 allegatum
331 2733 392 2785 cap.
408 2718 434 2770 6.
450 2716 499 2770 lib.
514 2718 560 2770 IV.
576 2718 707 2770 Harmon.
750 2717 833 2768 Vides
857 2708 944 2785 ibitur
958 2731 1070 2769 causam
1087 2717 1170 2769 illam
1195 2716 1319 2785 quintam
1343 2733 1405 2768 esse
1425 2715 1459 2768 de
1484 2714 1524 2768 ni·

164 2797 227 2861 hilo;
250 2797 332 2868 quasi
348 2797 394 2866 qui
409 2813 463 2850 uon
478 2795 593 2865 implent
606 2797 759 2865 planitiem,
784 2796 802 2848 ii
818 2796 994 2865 nonpossint
1016 2796 1074 2848 fieri
1095 2803 1234 2865 aspectus.
1276 2795 1346 2848 Nam
1361 2795 1414 2848 etsi
1429 2795 1524 2864 singu·

166 2877 247 2934 larum
268 2876 423 2946 specierum
443 2893 497 2929 non
518 2876 641 2945 implent,
664 2884 694 2929 at
715 2876 831 2944 implent
848 2875 1018 2943 junctarum.

236 2955 268 3023 ii)
290 2954 438 3025 Separatio
463 2957 558 3026 aliqua
576 2957 735 3009 necessaria
754 2954 814 3019 fuit,
840 2957 888 3008 sed
910 2955 962 3008 illa
976 2958 1011 3009 ob
1026 2970 1126 3008 causas
1150 2954 1234 3023 longe
1249 2952 1329 3015 alias,
1355 2968 1437 3023 quam
1452 2968 1524 3024 quae

166 3036 201 3090 hic
221 3039 284 3092 loco
306 3035 402 3107 quinto
423 3043 657 3089 commemoratur.

234 3111 294 3184 kk)
317 3115 439 3184 Optime:
461 3116 538 3168 valet
561 3115 632 3167 enim
651 3115 703 3168 hoc
723 3115 810 3183 ipsum
829 3115 913 3169 etiam
933 3115 960 3166 in
975 3130 1043 3166 vera
1056 3129 1150 3167 causa.
1182 3111 1250 3164 Vide
1260 3113 1395 3165 Harmon.
1411 3110 1458 3165 lib.
1476 3112 1520 3165 IV.

236 3194 271 3263 ll)
293 3197 354 3250 Hoc
368 3195 478 3248 nimium
492 3202 537 3249 est
551 3203 580 3248 et
594 3195 761 3248 contrarium
775 3195 935 3263 praemisso.
979 3193 1007 3246 Si
1030 3204 1145 3263 propter
1164 3192 1305 3262 angulum,
1328 3189 1424 3260 utique
1439 3189 1521 3245 etiam

167 3285 273 3347 propter
295 3277 429 3347 figuram
453 3291 516 3328 nam
539 3282 569 3328 et
590 3275 682 3346 ligura
704 3291 755 3343 per
778 3275 897 3344 angulos
913 3273 1089 3327 constituitur
1106 3280 1136 3326 et
1150 3271 1315 3342 angulorum
1329 3271 1452 3324 delectus
1472 3287 1524 3339 per

166 3356 262 3427 figuras
285 3357 327 3410 fio.
369 3355 423 3410 Sed
445 3356 505 3408 vide
529 3356 687 3424 scrupulum
711 3357 745 3407 de
768 3355 860 3424 figura
874 3354 991 3407 centrali
1015 3360 1044 3406 et
1067 3356 1100 3406 de
1114 3349 1353 3405 circumferentiali
1377 3365 1523 3404 excussum

168 3435 205 3491 tib.
227 3438 276 3492 lv.
298 3437 393 3490 Harm.
416 3451 476 3504 cap.
500 3435 527 3489 5.

237 3513 304 3579 mm)
325 3515 379 3568 Hic
392 3516 589 3585 paragraphus
604 3514 796 3583 complectitur
810 3521 897 3567 totam
916 3514 975 3566 fere
990 3511 1195 3581 dispositionem
1209 3511 1434 3564 Harmonicorum
1448 3527 1521 3564 meo·

168 3611 227 3653 rann.
270 3597 341 3650 Nam
366 3612 506 3649 commune
532 3595 600 3648 illud
623 3594 828 3664 geometricum,
853 3600 984 3663 tanquam
1016 3607 1128 3646 causam
1151 3590 1366 3660 archetypicam,
1391 3589 1520 3660 praemisi

168 3674 207 3731 lib.
223 3677 243 3730 1.
259 3684 289 3729 et
303 3677 353 3738 11..
378 3675 441 3745 quid
456 3692 521 3728 vero
545 3675 612 3727 illud
628 3681 758 3727 causetur
780 3674 807 3727 in
831 3674 944 3738 musica,
967 3672 1106 3742 explicavi
1120 3671 1167 3725 lib.
1184 3671 1246 3733 111„
1269 3670 1332 3737 quid
1355 3669 1382 3722 in
1401 3669 1520 3738 aspecti·

237 3833 286 3901 nn)
308 3835 425 3889 Frustra
445 3834 497 3888 has
513 3849 611 3887 causas
626 3853 661 3887 ex
677 3832 830 3887 Ptolemaei
845 3830 953 3886 musicis
977 3837 1143 3901 expectatas
1164 3844 1182 3881 a
1195 3846 1238 3881 me
1252 3846 1322 3891 esse,
1352 3829 1439 3881 lector
1462 3826 1521 3896 ipse

161 3915 237 3980 dicet,
263 3916 415 3986 siquando
437 3920 566 3968 auctores
589 3913 619 3967 hi
642 3931 702 3968 cum
718 3913 784 3967 meis
800 3912 872 3966 notis
887 3913 1012 3973 edantur,
1036 3912 1097 3964 Deo
1113 3908 1198 3961 vitam
1212 3916 1393 3978 prorogante.
1423 3911 1520 3977 (Comp.

168 4009 243 4053 unct
264 3999 320 4064 ³8.)
361 3995 469 4049 Haeret
494 3993 566 4046 enim
586 3995 763 4047 Ptolemaeus
789 3993 816 4046 in
845 3990 980 4052 numeris,
1010 3998 1042 4043 ut
1063 4003 1159 4049 causa,
1183 3987 1241 4039 sine
1267 3993 1397 4058 respectu
1417 3987 1520 4056 figura·

168 4090 231 4141 ram,
262 4083 295 4130 ut
324 4074 430 4129 numeri
455 4074 608 4134 numerati;
640 4074 735 4144 itaque
762 4080 791 4126 et
817 4070 974 4125 harmonias
1000 4069 1146 4123 nonnullas
1174 4083 1235 4120 cum
1255 4068 1397 4123 veteribus
1417 4065 1521 4135 injuste

168 4155 312 4222 pmscribit,
334 4159 365 4208 et
384 4153 536 4208 intervalla
556 4155 691 4224 quaedam
712 4155 785 4207 inter
805 4151 939 4206 concinna
959 4149 1058 4218 recipit
1079 4149 1155 4201 nullo
1177 4147 1287 4202 illorum
1307 4148 1414 4202 merito.
1451 4147 1522 4201 Vide

169 4233 253 4290 Sarna
274 4251 353 4290 meae
374 4234 423 4288 lib.
446 4225 545 4295 11L⁸³t

238 4311 287 4385 oo)
305 4316 351 4370 De
379 4313 422 4367 bis
451 4318 565 4382 praeter
593 4312 795 4381 propositiones
822 4307 1021 4380 aDasypodio
1042 4307 1198 4375 exscriptas
1227 4306 1296 4359 nihil
1321 4307 1384 4360 ridi.
1426 4308 1521 4376 Neque

171 4398 254 4450 anon
273 4410 337 4466 spes
359 4402 412 4465 est,
434 4393 463 4446 in
482 4392 597 4446 Euclide
618 4399 759 4462 repertum
779 4391 821 4454 iri,
844 4406 914 4460 quae
928 4389 1113 4450 Ptolemaeus,
1137 4401 1208 4456 quae
1222 4386 1403 4457 Porphyrius,
1426 4392 1523 4439 aetate

171 4475 336 4540 tatcriores,
357 4491 414 4529 non
434 4473 548 4527 babent.
566 4464 602 4538 ⁴¹)

747 4631 937 4644 ..ο-ι--ι
