3366 5482
163 220 209 292 to
592 281 597 290 .
760 219 922 306 mutua

128 375 133 381 ’
163 383 304 464 generale
328 388 413 446 esset
435 382 598 457 decretum,
622 383 763 465 princeps
786 385 918 447 cilicium
940 390 1037 447 meum
1060 386 1196 449 neutrale
1214 405 1283 448 esse
1297 398 1457 454 exemtcm
1472 393 1531 455 de·

126 482 131 493 ’
162 472 304 546 clareret,
316 471 435 548 'neillo
450 471 570 533 decreto
585 474 704 534 veniam
718 474 747 535 in
770 473 945 554 periculum,
970 474 1108 536 sinerer
1125 476 1154 536 iu
1169 476 1334 553 provincia.
1380 479 1531 562 Respon.

160 559 297 624 sum‘est
320 548 369 623 his
392 554 508 622 verbis:
534 561 606 634 „lhr
620 560 744 624 Durchl.
760 563 868 624 vollen
889 582 960 624 ause
983 563 1112 624 scudern
1135 563 1254 643 gnadeu
1276 568 1444 648 verwilltgc
1469 571 1530 634 ha·

160 650 253 725 nen:
277 649 350 713 dass
374 647 554 728 supplicant
577 650 739 730 Ungeacht
762 651 822 713 der'
839 651 962 731 general
992 651 1204 731 ausschaffung
1231 663 1290 715 etc.
1317 656 1397 718 noch
1422 659 1532 742 lenger

163 738 253 801 allhie
276 737 448 820 verbleibeu
473 747 570 817 mdge.
618 739 703 809 Dcch
727 739 785 801 soll
809 759 843 801 er
865 739 928 800 sich
943 739 1147 802 allenthalben
1165 743 1529 819 gebirlicherBeschai·

162 827 286 889 denheit
315 826 502 908 gebrauchen
537 827 595 888 und
624 827 692 905 'sich
715 828 792 890 'also
823 827 1060 889 Vuverueisliclr
1091 829 1262 906 verhalten,
1297 834 1396 896 damit
1420 838 1462 899 lr.
1487 838 1518 901 D

162 915 285 981 scilicbe
309 915 390 996 gued
409 914 503 982 'wider
526 915 710 977 aulzuheben
735 917 779 979 nit
803 916 978 979 verursacht
997 918 1125 980 verde.“
1163 918 1281 982 Dicitur
1298 923 1444 1005 princeps
1470 926 1527 989 de-

154 1004 271 1077 lectari
293 1005 369 1067 meis
392 1003 622 1079 inventionibus,
647 1015 678 1066 et
702 1006 860 1067 Mauechio
884 1006 1003 1085 quidam
1026 1005 1214 1069 consiiiarius
1233 1009 1312 1071 solet
1327 1011 1367 1072 ad
1382 1032 1431 1075 me
1448 1017 1528 1078 seri-

162 1093 244 1164 bere.
267 1094 347 1154 unde
371 1086 526 1155 laventem'
546 1092 644 1154 habeo
668 1093 778 1156 aulam.
826 1092 907 1165 Quid
930 1094 1260 1158 autemi'Maneboue?
1292 1098 1338 1161 Ac
1361 1084 1527 1167 exomni-
1569 1108 1576 1119 '

158 1172 219 1246 bus
241 1180 337 1245 tubus
359 1176 523 1262 provinciis
552 1170 651 1243 exacti
667 1181 810 1245 'ministri
838 1181 959 1262 publici.
1005 1180 1120 1246 Latent
1147 1183 1219 1259 hinc
1251 1185 1320 1248 iude
1348 1191 1463 1269 privati
1495 1195 1527 1255 iu

161 1271 291 1335 arcibus.
338 1270 382 1332 At
406 1271 431 1333 si
455 1269 521 1351 quis
544 1270 602 1332 civi
626 1271 769 1351 principis
792 1271 923 1333 venienti
945 1271 1060 1351 petenti
1083 1273 1211 1352 porrigit
1232 1288 1469 1350 sacramentum.
1490 1293 1525 1346 et

162 1361 228 1446 ipse
251 1359 383 1440 pellitur.
430 1357 554 1422 Civibus
580 1359 730 1439 imperata
753 1357 806 1423 26.
830 1361 908 1424 Nou.
933 1360 1076 1439 parochia
1098 1362 1189 1435 urbis,
1215 1372 1431 1446 aquapetant
1447 1372 1525 1451 bap-

160 1445 293 1528 tismiun,
318 1447 543 1510 benedictiones
567 1448 773 1527 conjugiomm
798 1447 877 1522 „und
901 1448 1011 1509 andere
1036 1449 1226 1530 dergleicheu
1241 1453 1389 1518 heilsame
1405 1457 1525 1523 Sacra-

160 1528 343 1620 mente'uud
358 1529 836 1617 Gottesdienstbesueclicngen“.
872 1537 924 1597 lbo
949 1536 1060 1616 igitur?
1095 1541 1141 1600 At
1163 1559 1237 1604 uxor
1261 1544 1410 1608 adhaeret
1434 1549 1524 1613 bonis

162 1626 226 1692 suis
249 1633 284 1689 et·
304 1625 369 1705 spei
392 1623 536 1687 bonorum
555 1624 728 1705 patriorum.
766 1627 914 1689 Videntur
936 1626 1035 1687 omnia
1057 1627 1232 1704 deserenda,
1257 1639 1348 1712 atque
1372 1635 1443 1715 ipsa
1466 1639 1525 1701 ad—

162 1733 212 1780 eo'
222 1714 362 1796 pritigna
380 1732 449 1798 mea
471 1711 493 1778 8
517 1732 670 1788 annorum,
689 1715 783 1794 paulo
797 1724 867 1794 post
880 1715 1006 1796 papatui
1019 1716 1175 1804 initianda,
1200 1719 1229 1780 si
1242 1730 1371 1786 matrem
1387 1726 1524 1790 emittat.

159 1805 236 1868 'llum
260 1796 327 1885 quis
351 1802 418 1874 scit,
444 1803 493 1883 qui
517 1810 695 1864 statueres
719 1804 761 1866 sit
783 1813 853 1883 post
870 1805 946 1866 haec
960 1806 1158 1889 excepturus.
1196 1806 1346 1873 Maturuit
1368 1815 1535 1880 vindemia·

159 1894 223 1961 irs'e
245 1892 304 1956 Dei
328 1893 420 1954 etism
444 1890 526 1973 apud
547 1910 613 1953 vos.
661 1891 894 1955 Tumultuantur
917 1893 1024 1956 omnia.
1072 1895 1191 1976 ltaque,
1215 1899 1294 1978 quod
1318 1901 1385 1979 jam
1403 1905 1524 1984 pridem

160 2001 237 2064 ago,
271 1999 361 2061 agere
383 1998 520 2062 pergam.
567 1979 672 2059 Neque
696 1981 947 2065 wirtembergico
972 1983 1165 2062 supplicabo,
1198 1987 1374 2069 priusquam
1398 1995 1522 2072 penitus

162 2070 314 2144 extrudar,
339 2087 434 2148 neque
458 2069 484 2131 si
508 2087 567 2149 qua
590 2066 769 2131 Stuccardia
791 2072 862 2133 mihi
886 2071 1021 2133 imminet
1045 2073 1172 2147 vocatio,
1197 2076 1358 2155 impediam
1383 2090 1438 2144 aut
1462 2084 1521 2147 im·
1561 2089 1565 2097 ’

143 2158 297 2242 peditam
320 2157 442 2238 optabo.
488 2157 569 2220 Nam
592 2157 618 2218 si
641 2156 713 2234 talis
736 2178 829 2222 causa
852 2159 997 2240 horologii
1021 2161 1140 2222 vocatio
1159 2166 1286 2240 venerit,
1312 2187 1432 2250 semper
1448 2175 1521 2238 mibi

162 2249 221 2311 erit
243 2247 403 2326 integrum,
429 2244 595 2308 deliberare
620 2245 656 2307 de
680 2248 889 2328 amplectenda
912 2260 964 2311 aut
987 2239 1166 2312 declinanda
1189 2253 1251 2315 illa.
1299 2256 1368 2321 Nisi
1389 2260 1474 2324 aliud
1489 2272 1522 2326 tu

161 2347 195 2400 et
209 2335 364 2415 Collegae·
377 2342 410 2396 et
422 2335 461 2396 D.
478 2334 681 2398 Haterelierus
707 2339 882 2411 consulatis,
908 2356 1029 2420 quorum
1051 2339 1181 2419 omnium
1203 2345 1331 2406 consilia
1354 2349 1414 2411 etsi
1431 2351 1523 2415 foeda

159 2427 219 2490 bac
235 2445 330 2488 mauu
353 2430 385 2485 ct
398 2423 517 2503 pictura
531 2423 648 2499 literae,
673 2445 710 2486 ex
729 2427 826 2489 animo
840 2435 989 2489 tamenet
1003 2446 1068 2489 cum
1083 2428 1187 2493 debita
1200 2436 1373 2498 reverentia
1388 2450 1520 2518 expeto:

159 2522 335 2598 praestetne
367 2517 414 2574 me
447 2512 494 2575 hic
528 2528 617 2592 agere
647 2514 909 2603 mathematicum,
935 2517 1059 2598 'qualem
1083 2519 1183 2600 Tycho
1214 2523 1347 2593 (ratione
1378 2527 1437 2590 loci
1461 2551 1522 2593 nou

160 2603 353 2677 eruditionis)
375 2601 404 2662 in
418 2601 719 2681 Dania,.solitarium
744 2624 787 2667 se.
813 2606 868 2666 ne'c
892 2605 948 2667 nisi
964 2603 1171 2684 scriptis'olim
1187 2610 1367 2691 loquentem,
1393 2636 1521 2682 unvero

160 2689 264 2757 venari
287 2691 461 2754 occasiones
485 2690 624 2772 loquendi
653 2693 689 2754 de
723 2694 868 2756 cathedra
895 2693 925 2757 iu
950 2694 1054 2774 'aliqua
1082 2696 1158 2759 sorte
1192 2701 1374 2766 academia?
1406 2692 1521 2779 'Quam

181 2782 368 2864 uacationem
405 2781 470 2845 loco
504 2781 713 2844 valedictionis
742 2791 773 2844 et
801 2782 952 2845 officiosae
986 2783 1176 2849 salutationis
1204 2790 1342 2855 omnibus
1371 2813 1519 2877 propono.

161 2801 595 2953 increpatiotionem.
643 2866 673 2934 9.
697 2870 821 2935 Decem.
868 2881 947 2935 st.·n.
973 2869 1025 2938 98.
1180 2887 1190 2922 '-

239 2972 242 2977 ·
325 2966 329 2974 ’
438 2956 496 3023 Ex.
520 2960 555 3022 T.
602 2959 701 3022 Notus
923 3008 927 3014 ,
1082 2978 1086 2986 ·
1128 2963 1174 3026 Μ.
1198 2964 1334 3049 Kenio,
1430 3028 1432 3033 .

367 3069 372 3081 ·
775 3089 778 3094 2
935 3048 1098 3114 Procerum
1123 3051 1244 3135 Styriae
1267 3057 1519 3129 Mathematicus.

230 3200 401 3292 Keplerus,
421 3231 450 3276 nt
466 3220 839 3290 mpnldsestlinc'scripserst,
860 3194 1008 3278 Galilaso
1024 3226 1183 3282 Prcdrcmum
1202 3246 1273 3297 suum
1290 3232 1424 3288 Patavium
1441 3243 1520 3302 misit,

159 3294 200 3368 epil
219 3301 314 3367 gratias
332 3300 385 3363 egit
403 3313 447 3362 pro
465 3310 566 3347 munere
584 3296 623 3346 his
641 3297 735 3346 verbis:
1201 3340 1203 3345 Ι

187 3457 192 3465 .
229 3405 331 3457 Librum
348 3383 435 3460 mum}
452 3404 591 3454 doctissime
610 3404 660 3464 sir,
680 3418 697 3454 e
714 3401 742 3453 P.
762 3403 911 3470 Amberpero
930 3405 963 3456 sd
980 3408 1138 3458 irremissum
1157 3411 1260 3474 accepi,
1279 3426 1329 3461 non
1347 3414 1448 3477 quidem
1466 3417 1520 3470 dis·

159 3479 213 3536 bu,
232 3479 277 3529 sed
294 3478 380 3542 paucis
398 3468 488 3527 abhinc
505 3475 585 3532 horim
606 3483 709 3540 cumque
728 3474 793 3525 idem
804 3474 897 3526 Paulus
915 3477 946 3527 ds
964 3493 1008 3527 suc
1026 3481 1106 3530 reditu
1124 3482 1149 3530 iu
1160 3481 1319 3533 Germaniam
1331 3499 1430 3536 mecum
1442 3491 1521 3541 rerba

159 3552 269 3613 smne,
287 3550 379 3616 ingrati
396 3547 506 3612 proiecto
525 3547 600 3596 animi
618 3547 727 3597 futurum
746 3562 799 3614 essp
818 3549 965 3605 adsummi.
991 3547 1124 3602 nisihisce
1143 3552 1218 3602 literis
1236 3555 1281 3603 tibi
1300 3555 1330 3605 de
1349 3571 1451 3610 munere
1472 3576 1519 3612 uc·

162 3628 233 3690 „920
245 3621 346 3688 gnei„
366 3632 473 3685 ggmm.
511 3619 565 3682 Ago
583 3619 659 3683 igitur
676 3624 702 3669 et
719 3633 802 3668 mrsus
821 3633 894 3684 quam
911 3623 1032 3671 maximas
1051 3638 1108 3689 ago,
1127 3624 1191 3688 quod
1209 3639 1248 3674 me
1267 3626 1312 3675 tali
1331 3637 1479 3693 arpumeutc
1493 3635 1521 3684 in

160 3703 231 3746 tum
249 3691 391 3744 amicitiam.
402 3703 537 3740 convocare
556 3690 588 3738 sis
608 3689 731 3754 dignatus.
768 3689 805 3740 Ex
823 3690 882 3741 libro
901 3693 937 3742 nil
955 3693 1036 3745 adhuc
1054 3694 1118 3752 ridi,
1138 3697 1184 3744 nisi
1202 3697 1397 3766 praelationem,
1418 3717 1448 3752 οἱ
1467 3719 1520 3768 φη

161 3774 246 3818 nmen
264 3763 506 3831 quantulumcunque
524 3771 594 3810 tuam
611 3764 708 3826 percepi
727 3764 904 3822 intentionem,
925 3771 951 3814 at
968 3766 1075 3828 prolecto
1094 3770 1391 3834 summopere'gratulor.
1417 3779 1520 3826 tantum

161 3854 201 3890 ne
222 3839 249 3888 in
271 3835 416 3902 indaganda
438 3835 541 3900 rerimte
566 3835 658 3883 socium
677 3834 768 3885 habere
781 3834 897 3900 'adeoque
915 3838 990 3900 ipsius
1008 3839 1118 3887 veritatis
1138 3840 1251 3888 amicum.
1288 3839 1431 3895 Miserabile
1450 3850 1520 3898 enirn

162 3916 213 3968 m,
233 3910 295 3960 eden
313 3922 382 3958 raros
400 3921 455 3957 esse
473 3906 583 3961 veritatis
601 3906 738 3967 studiosos,
759 3908 843 3972 etqui
862 3924 911 3959 ucu
929 3923 1068 3972 perversam
1086 3908 1272 3974 philosophandi
1291 3915 1412 3964 rationem
1431 3933 1518 3982 prose·

162 3987 284 4048 quantur:
303 3980 331 4030 ht
348 3981 407 4044 quia
424 3993 473 4028 nou
492 3977 636 4041 deplorandi
653 3980 825 4030 nostriseculi
841 3981 952 4031 miserim
970 3980 1011 4031 hic
1027 3981 1094 4036 locus
1107 3987 1153 4036 est.
1172 3983 1216 4031 sed
1229 3991 1311 4034 tetum
1324 3988 1519 4052 evnsslttnltudi

163 4052 194 4105 de
211 4053 378 4118 pulcherrimis
395 4052 420 4100 in
439 4051 549 4101 veritatis
567 4049 776 4101 coadunationem
794 4052 917 4102 inventis:
944 4051 999 4102 ldec
1022 4051 1069 4102 hoc
1091 4056 1189 4102 tautum
1213 4055 1303 4104 addam
1327 4064 1353 4106 et
1370 4057 1516 4121 pollicebcr‚

161 4139 202 4177 ms
220 4139 298 4190 uque
317 4123 505 4175 auimorlibrum
523 4127 593 4172 tuum
610 4122 855 4186 perlectumrnesse,
873 4139 928 4174 cum
947 4131 1028 4174 certus
1045 4125 1099 4179 sim.
1118 4137 1157 4172 mc
1175 4125 1338 4188 pulcherrima
1355 4130 1381 4178 in
1394 4133 1447 4194 ipso
1460 4147 1518 4185 esse

162 4204 321 4262 mmmm.
358 4194 388 4244 Id
406 4201 490 4245 sutem
509 4210 538 4245 cc
556 4193 671 4246 libanius
689 4195 789 4253 inciam.
808 4196 872 4258 quod
890 4197 915 4245 iu
929 4195 1057 4259 Copernici
1070 4197 1217 4246 numnuam
1230 4198 1313 4248 multis
1331 4200 1422 4252 abhinc
1442 4207 1518 4256 annis

163 4271 284 4326 „nel-pm,
305 4271 340 4318 ἠ
359 4280 388 4317 ex
407 4266 452 4315 tali
469 4267 589 4330 positione
607 4267 737 4316 multorum
756 4267 832 4316 ctiam
849 4267 999 4318 naturalium
1018 4258 1152 4317 ansanum
1171 4277 1262 4319 causae
1281 4273 1332 4320 sint
1350 4286 1366 4321 a
1383 4289 1424 4325 me
1443 4276 1516 4338 adin-

163 4347 266 4401 ventae,
295 4351 359 4406 quae
377 4335 450 4387 dubio
467 4337 551 4402 procul
569 4352 613 4402 per
631 4352 783 4401 communem
801 4337 947 4402 hypothesin
966 4337 1148 4403 inexplicabiles
1166 4345 1229 4388 sunt.
1268 4340 1361 4392 Multas
1382 4349 1517 4413 conscripsi

164 4414 315 4464 strutiones
333 4415 359 4460 ct
372 4415 570 4474 argumentorum
587 4411 613 4459 in
631 4411 779 4460 scunarium
798 4412 943 4467 eversiones⁹
962 4424 1023 4474 quas
1041 4415 1125 4458 umen
1140 4409 1166 4478 in
1179 4409 1258 4461 lucem
1270 4413 1395 4480 hucusque
1408 4418 1517 4481 prolerre

163 4499 213 4536 nou
230 4500 284 4535 sum
297 4482 396 4538 ausus,
419 4480 518 4531 tortuns
535 4481 610 4545 ipsius
630 4481 756 4546 Copernici
774 4483 940 4547 praeceptoris
958 4481 1034 4531 nostri
1052 4481 1209 4544 perterritus:
1239 4485 1280 4548 qui
1303 4485 1362 4535 licet
1383 4489 1430 4538 sibi
1448 4492 1518 4555 apud
1539 4509 1542 4518 ·

163 4557 258 4622 31qu„
270 4552 433 4606 immortalem
444 4552 536 4604 famem
548 4554 679 4616 paraverit,
698 4554 763 4617 apud
781 4554 887 4604 infinitos
906 4560 990 4605 tamen
1009 4549 1104 4614 (tantus
1117 4554 1233 4620 animem
1243 4555 1373 4607 stultorum
1385 4561 1515 4626 numerius)

163 4625 279 4689 md„
297 4622 324 4677 ,t
341 4622 506 4688 explodendas
523 4624 621 4689 prndiit
658 4626 781 4682 Auderem
807 4625 916 4688 proiecto
941 4639 1010 4675 meas
1036 4625 1196 4687 cogitationes
1221 4642 1349 4697 promere‚
1377 4633 1398 4680 si
1424 4632 1515 4696 plures,

167 4699 245 4767 quails
262 4705 291 4750 tu
306 4711 341 4763 es,
361 4700 489 4752 emmena
509 4702 536 4745 st
554 4710 609 4745 cum
626 4711 676 4746 non
694 4698 756 4752 sint,
774 4696 912 4758 huiusmodi
929 4696 1029 4761 negotio
1047 4695 1216 4758 supersedebo.
1253 4698 1378 4764 Temporis
1396 4707 1522 4769 angustis

167 4774 194 4822 'st
210 4770 290 4839 amilio
306 4768 394 4827 librum
411 4771 481 4820 tum
498 4766 596 4833 legendi
613 4782 694 4824 vexor.
713 4781 789 4832 querc
807 4767 864 4821 nuic
882 4767 955 4824 &em
973 4768 1100 4831 imponens
1118 4767 1153 4817 2¹²³
1170 4772 1425 4832 m002m⁸⁰ii⁸⁸iml¹¹¹¹
1437 4776 1513 4844 *Ψ
