3366 5482
649 293 739 336 eoutre
754 286 853 338 Ursum.
1364 285 1429 351 255

67 445 126 507 sins
154 443 234 506 ratio
262 451 322 507 est.
365 444 444 505 Nam
471 444 638 506 rationibus
661 444 780 506 Eudoxi
805 453 1038 507 consentaneum
1062 453 1123 519 est,
1154 453 1187 507 ut
1209 444 1256 506 bic
1282 445 1428 523 jamnon

66 534 157 594 vehat
179 533 285 607 nodos,
309 532 364 594 sed
387 534 560 594 revolvatur
583 533 612 593 in
637 531 770 595 Saturno
794 533 914 614 quidem
938 533 1024 594 annis
1049 531 1100 608 30,
1126 534 1160 594 in
1170 531 1247 593 Jove
1272 533 1358 595 annis
1377 531 1426 609 12,

65 622 218 684 inhiarte
243 621 396 685 mensibus
420 618 472 693 23,
499 622 527 683 in
553 622 674 683 Venere
699 631 730 683 et
753 623 903 684 Mercurio
927 623 1079 684 mensibus
1107 620 1156 685 12.

152 709 202 773 Sit
225 729 343 772 rursum
366 711 430 790 (fig.
456 708 491 783 2)
515 708 599 772 ABC
624 711 722 790 portio
752 713 877 772 fixarum
901 711 1050 790 sphaerae
1074 721 1106 772 et
1134 710 1164 774 in
1188 729 1225 771 ea
1247 709 1340 772 coluri
1363 710 1427 776 sol-

66 800 231 874 stitiorum,
256 798 303 860 cui
327 800 509 879 respondeat
534 798 622 860 DEG
646 800 759 878 primus
783 800 900 861 Eudoxi
925 800 1020 874 orbis,
1050 819 1137 881 quern
1161 799 1273 860 habent
1297 798 1316 862 5
1341 818 1426 863 erro-

59 908 126 964 nes,
152 888 202 969 qni
226 889 367 949 volvatur
389 907 480 967 super
503 888 560 948 ΒΗ
584 888 662 966 polis
687 897 718 949 et
744 908 810 962 aue,
836 889 884 949 axi
908 888 994 968 primi
1018 898 1117 951 motus
1141 887 1340 948 coincidente.
1380 887 1429 949 Sit

64 977 134 1040 TIV
158 979 310 1039 secundus
333 976 424 1050 orbis,
449 976 532 1055 cujus
556 978 617 1055 poli
640 978 675 1047 Τ,
702 979 730 1037 V
754 979 884 1056 ligantur
902 978 931 1039 in
954 978 1074 1058 punctis
1098 979 1132 1051 F,
1159 975 1307 1063 G'primi
1333 985 1364 1037 et
1388 977 1429 1038 sit

65 1066 116 1127 DF
140 1066 306 1146 obliquitas
332 1065 501 1145 eclipticae.
550 1065 648 1144 Super
671 1065 708 1126 iis
732 1066 810 1146 polis
839 1067 964 1146 planeta
987 1073 1125 1128 movetur
1149 1066 1179 1126 in
1203 1064 1427 1145 consequentia,

65 1175 89 1216 u.
106 1175 134 1215 c.
159 1151 181 1231 b
206 1155 293 1217 annis
317 1151 360 1217 30
384 1155 422 1215 ad
443 1154 521 1215 idem
545 1154 634 1232 primi
657 1154 713 1215 vel·
728 1155 845 1216 zodiaci
859 1165 1003 1235 punctum
1019 1154 1151 1218 rediens.
1198 1154 1290 1218 KML
1306 1154 1346 1215 sit
1360 1166 1426 1216 ter-

64 1245 120 1305 tius
145 1244 238 1318 orbis,
263 1244 349 1322 cujus
371 1243 434 1324 poli
456 1244 499 1315 K,
524 1244 550 1304 L
575 1252 645 1304 sunt
668 1245 696 1304 iu
721 1244 876 1323 superficie
897 1245 1020 1306 secundi
1044 1243 1218 1324 permedia
1241 1243 1329 1323 signa
1350 1258 1448 1303 eunt

64 1333 101 1393 tis
133 1333 223 1407 TlV;
266 1352 356 1412 snper
393 1332 430 1392 iis
464 1341 602 1393 movetur
633 1332 780 1411 superiori
813 1341 900 1411 parte
945 1335 973 1394 in
1009 1333 1225 1413 consequentia
1263 1332 1427 1394 secundum

64 1430 196 1485 tractum
225 1421 328 1483 circuli
357 1421 478 1481 maximi
512 1421 603 1494 YIX,
638 1430 669 1481 et
697 1422 740 1482 sic
769 1430 906 1482 movetur
936 1431 969 1483 ut
1000 1423 1153 1502 requirunt
1183 1420 1262 1483 nodi.
1310 1418 1427 1491 Quodsi

65 1510 164 1584 YXZ,
204 1530 278 1592 pars
310 1511 406 1572 lineae
435 1510 695 1588 repraesentantis
724 1510 909 1589 eclipticam,
951 1512 1117 1590 explicetur
1150 1521 1183 1573 ut
1210 1512 1264 1571 liat
1286 1510 1425 1583 circulus,

64 1601 182 1663 colurus
198 1599 270 1661 TIV
294 1600 346 1660 liet
369 1598 399 1660 in
422 1598 541 1678 pictura
565 1600 653 1672 linea,
678 1598 817 1661 similiter
835 1609 866 1660 et
881 1600 968 1661 KYL
983 1610 1015 1661 et
1035 1601 1075 1673 K,
1101 1601 1127 1661 L
1151 1601 1212 1679 poli
1236 1619 1302 1660 cum
1322 1607 1426 1661 centro

64 1689 243 1751 coincident.
290 1686 375 1749 PRO
404 1687 446 1748 sit
476 1696 617 1767 quartus,
650 1688 735 1766 cujus
764 1689 825 1767 poli
845 1688 884 1762 P,
910 1687 936 1749 0
967 1689 1017 1749 lixi
1049 1689 1111 1749 sint
1138 1689 1168 1760 in
1196 1688 1279 1749 tertii
1306 1686 1426 1767 punctis

63 1779 109 1851 u,
135 1778 182 1852 N,
214 1796 304 1856 super
327 1775 434 1856 quibus
457 1786 594 1837 movetur
618 1776 720 1837 itidern
744 1776 774 1836 in
799 1779 1013 1856 consequentia
1044 1779 1207 1839 secundum
1231 1785 1361 1837 tractum
1380 1776 1426 1837 sni

63 1868 165 1930 circuli
195 1866 318 1928 maximi
341 1864 413 1939 RS,
446 1866 610 1926 secuudum
635 1885 723 1945 qnam
748 1866 826 1926 viam
860 1867 953 1926 stella
981 1867 1189 1928 circumfertur
1218 1876 1353 1944 tempore
1378 1884 1425 1938 en,

65 1958 141 2036 qnod
164 1956 304 2036 postulat
326 1955 478 2015 anomalia
502 1955 754 2016 commutationis.
801 1954 885 2015 Haec
899 1955 1016 2016 Eudoxi
1031 1955 1201 2035 philosophi
1216 1954 1425 2034 philosophica

65 2047 163 2127 opinio
188 2047 225 2107 de
250 2041 270 2106 5
295 2043 480 2113 errantibus,
509 2045 559 2123 qui
583 2045 711 2105 alteram
730 2043 979 2124 inaequalitatem
1002 2044 1168 2125 ignoravit,
1201 2062 1276 2125 quac
1301 2053 1350 2105 est
1373 2061 1423 2105 re·

64 2144 168 2216 spectu
192 2134 275 2194 orbis
298 2133 449 2213 planetae.

153 2223 300 2300 „Tertiae
322 2240 394 2281 vero
419 2221 550 2282 omnium
573 2220 721 2299 sphaerae
746 2221 833 2300 polos
858 2240 925 2282 esse
949 2220 978 2280 in
1003 2240 1038 2281 eo
1063 2220 1184 2295 circulo,
1210 2220 1259 2300 qui
1282 2238 1336 2298 per
1359 2239 1424 2282 me·

65 2314 143 2375 dium
176 2313 331 2391 signorum
364 2311 495 2371 transit:
531 2318 565 2370 at
597 2318 721 2390 quartae
751 2311 976 2370 conversionem
1006 2329 1074 2370 esse
1102 2329 1156 2389 per
1183 2310 1340 2383 circulum,
1375 2309 1425 2391 qui

64 2403 201 2483 obliquus
226 2410 275 2461 est
303 2400 341 2460 ad
365 2399 492 2460 medium
517 2399 659 2459 circulum
684 2398 780 2476 hujus.
827 2398 905 2459 Esse
928 2417 1017 2477 porro
1042 2400 1150 2460 tertiae
1167 2399 1313 2478 sphaerae
1336 2401 1423 2478 polos

64 2492 245 2570 reliquarum
270 2489 388 2568 quidem
410 2488 565 2550 stellamm
589 2487 741 2566 proprios,
772 2487 902 2549 Veneris
926 2495 1027 2549 autem
1051 2496 1083 2547 et
1104 2487 1244 2549 Mercurii
1269 2487 1424 2550 eosdem.“

65 2581 103 2642 t't
125 2580 205 2641 hunc
228 2596 299 2639 vere
324 2575 469 2638 Gordium
495 2576 603 2636 nodum
628 2595 693 2636 cunr
717 2576 833 2637 ratione
859 2586 891 2638 et
914 2577 964 2637 via
987 2583 1071 2638 certa
1094 2576 1282 2638 adoriamur:
1307 2575 1352 2638 sic
1375 2585 1425 2640 est

65 2669 156 2745 uobis,
179 2669 340 2746 agendum.
396 2667 430 2726 ln
454 2666 542 2726 Luna
569 2664 646 2725 vidit
671 2664 816 2725 Eudoxus
845 2663 864 2728 3
896 2674 1009 2726 motus:
1047 2665 1079 2738 l)
1104 2667 1241 2728 diurnum
1278 2662 1314 2738 2)
1337 2685 1422 2728 men·

65 2769 179 2820 struum
204 2757 233 2818 in
259 2756 429 2834 oppositum
462 2753 559 2833 primo
594 2762 625 2814 et
649 2754 800 2833 obliquum
824 2756 879 2816 snb
903 2756 1027 2816 zodiaco
1063 2752 1099 2828 3)
1124 2755 1173 2834 qui
1203 2754 1422 2834 digressionem

66 2849 127 2926 eins
153 2847 192 2908 ab
217 2845 361 2923 ecliptica
388 2843 531 2904 variaret.
579 2844 629 2903 Ad
658 2861 810 2903 numerum
840 2844 916 2905 hunc
945 2852 1078 2904 motuum
1103 2844 1229 2905 totidem
1254 2844 1346 2905 etiam
1365 2863 1423 2924 po-

66 2934 279 2998 nebatorbes.
327 2935 361 2995 ln
391 2933 522 3011 planetis
548 2931 657 2993 ceteris
681 2929 702 2993 4
726 2932 909 2993 observabat
939 2940 1038 2993 motus
1067 2933 1226 2994 admodum
1249 2933 1422 2995 evidentes:

67 3025 93 3098 l)
117 3025 256 3087 diurnum
286 3023 340 3083 sub
365 3016 529 3102 aequatore
559 3021 588 3081 in
614 3021 826 3082 antecedentia
861 3019 897 3094 2)
912 3020 976 3084 ,snb
1000 3021 1124 3082 zodiaco
1152 3021 1181 3082 in
1206 3021 1423 3101 consequentia

66 3111 95 3188 3)
120 3112 294 3175 latitudinis
327 3112 365 3172 ab
390 3110 531 3188 ecliptica
560 3104 597 3182 4)
622 3128 679 3188 quo
707 3110 849 3189 planetae
873 3109 916 3170 illi
935 3129 1007 3189 prae
1032 3110 1225 3171 luminaribus
1249 3110 1305 3171 hoc
1328 3130 1423 3191 pecu-

66 3201 132 3266 liare
162 3202 349 3274 obtinerent,
383 3208 416 3259 ut
443 3202 549 3259 tierent
578 3198 756 3277 retrogradi.
803 3199 849 3259 De
877 3199 972 3278 primo
1001 3208 1032 3260 et
1059 3200 1191 3261 secundo
1215 3208 1312 3272 motu,
1344 3201 1422 3280 quod

64 3289 78 3352 ii
101 3294 166 3355 sint
191 3290 327 3351 omnibus
351 3308 531 3361 communes,
556 3287 625 3366 ipsa
639 3288 733 3364 verba
746 3287 924 3350 Aristotelis
939 3288 1016 3349 satis
1038 3296 1200 3351 testantur.
1247 3286 1336 3359 Quod
1350 3307 1423 3352 vero

62 3391 87 3444 et
108 3381 222 3443 tertius
246 3378 415 3440 latitudinis
431 3378 535 3438 Lunae
560 3396 625 3437 cum
650 3376 697 3437 his
721 3373 740 3438 5
765 3377 920 3439 erronibus
944 3379 1108 3440 communis
1132 3379 1182 3454 sit,
1207 3379 1265 3441 etsi
1289 3397 1327 3439 ex
1349 3397 1421 3439 ver-

61 3467 102 3532 bis
125 3467 310 3531 Aristotelis
334 3487 390 3527 non
416 3468 569 3546 seqnitur,
600 3485 659 3527 non
683 3465 809 3527 latuisse
833 3475 933 3528 tamen
956 3467 1114 3529 Eudoxum
1141 3469 1220 3530 ratio
1248 3467 1420 3548 persuadet.

55 3555 135 3621 Nam
155 3559 182 3620 si
208 3576 265 3619 nou
290 3557 357 3635 plns
382 3555 555 3635 diligentiae
580 3555 608 3615 in
633 3556 821 3617 observando
845 3556 996 3631 adhibuit,
1022 3577 1111 3637 quam
1134 3566 1277 3637 quantum
1301 3558 1340 3618 ad
1364 3557 1420 3618 de-

53 3647 290 3722 prehendendas
314 3644 593 3723 retrogradationes
619 3645 743 3718 suflicit,
773 3664 830 3705 non
854 3646 953 3724 potuit
981 3665 1039 3707 non
1062 3646 1183 3725 saepius
1211 3645 1239 3707 in
1264 3665 1343 3707 anno
1367 3665 1419 3707 re-

48 3740 174 3818 spicere
205 3737 245 3796 ad
272 3735 463 3814 planetarum
492 3733 731 3813 conjunctiones,
771 3752 892 3812 quorum
923 3755 997 3796 unus
1029 3734 1088 3796 alio
1116 3736 1164 3796 vel
1193 3734 1343 3796 borealior
1371 3737 1420 3797 vel

44 3825 235 3899 adsuetior,
270 3833 302 3885 et
325 3823 368 3884 sic
397 3823 534 3883 diversae
564 3823 601 3883 ab
626 3824 722 3883 altero
748 3822 916 3884 latitudinis
941 3832 1038 3897 esset,
1069 3843 1124 3885 nec
1153 3824 1192 3885 ad
1216 3842 1344 3903 unguem
1368 3843 1421 3903 per

44 3918 189 3979 medium
220 3915 373 3994 signorum
404 3913 541 3974 ferretur.
588 3911 630 3971 Et
659 3911 687 3971 in
717 3911 918 3990 descriptione
948 3912 1066 3992 quidem
1091 3912 1190 3993 quarti
1221 3932 1287 3974 cum
1315 3913 1422 3974 eadem

38 4005 114 4068 sint
139 4004 246 4078 verba,
271 4022 346 4082 quae
371 4021 463 4080 supra
486 4001 514 4061 in
539 4001 740 4078 descriptione
764 4001 864 4062 tertii:
889 4002 1040 4075 „medium
1059 4002 1202 4063 circulum
1218 4002 1317 4084 quarti
1340 4001 1420 4065 obli-

37 4106 144 4170 quum
174 4112 243 4155 esse
274 4092 313 4152 ad
337 4091 465 4152 medium
490 4090 605 4164 tertii“,
632 4098 717 4150 tanto
742 4090 839 4151 minus
864 4101 912 4152 est
935 4111 987 4152 cur
1011 4091 1193 4166 dubitemus,
1230 4093 1359 4154 alterurn
1383 4111 1421 4154 ex

35 4174 96 4247 his
123 4181 279 4245 latitudini
304 4181 456 4259 planetae,
482 4180 608 4240 alterurn
637 4179 891 4258 retrogradationi
906 4180 1054 4257 deputari.
1100 4181 1207 4259 ltaque
1227 4201 1286 4242 non
1309 4181 1420 4245 esthic

36 4272 223 4335 audiendus
252 4271 486 4340 Fracastorens,
525 4268 572 4348 qui
603 4268 777 4329 latitudines
812 4270 1002 4348 planetarum
1031 4270 1069 4330 ab
1097 4269 1223 4332 Eudoxo
1252 4272 1418 4352 neglectas,
1447 4330 1455 4349 ,

36 4361 202 4424 ambobus
236 4378 308 4420 vero
341 4358 387 4419 his
411 4355 532 4419 circulis
565 4376 653 4417 unam
681 4358 973 4436 retrogradationem
1003 4367 1265 4438 repraesentatam
1298 4360 1418 4433 asserit,

35 4439 215 4512 Eudoxum
239 4449 279 4509 ad
302 4467 357 4508 sua
382 4446 615 4507 Homocentrica
639 4447 737 4526 adque
762 4448 887 4509 formam
910 4457 1045 4509 motuum
1075 4469 1095 4507 a
1118 4468 1151 4510 se
1175 4468 1249 4510 sane
1272 4467 1418 4530 perquam

38 4531 212 4619 ingeniose
246 4537 399 4598 inventam
427 4536 575 4596 violenter
603 4536 843 4598 accommodans.
898 4537 940 4598 Et
968 4535 1086 4599 obtinet
1113 4537 1164 4599 ille
1197 4537 1316 4616 quidem
1343 4555 1417 4616 pro-

41 4629 197 4698 positum,
227 4627 261 4686 tit
284 4627 408 4705 planeta
431 4625 624 4703 retrogradus
653 4633 685 4686 et
708 4626 795 4686 velox
819 4633 851 4687 et
874 4625 1085 4699 stationarius,
1116 4625 1265 4705 positione
1294 4627 1419 4690 duorum

45 4718 171 4780 orbium
196 4717 321 4778 Terram
345 4716 374 4776 in
399 4714 711 4794 centrohabentium,
745 4733 869 4794 quorum
892 4716 1018 4779 alterius
1041 4713 1103 4796 poli
1126 4715 1155 4775 in
1181 4714 1322 4794 ecliptica
1339 4714 1417 4786 sint,

49 4814 155 4870 motus
179 4823 287 4869 versus
307 4806 395 4888 polos
419 4801 592 4884 eclipticas,
625 4803 752 4867 alterius
774 4822 846 4868 vero
869 4804 932 4888 poli
955 4805 994 4868 ab
1017 4805 1074 4868 hoc
1097 4803 1345 4871 circumferantur
1368 4803 1418 4869 di-
