3366 5482
155 227 207 309 pe
280 286 284 294 ,
752 230 913 282 nmen.

161 388 285 454 Vergilio,
310 388 429 454 Episcopo
454 388 631 454 salisburgensi
656 403 751 453 quoqne
777 389 824 438 init
846 390 958 440 adressa.
994 389 1052 447 Hic,
1070 392 1193 441 Aventino
1216 392 1256 441 lib.
1276 388 1292 439 ³
1312 393 1376 440 han.
1391 389 1511 451 fficium

161 476 181 511 s.
201 461 352 513 Bsraromm
369 460 502 515 referente,
526 461 572 509 init
591 460 724 510 divinarum
749 460 958 526 humanarumque
976 476 1057 510 rernm
1074 463 1174 526 peritos.
1210 462 1283 512 Unde
1301 464 1331 512 ob
1350 461 1512 512 eruditionem

163 538 188 582 et
205 531 358 596 prudentiam
377 532 525 597 singularem
543 532 609 580 breri
626 531 774 594 principibus
791 531 969 583 carolomanno
987 540 1013 582 et
1029 532 1117 596 Pipino
1134 535 1273 583 insinuatus
1295 536 1321 583 in
1345 532 1404 584 sula
1421 546 1510 595 accep·

161 604 269 653 tissimus
287 603 345 652 init:
368 603 426 652 inde
445 603 510 666 apud
526 602 649 652 Utilonem
666 600 784 665 Bojariae
808 604 920 669 regulum
937 606 963 652 in
982 618 1078 653 somma
1096 607 1244 655 auctoritato
1262 605 1361 654 bebium
1380 609 1427 653 est.
1464 601 1511 652 idio

161 675 227 724 idem
245 676 270 723 in
289 673 420 736 disciplinis
438 674 619 724 mathematicis
638 680 664 722 et
680 674 706 722 in
724 673 877 738 philosophia
894 675 999 738 profana
1015 676 1104 740 magis,
1123 690 1196 740 quam
1215 682 1267 725 tum
1281 675 1416 725 camdeni
1432 688 1512 723 mores

161 746 273 797 terebant
291 742 326 807 (b.
341 761 361 796 e.
382 759 454 810 quarn
471 745 534 794 illins
552 745 628 795 seculi
640 745 765 795 barbaries
778 743 845 807 tulit)
865 747 982 804 eruditus,
1002 760 1134 813 earumque
1153 748 1301 797 certitudine
1319 749 1404 802 iretur,
1424 751 1512 795 contra

162 818 299 883 opinionem
317 817 382 881 vulgi
401 822 427 867 et
444 818 518 866 etiam
531 816 672 881 Angusuni,
690 815 818 866 Lactantii
836 824 862 867 et
881 817 991 874 sliomm,
1010 818 1072 867 iorte
1088 818 1214 881 docuerat,
1233 818 1334 868 Terram
1353 831 1408 867 esse
1426 816 1510 882 giobo·

162 904 224 945 som.
244 891 313 953 eique
331 888 435 953 undique
450 887 609 938 circumfundi
621 886 740 937 homines
768 887 805 937 Ex
823 903 870 952 qno
889 890 1004 953 seqnitur,
1024 888 1088 952 quod
1105 891 1131 940 in
1149 890 1227 940 Terra
1244 891 1295 938 sint
1313 888 1452 953 antipodes,
1470 887 1511 951 qui

162 960 284 1013 conversis
301 960 364 1009 inter
382 975 409 1008 re
425 959 526 1024 pedibus
544 964 619 1013 stent.
638 957 682 1008 ac.
719 957 774 1007 Hoc
797 959 889 1024 dogma
911 962 949 1010 ita
971 967 1102 1024 acceptum
1126 967 1178 1017 est,
1203 962 1274 1024 quasi
1292 959 1417 1024 Vergilius
1436 959 1511 1008 alium

162 1032 293 1083 mundum,
316 1031 376 1080 aiios
394 1031 438 1080 snb
456 1028 531 1080 Terra
548 1029 675 1087 homines,
699 1029 775 1078 adium
793 1029 876 1080 Solem
894 1038 921 1081 et
938 1032 1036 1081 Lunam
1055 1038 1166 1088 meret,
1192 1032 1291 1096 qnidam
1310 1032 1421 1087 addunt,
1441 1031 1511 1094 qnasi

162 1103 238 1156 dium
257 1101 375 1152 Christum
393 1102 507 1152 inducere
526 1103 635 1151 soluerit
669 1100 740 1150 Haec
759 1099 887 1152 Vinoirido
908 1100 965 1167 (quiv
979 1118 1009 1153 ex
1027 1103 1119 1167 Anglia
1141 1103 1256 1153 oriundns
1280 1102 1427 1152 aRomauo
1445 1100 1510 1151 Pon·

162 1174 229 1227 tilice
248 1173 380 1237 Episcopus
398 1180 424 1223 et
440 1173 551 1238 Legstns
569 1171 724 1236 apostolicus
742 1187 786 1236 per
804 1173 963 1223 Germaniam
981 1174 1139 1239 designatus,
1161 1181 1188 1223 et
1204 1181 1300 1224 munte
1318 1176 1418 1223 nomine
1435 1173 1509 1222 Boni·

162 1247 241 1299 lacius
257 1245 402 1308 appellatus,
420 1250 492 1308 atque
506 1259 522 1294 a
534 1244 713 1294 carolomanno
732 1250 757 1292 et
769 1243 855 1307 Pipino
870 1245 1067 1309 archiepiscopus
1080 1244 1239 1310 Mogontinns
1258 1245 1399 1296 declaratus
1417 1239 1510 1304 luent]

162 1319 216 1368 risa
234 1325 291 1366 sunt
307 1317 383 1380 impia
405 1322 431 1366 et
454 1315 620 1380 philosophiae
645 1314 742 1364 divinae
765 1318 938 1380 repugnantia
976 1312 1085 1380 eumque
1103 1317 1245 1367 Boniiacins
1264 1316 1305 1366 ille
1324 1315 1461 1382 Vergilium
1479 1315 1509 1364 ad

160 1387 331 1447 revocandum,
351 1389 419 1452 quasi
435 1387 488 1437 istis
504 1388 600 1437 naeniis
618 1393 644 1436 et
662 1385 829 1436 deliramentis
848 1388 945 1436 sincera
963 1393 989 1437 et
1007 1387 1109 1451 simplex
1125 1387 1215 1438 Christi
1233 1389 1360 1450 sapientia
1377 1387 1508 1449 polluatur.

160 1457 301 1526 pertrahere
319 1474 367 1508 non
384 1464 473 1522 posset.
492 1459 544 1522 ipse
562 1473 614 1507 rem
632 1456 665 1506 ad
681 1456 830 1507 Zachariam
840 1457 987 1509 Pontificem
998 1458 1138 1508 Romanum
1158 1459 1245 1508 delert.
1274 1458 1323 1508 Sed
1341 1467 1368 1508 et
1385 1459 1434 1521 ipsi
1445 1457 1509 1507 Pon·

161 1531 222 1583 toci
237 1529 388 1594 philosophia
405 1529 505 1595 Vergilii
522 1531 569 1579 init
587 1535 716 1593 suspecta,
736 1528 841 1578 mandat
857 1530 947 1593 igitur,
970 1536 999 1579 nt
1017 1529 1141 1594 Vergilius
1159 1530 1329 1595 philosophus,
1356 1532 1376 1578 si
1396 1528 1510 1579 sacerdes

161 1604 208 1657 rit.
234 1615 251 1651 a
272 1601 361 1664 templo
379 1600 426 1652 Dei
443 1607 470 1653 et
488 1603 593 1652 ecclesis
615 1599 767 1664 depellatur,
791 1600 976 1664 sacerdotioque
995 1603 1021 1650 in
1040 1601 1142 1650 concilio
1162 1601 1303 1657 abdicetur,
1328 1601 1436 1650 siillam
1456 1613 1509 1663 per-

160 1687 255 1725 versam
273 1673 406 1723 doctrinam
423 1673 497 1724 luerit
514 1673 647 1722 confessus.
666 1710 669 1716 .
685 1671 788 1734 Insuper
807 1671 899 1722 Utiloni
916 1672 1033 1734 Boiorum
1051 1671 1135 1737 regulo
1154 1673 1303 1729 denunciat,
1327 1679 1356 1721 ut
1374 1672 1510 1738 Vergilium

161 1744 266 1798 Rerum
285 1745 380 1805 mittat,
399 1752 427 1794 nt
443 1745 476 1794 ibi
494 1759 577 1795 coram
595 1746 647 1808 ipso
665 1742 786 1793 Pontifice
804 1743 926 1793 rationem
944 1744 1032 1793 reddat
1050 1741 1095 1793 dte.

232 1817 329 1873 Annon,
349 1818 438 1880 optime
449 1817 533 1874 lector,
552 1815 711 1872 existimabis,
730 1813 774 1863 hos
791 1815 856 1865 sedis
874 1815 1024 1879 apostolicae
1041 1823 1068 1865 et
1079 1814 1335 1878 archiepiscopatum
1352 1814 1417 1862 illius
1434 1813 1510 1865 seculi

162 1889 294 1944 subrutos,
319 1888 382 1938 adde
405 1889 479 1939 etiam
503 1887 656 1943 wdnslcs,
682 1891 708 1935 et
732 1900 888 1951 quoscunque
911 1888 937 1935 in
962 1887 1111 1935 consistoriis
1129 1888 1179 1936 suis
1200 1887 1232 1936 ad
1252 1886 1390 1936 decisiones
1409 1900 1510 1935 casuum

161 1960 287 2013 dubiorum
300 1959 446 2009 conciliarier
462 1959 632 2012 adhibuerunt,
651 1972 680 2007 er
699 1957 776 2006 triviis
794 1957 868 2006 inisse
887 1958 999 2020 abreptos
1013 1965 1039 2007 et
1050 1958 1082 2006 ad
1095 1957 1192 2006 illarum
1204 1958 1353 2022 dignitatum
1372 1964 1398 2006 et
1417 1956 1508 2006 officio·

161 2047 214 2083 rum
232 2029 332 2094 fastigia
354 2028 468 2081 erectos?
493 2031 582 2094 qnippe
600 2030 641 2094 qni
659 2043 690 2077 ex
713 2028 877 2077 astronomiae
895 2029 977 2090 primis
994 2029 1138 2078 rudimenh's
1158 2036 1183 2078 et
1201 2028 1372 2094 geographicis
1391 2028 1509 2092 aliquibus

162 2101 332 2165 experimentis
355 2105 451 2150 tantm
470 2101 610 2161 eruditionis
629 2115 677 2149 non
696 2097 844 2153 hauserunt,
871 2113 944 2163 quam
963 2114 994 2148 ex
1011 2099 1064 2148 sola
1083 2096 1123 2160 (nt
1142 2100 1203 2149 alies
1221 2099 1359 2148 subtiliores
1378 2113 1509 2164 argumen-

161 2174 269 2222 tationes
288 2186 370 2221 omnes
387 2170 426 2223 hic
444 2167 553 2231 taceam)
580 2171 676 2220 diversa
700 2168 852 2233 longitndine
871 2169 965 2218 dierum
983 2172 1130 2234 aestrorum
1148 2177 1174 2220 et
1191 2172 1345 2221 hibernorum
1364 2173 1391 2220 in
1410 2170 1509 2221 disemis

150 2245 236 2298 ,locir,
254 2258 275 2291 r.
294 2258 320 2307 g.
337 2242 432 2293 Romam
449 2243 474 2292 in
492 2241 582 2297 lodis,
600 2240 746 2306 Mognntiae
763 2240 789 2288 in
808 2240 956 2297 Germania,
982 2248 1007 2290 et
1031 2243 1056 2290 in
1075 2241 1167 2307 Anglia
1185 2241 1305 2291 Vinoiridi
1323 2257 1368 2292 sen
1386 2241 1510 2293 Boniistil

161 2315 250 2383 patria,
269 2312 407 2364 ratiocinari
423 2318 531 2378 possem,
549 2312 641 2363 Terrae
659 2309 812 2375 superficiem
829 2326 879 2361 non
897 2326 951 2362 esse
968 2312 1078 2375 planam,
1097 2321 1123 2363 st
1140 2329 1205 2378 quae
1219 2314 1277 2363 inde
1290 2315 1432 2362 necessario
1451 2326 1508 2362 coa·

162 2389 304 2451 sequuntur.
332 2382 435 2449 Sapiens
453 2399 510 2450 ergo
528 2385 669 2449 ignorantia
686 2383 746 2431 istos
768 2383 893 2446 sapientes
914 2384 1037 2433 antistites
1057 2383 1163 2449 decepit,
1181 2392 1211 2434 ut
1228 2399 1333 2434 eaesae
1350 2385 1435 2448 impia,
1455 2399 1507 2446 pro·

161 2453 237 2514 fana,
267 2456 362 2506 dinnao
385 2455 548 2521 philosophiae
576 2455 754 2519 repugnantia,
781 2469 835 2503 esse
862 2455 966 2505 naenias
993 2462 1019 2504 et
1044 2455 1221 2514 deliramenta,
1247 2470 1311 2519 qnae
1336 2456 1459 2505 sinceram
1484 2463 1509 2504 ct

162 2527 295 2591 simplicem
314 2525 401 2578 Christi
419 2528 564 2591 sapientiam
582 2526 695 2590 polluant
712 2532 738 2575 et
757 2527 934 2583 contaminent,
952 2528 1151 2590 pronunciarent,
1171 2530 1302 2591 quaejam
1322 2527 1378 2576 olirn
1398 2541 1415 2578 a
1432 2526 1508 2590 pbilo-

162 2599 243 2663 sophis
261 2597 358 2649 inerunt
376 2599 446 2649 docte
464 2598 632 2649 demonstrata
650 2603 676 2648 et
692 2597 718 2646 in
736 2597 871 2647 trivialibus
894 2597 983 2647 scholis
1006 2598 1114 2655 hadita,
1138 2598 1210 2648 bodie
1232 2613 1288 2647 sero
1313 2598 1386 2647 nullis
1406 2596 1509 2661 ampliu

163 2669 256 2745 argutis
272 2671 495 2720 ratiocinationibus
512 2670 700 2734 investigantur,
719 2667 763 2718 sed
782 2668 955 2732 multiplicibus
974 2670 1146 2732 experimentis
1164 2684 1195 2720 ex
1212 2669 1310 2732 Europa
1329 2671 1355 2718 in
1373 2683 1465 2725 novas,
1482 2675 1510 2717 nt

164 2747 261 2797 vocant,
280 2747 356 2790 terras
375 2743 511 2791 Americam
529 2747 555 2790 et
572 2739 636 2790 Peru
656 2736 730 2804 (quae
749 2739 805 2789 olim
823 2755 873 2790 non
891 2740 1091 2790 irrationabiliter
1109 2740 1184 2804 Ophir
1203 2741 1270 2790 dicta
1288 2736 1415 2801 censetur)
1441 2741 1508 2789 nari·

162 2813 274 2878 gentium
291 2811 360 2876 lippis
379 2819 405 2861 et
421 2813 556 2862 tonsoribus
574 2817 632 2860 sunt
650 2811 758 2877 cognita.
788 2810 890 2861 Interim
909 2819 993 2862 auum
1011 2812 1088 2860 bonus
1105 2811 1146 2861 ille
1166 2818 1192 2861 et
1209 2812 1296 2868 doctus
1308 2810 1433 2876 Vergilius
1450 2810 1509 2861 hae·

162 2897 243 2935 roseos
269 2882 316 2932 init
339 2883 477 2935 damnatur.
512 2882 567 2933 Hoc
593 2882 657 2933 idem
685 2896 752 2933 nnnc
778 2881 912 2946 Copernico
939 2883 1062 2948 ipsiusque
1086 2884 1251 2933 ethonomica
1279 2897 1309 2931 ex
1335 2882 1517 2947 hypothesibus⁸

163 2953 279 3007 accidit.“
299 2979 333 2990 -

231 3025 381 3091 Hucusque
402 3023 556 3077 Maestlinus.
594 3023 736 3075 Transimns
755 3022 788 3074 ad
806 3022 864 3074 alia

231 3167 256 3217 J.
277 3166 306 3217 (i.
324 3168 519 3218 Hervartns
544 3169 575 3218 ab
601 3165 820 3231 Hohenburg,
846 3164 970 3215 Barariae
995 3166 1171 3226 cancellarius,
1198 3166 1276 3216 multa
1298 3167 1444 3230 perliteras
1462 3166 1513 3232 egit

165 3254 222 3290 cum
239 3239 363 3303 Keplero,
386 3253 469 3303 quern,
494 3255 525 3289 ex
547 3255 594 3304 quo
611 3237 771 3287 Prodromum
794 3238 902 3302 legerat,
928 3238 1027 3286 maximi
1054 3239 1121 3289 lecit.
1158 3237 1212 3302 Vol.
1230 3237 1273 3288 IX.
1292 3239 1512 3301 manuscriptorum

163 3309 273 3375 Kepleri,
291 3325 355 3376 quae
367 3310 488 3375 Petropoli
501 3315 683 3366 conservantur,
703 3309 801 3359 exhibet
817 3307 863 3358 hus
881 3307 975 3364 literas,
995 3317 1107 3372 exparte
1126 3310 1224 3374 quidem
1242 3325 1298 3359 cnm
1316 3309 1513 3373 responsionibus

163 3380 279 3446 Kepleri,
302 3382 374 3432 datas
393 3383 424 3432 ab
442 3381 496 3432 Oct
517 3384 576 3433 anni
596 3377 663 3431 1597
682 3395 758 3445 usque
777 3380 810 3430 ad
828 3379 893 3429 Deos
912 3376 988 3427 16⁰9.
1025 3380 1100 3431 Hand
1118 3383 1242 3446 ingratum
1261 3383 1308 3432 erit
1325 3381 1472 3437 lectoribus.
1491 3379 1512 3428 si

165 3467 203 3512 ea,
224 3468 287 3518 quae
305 3453 428 3518 pertinent
445 3453 558 3504 adhaec
576 3453 751 3515 manuscripta,
770 3450 878 3514 pluribus
895 3453 1021 3515 proposita
1037 3451 1161 3502 habeant:

233 3523 341 3589 Keplero
358 3530 451 3574 mortuo
473 3521 567 3586 (1630)
585 3524 649 3574 filius
662 3521 840 3572 Ludovicns
860 3529 963 3570 conatus
981 3532 1019 3571 est
1038 3537 1078 3579 ea,
1098 3538 1160 3588 quae
1179 3529 1267 3573 notatu
1285 3524 1397 3589 digniora
1414 3524 1515 3574 inerant

163 3597 241 3660 patris
258 3595 349 3647 relictis
367 3597 552 3662 manuscriptis,
571 3595 686 3659 colligere
704 3601 730 3643 et
747 3596 811 3657 typis
829 3592 955 3642 mandare.
992 3594 1085 3644 Prodiit
1102 3609 1167 3644 anno
1187 3592 1255 3644 rtet
1275 3611 1335 3660 opus
1353 3595 1513 3658 inscriptum:

166 3664 333 3728 ‚Somnium
351 3680 396 3717 sen
414 3667 448 3717 de
467 3669 664 3718 Astronomia
683 3664 806 3715 Lunari.
844 3664 1003 3729 Divulgatnm
1022 3680 1038 3714 a
1056 3665 1090 3714 M.
1111 3666 1173 3715 Lud.
1193 3666 1317 3731 Kepplero
1336 3665 1411 3722 Filio,
1432 3665 1512 3716 Medi·

165 3739 235 3789 cinae
250 3737 411 3789 Candiduto.“
444 3739 582 3802 adjunctus
600 3743 638 3787 est
654 3735 711 3786 huic
724 3737 840 3800 opusculo
861 3735 1055 3786 „Plutarchi
1074 3736 1168 3786 libellus
1187 3738 1217 3787 de
1236 3737 1309 3794 iacie,
1327 3749 1391 3802 qnae
1410 3737 1437 3786 ln
1456 3737 1514 3788 orbs

163 3808 251 3860 Lanae
274 3817 388 3875 apparet,
413 3811 539 3860 eGraecu
557 3809 652 3859 lacunis
670 3808 820 3868 deformato,
845 3807 922 3857 latine
941 3807 1049 3857 redditus
1075 3806 1120 3858 dac.
1145 3823 1161 3857 a
1184 3808 1313 3858 Joanne
1337 3807 1513 3872 Kepplerc

165 3879 372 3939 Μηδικὴν.
390 3896 436 3931 nec
454 3897 502 3931 non
522 3880 695 3930 annotationes
713 3879 814 3942 Kepleri
834 3879 866 3928 ad
883 3883 1011 3942 utrumque
1029 3879 1145 3929 libellum.

235 3951 290 4002 Hoc
307 3953 367 4003 libro
385 3959 485 4017 excepto
504 3953 640 4017 Ludoricns
658 3951 828 4013 manuscripta
845 3951 923 4013 patris
941 3951 1038 3999 intacta
1055 3952 1164 4016 reliquit,
1183 3965 1261 4014 eaque
1279 3949 1339 3999 emit
1357 3949 1456 4001 celeber
1473 3949 1515 4002 ille

167 4029 319 4074 astronomus
331 4024 497 4076 Dantiscanns
514 4023 558 4081 lo.
578 4022 754 4082 Herelius,
774 4023 814 4086 qni
831 4019 895 4070 haee
914 4020 944 4069 de
962 4021 1009 4070 illis
1023 4022 1161 4072 Londinnm
1179 4021 1319 4071 nunciavit:
1339 4019 1513 4086 OmniaKsp·

165 4094 210 4145 lsri
221 4098 390 4160 manuscripta
405 4096 436 4146 ab
452 4095 597 4146 haeredibus
616 4099 682 4144 certo
701 4094 778 4156 pretio
798 4093 899 4152 obtinui,
918 4098 971 4141 tum
990 4107 1064 4156 opera
1079 4096 1131 4155 jam
1150 4094 1225 4148 edita,
1243 4100 1295 4142 tum
1312 4092 1434 4156 quaedam
1452 4092 1510 4144 bac·

166 4169 238 4216 tenus
255 4168 364 4224 inedita;
382 4167 445 4217 inter
463 4174 547 4217 cetera
563 4168 618 4231 ipsa
636 4163 794 4229 epistolarum
807 4165 913 4213 omnium
933 4159 1047 4228 (quarum
1059 4179 1163 4228 magnus
1175 4159 1301 4224 numerus)
1321 4163 1354 4213 sd
1372 4164 1432 4218 clar.
1451 4166 1515 4216 viros

166 4237 310 4302 scriptarum
336 4237 503 4303 autographa.
531 4253 587 4290 cum
610 4235 765 4301 plurimorum
792 4235 855 4285 illius
880 4237 994 4299 temporis
1018 4236 1051 4284 ill.
1076 4236 1179 4285 virorum
1204 4235 1408 4300 responsionibus
1445 4235 1516 4289 Inte

166 4311 335 4374 manuscripta
350 4308 393 4358 illa
410 4310 565 4359 inveniuntur
582 4323 643 4358 sane
662 4321 725 4372 quae
744 4308 825 4357 lucem
842 4313 979 4357 merentur.
1007 4322 1056 4356 non
1081 4307 1159 4356 solum
1177 4307 1294 4370 plurimae
1313 4307 1446 4370 epistolae,
1470 4306 1515 4358 aad

169 4385 196 4430 et
213 4395 288 4445 opera
305 4379 426 4446 quaedam
444 4378 488 4431 sc.
1333 4434 1337 4441 ,

237 4451 303 4502 Huic
321 4451 439 4514 epistolae
464 4449 501 4513 (in
518 4451 608 4501 Philus.
627 4450 757 4500 ibansact
776 4447 826 4504 IX,
854 4443 903 4494 102
928 4462 985 4497 ann.
1011 4443 1090 4508 1672)
1117 4448 1210 4498 addidit
1231 4449 1347 4499 Herelius
1372 4448 1516 4514 catalogum

168 4538 260 4582 eornm,
281 4536 360 4588 „quae
378 4521 490 4573 faeniculi
508 4520 557 4571 22¹⁴
579 4523 729 4572 contineant
765 4520 794 4570 In
814 4519 890 4569 literis
909 4518 1017 4581 ejusdem
1036 4518 1068 4567 ad
1087 4518 1142 4569 Chr.
1162 4518 1308 4575 Pisntzium,
1327 4518 1395 4583 Lips.
1415 4519 1515 4572 Proles·

169 4608 248 4645 screm
259 4591 303 4656 ·(d.
322 4593 345 4644 d.
366 4590 400 4641 20
418 4592 480 4645 Dee.
502 4590 596 4656 1881),
612 4592 677 4643 haec
695 4593 809 4658 legimus:
838 4589 1007 4654 Mannscripts
1024 4589 1070 4639 cel.
1088 4590 1111 4640 J.
1131 4591 1245 4655 Kepleri,
1264 4605 1327 4656 qnae
1344 4591 1429 4642 labore
1445 4591 1515 4643 hand

168 4664 236 4718 laelii
262 4680 309 4716 nec
331 4663 468 4714 leviusculis
493 4666 611 4715 sumtibus
638 4665 669 4714 ab
688 4666 740 4726 elus
759 4661 938 4711 haeredibnsa
960 4660 1066 4724 plurimis
1088 4665 1141 4725 jam
1165 4664 1236 4713 annis
1253 4664 1287 4712 rei
1305 4663 1431 4713 literariae
1450 4663 1514 4713 bono

169 4738 308 4803 inpetrari,
335 4734 507 4796 concederem
533 4738 553 4791 si
577 4737 690 4789 nimirum
717 4735 844 4802 quisquam
867 4732 991 4783 literarum
1009 4731 1185 4786 Maecenatnm
1205 4734 1243 4784 sel
1265 4733 1397 4798 bibliopola
1414 4734 1513 4798 qnidam
