3366 5482
164 259 230 327 314
587 263 1101 329 IMfl-imm

162 425 421 495 transeceuderis,
445 441 503 504 quo
527 425 646 503 longius
668 425 699 485 iu
721 432 776 485 tua
799 424 997 503 persuasione
1019 430 1183 502 provectus
1205 421 1316 493 meris,
1347 420 1405 481 hoc
1428 419 1524 500 magis

87 550 94 560 ·
162 521 193 574 te
216 513 287 574 mihi
312 512 376 574 lore
399 519 574 591 suspectum
597 513 788 574 credulitatis
812 513 931 573 nimiae.
977 511 1039 572 Sed
1063 511 1156 572 heus!
1192 510 1333 583 Peccavi,
1357 528 1396 570 ne
1420 509 1520 580 leriae,

162 602 419 676 inermis,adsum.
459 599 534 663 Cum
550 602 629 662 enim
643 602 754 662 nemini
775 611 806 662 te
820 603 1004 680 parciturum
1020 601 1066 660 ais
1085 603 1197 678 (comp.
1214 599 1258 660 lit.
1273 599 1364 660 fabr.
1383 617 1415 677 p.
1431 593 1521 670 306),

162 689 264 751 cautio
292 691 364 751 mihi
392 699 441 752 est
469 691 653 764 adhibenda,
689 710 725 750 ne
755 701 785 750 et
817 711 863 750 me
892 691 1011 750 hostem
1042 689 1097 749 tibi
1128 688 1257 766 deligas.
1308 687 1400 748 Nova
1429 704 1523 767 eaque

162 779 294 840 absurda
318 797 366 839 me
389 797 506 859 quoqne
529 779 559 839 in
583 778 827 857 meteorologicis
857 778 1019 838 adduxisse
1048 786 1142 857 puto:
1181 777 1275 837 multa
1307 794 1425 855 qunque
1454 776 1523 836 lun-

162 867 306 928 dameuta
328 868 456 948 physica
493 876 525 928 et
556 868 739 946 theologiam
768 868 884 928 eminus
914 867 1086 946 spectantia
1114 865 1285 944 apernisse;
1327 883 1421 944 quare
1449 864 1524 925 haec

161 956 262 1016 omnia
285 975 332 1016 me
355 975 413 1017 non
438 965 556 1017 tantum
579 956 759 1035 aequissimo
784 963 958 1035 spectatore
992 955 1161 1015 sedetiam
1193 954 1326 1015 nonnihil
1359 959 1523 1033 praeeunte

162 1045 282 1105 leceris.

231 1149 423 1198 Fabricius:
454 1148 492 1199 'l'n
510 1150 590 1199 nullos
615 1147 751 1213 ephotar
779 1148 909 1203 concedis.
938 1158 1038 1212 praeter
1055 1147 1182 1197 humidum
1201 1147 1324 1202 radical03
1355 1145 1422 1210 quod
1440 1158 1523 1195 rernm

161 1227 201 1270 eet
218 1227 333 1283 respectu
349 1221 471 1269 interioria
490 1229 515 1270 et
534 1222 703 1270 concurrentia
723 1234 825 1275 camec,
844 1236 875 1269 ex
893 1227 965 1283 parte
988 1220 1106 1269 concedo.
1144 1218 1281 1267 Humidum
1298 1218 1411 1267 radicale
1427 1217 1524 1267 rebitur

161 1291 242 1341 calido
260 1294 360 1351 mutto,
379 1299 404 1340 et
422 1292 520 1356 quando
539 1294 666 1355 utriusque
685 1293 779 1354 optima
798 1299 836 1339 est
854 1294 993 1354 proportio,
1012 1299 1073 1340 tunc
1091 1293 1143 1339 vita
1162 1290 1286 1354 longaen
1303 1289 1523 1352 praemunitum

161 1376 217 1411 eam
235 1363 335 1410 violenti
355 1376 428 1411 catus
446 1378 495 1412 nou
515 1363 672 1412 abscindunt·
709 1363 852 1432 Sedxnnde.
872 1377 974 1426 quaeso,
994 1361 1122 1411 humidum
1141 1361 1200 1409 illud
1220 1368 1246 1409 et
1264 1360 1373 1409 calidum
1391 1358 1468 1408 ritule
1486 1358 1522 1415 tt,

160 1433 226 1501 upde
245 1434 354 1481 animam
373 1448 443 1482 suam
461 1433 557 1482 hahet?
595 1432 729 1482 Constituit
748 1448 805 1497 ergo
821 1433 887 1481 Deus
907 1433 968 1481 dnos
987 1435 1133 1495 praecipuos
1151 1431 1246 1480 humidi
1265 1437 1293 1479 et
1311 1429 1387 1480 calidi
1406 1429 1523 1479 radicalis

160 1511 281 1552 rectores:
306 1503 391 1566 ilpro
410 1505 522 1560 humido,
550 1502 582 1564 Θ
602 1520 644 1567 pro
664 1503 745 1552 calido
763 1507 858 1552 innato
896 1504 928 1552 lli
948 1504 996 1552 dnn
1015 1506 1127 1552 excitant
1153 1506 1261 1551 animam
1280 1510 1306 1550 et
1325 1501 1455 1549 vivificant
1472 1501 1521 1559 illa,

160 1588 224 1638 qnae
242 1573 291 1623 dixi
309 1575 432 1624 radicalia
448 1576 583 1631 nataralia,
602 1576 676 1638 idqne
694 1590 737 1637 pro
749 1577 840 1624 virtute
860 1583 886 1623 et
898 1577 979 1637 positu
999 1590 1043 1622 suo
1056 1574 1201 1623 loedoriae!
1214 1573 1367 1622 imbecilliori
1386 1574 1412 1621 in
1424 1573 1520 1636 praed.

161 1645 315 1694 Concurrunt
333 1661 391 1710 ergo
412 1646 476 1696 duae
495 1661 588 1696 cautae
606 1648 672 1695 ritae
690 1654 789 1694 norme
808 1646 953 1695 namralea:
981 1646 1107 1708 corporale
1127 1655 1153 1694 et
1177 1645 1278 1694 utrale.
1317 1642 1452 1706 Corporale
1470 1644 1523 1692 aine

160 1716 246 1766 usati
264 1718 335 1780 quasi
353 1724 475 1766 mortuum
495 1726 548 1774 eat,
567 1733 596 1766 cx
615 1718 656 1765 illo
675 1732 732 1765 vero
750 1718 895 1765 vivificatur.
934 1719 1049 1766 Animam
1068 1725 1095 1765 tn
1114 1718 1221 1780 corporis
1239 1718 1315 1764 ritum
1334 1728 1416 1763 noune
1437 1711 1522 1763 diceri

160 1785 225 1847 Quid
243 1787 355 1851 prohibet
373 1804 441 1853 ergo.
462 1786 494 1848 Θ
515 1798 541 1838 et
561 1789 579 1849 ll
600 1789 682 1837 dicere
701 1789 766 1836 ritae
785 1789 906 1837 naturalis
926 1787 1120 1851 significatnres,
1140 1787 1247 1852 quiade
1267 1786 1395 1835 debilitate
1415 1785 1453 1835 rel
1473 1784 1521 1833 lor·

159 1858 265 1906 titudine
283 1861 350 1906 vitae
368 1859 490 1909 naturalis
509 1860 653 1923 significant
672 1869 697 1907 et
713 1860 835 1920 judicant.
872 1860 920 1907 Pro
940 1859 1116 1908 constitutione
1136 1874 1195 1922 ergo
1213 1858 1300 1906 horum
1319 1857 1422 1905 duorum
1443 1863 1521 1904 astro

159 1928 239 1993 logice
257 1929 289 1978 de
306 1931 358 1978 rita
373 1930 536 1992 judicandum
554 1938 622 1994 puto.
660 1928 702 1977 Sol
726 1930 818 1978 lumine
845 1939 870 1978 et
895 1929 977 1978 calore
1005 1944 1050 1978 suo
1070 1937 1172 1978 exterum
1198 1930 1289 1992 ubique
1315 1930 1340 1976 lu
1360 1927 1481 1989 ecliptica
1498 1932 1524 1976 et

159 1999 315 2050 verticalibua
342 2003 439 2050 ratione
461 2002 594 2051 horizontis
624 2016 674 2049 uon
696 2009 735 2049 est
759 2015 837 2063 seque
861 2008 957 2063 potens.
997 2001 1062 2065 Ergo
1082 2001 1181 2049 unalis
1200 2000 1264 2049 illius
1283 2001 1319 2048 ris
1342 2014 1386 2063 pro
1412 1998 1467 2047 rita
1484 2012 1520 2047 re·

159 2071 255 2135 ganda,
280 2085 324 2135 pro
350 2073 430 2121 calido
455 2074 543 2122 innato
568 2072 707 2136 vegetando
735 2079 761 2119 et
786 2072 941 2120 fortificando
968 2088 1017 2120 non
1046 2073 1092 2121 erit
1115 2073 1204 2135 ubique
1226 2073 1251 2119 in
1270 2071 1382 2120 menate
1401 2069 1523 2133 aequalis.

160 2142 251 2206 Anguli
270 2148 336 2191 certe
361 2139 518 2192 lmaximae
536 2145 631 2192 virtutis
649 2149 721 2198 sunt,
750 2145 856 2191 maxime
882 2158 938 2191 tero
959 2143 1056 2192 decima
1084 2143 1184 2198 domus,
1211 2149 1265 2205 post
1283 2141 1303 2190 1.
1323 2141 1427 2198 domus3
1460 2140 1524 2190 huet

159 2218 258 2276 propter
280 2214 383 2275 palmam
408 2216 570 2264 emersionem
597 2220 624 2263 et
651 2213 828 2263 dhcmsionem
865 2214 1037 2272 tenebrarum,
1067 2213 1110 2262 illa
1137 2222 1237 2278 propter
1262 2212 1342 2262 lucem
1367 2216 1393 2260 et
1416 2210 1523 2261 calorem

159 2297 302 2333 maximum.

248 2373 449 2452 Keplerus':
475 2372 520 2434 De
536 2374 657 2453 aphetis
672 2373 801 2445 memini,
827 2391 873 2432 me
889 2372 928 2432 ad
943 2390 1049 2432 nomen
1074 2369 1186 2450 ἀφοζω,
1210 2372 1366 2449 decaedat,
1392 2390 1520 2452 respex-

160 2459 231 2522 isse.
271 2460 431 2524 Sententia
455 2461 527 2534 init,
559 2462 716 2523 terminum
741 2481 808 2522 esse
834 2460 1063 2539 astrologicnm,
1094 2461 1142 2541 qui
1167 2461 1409 2523 inconsideratos
1435 2461 1519 2522 deci-

158 2549 236 2628 piat,
277 2550 363 2629 quasi
396 2550 542 2630 astrologi
573 2550 740 2612 exturbatis
774 2550 911 2630 genuinis
926 2553 928 2558 ’
945 2569 1042 2610 rerum
1072 2550 1173 2611 causis
1202 2550 1241 2611 ad
1271 2551 1345 2611 haec
1377 2550 1521 2627 ἀλλοτρια

158 2637 348 2716 confugiant,
383 2637 478 2700 vitaur
501 2658 560 2700 non
585 2659 621 2699 ex
645 2639 838 2700 immanentia
862 2639 1000 2710 animae,
1034 2639 1088 2700 sed
1113 2659 1150 2699 ex
1170 2638 1337 2718 agitatione
1361 2639 1440 2700 coeli
1464 2640 1520 2699 de·

159 2727 280 2788 ducant.
327 2727 393 2788 Hoc
417 2735 447 2788 te
472 2746 529 2788 non
553 2737 626 2808 puto
651 2729 902 2807 impugnaturum.
950 2725 991 2787 Et
1015 2735 1133 2801 tamen,
1161 2728 1248 2808 quasi
1273 2729 1311 2789 ad
1336 2729 1520 2807 impugnan-

159 2814 228 2875 dum
247 2815 316 2889 hoc,
352 2817 429 2896 quod
456 2816 536 2891 dixi,
571 2817 682 2894 ipsene
705 2816 863 2895 genuinum
888 2835 956 2875 esse
981 2816 1130 2876 humidum
1159 2816 1306 2885 radicale,
1342 2825 1520 2895 argumento
1558 2850 1562 2854 -

159 2903 323 2966 instructus
348 2924 394 2976 es,
421 2905 524 2965 sidera
548 2906 621 2966 dant
645 2906 764 2966 humido
789 2905 913 2965 radicali
938 2905 1081 2982 rigorem.
1131 2906 1195 2965 Hoc
1219 2906 1290 2976 tibi,
1324 2905 1364 2967 mi
1388 2904 1519 2977 Fabrici,

158 2992 364 3072 philosophice
389 3013 425 3053 ex
450 2994 517 3073 ipso
541 2995 632 3055 etiam
655 2995 728 3055 Pico
753 2994 879 3066 dicenti,
912 2995 1057 3067 concedo,
1090 2995 1144 3054 sed
1168 3013 1274 3072 parum
1298 2995 1327 3054 in
1352 2992 1520 3071 astrologia

157 3082 213 3142 tihi
236 3083 372 3161 prodest.
420 3082 487 3143 Non
512 3082 592 3144 enim
615 3084 661 3143 ita
685 3083 786 3143 sidera
810 3082 885 3142 liunt
909 3083 1047 3160 aphetae‚
1072 3089 1108 3165 ut
1130 3082 1261 3143 animare
1286 3090 1318 3143 et
1342 3084 1447 3144 fovere
1462 3084 1518 3144 hu·

162 3170 273 3231 cnidum
298 3170 430 3231 radicale
456 3191 492 3231 ex
516 3191 549 3231 se
573 3165 649 3251 ipsis
674 3171 832 3244 desinant3
858 3172 928 3242 imo,
954 3170 978 3230 si
1004 3172 1059 3232 hoc
1082 3173 1245 3244 sufficeret,
1270 3171 1323 3232 illa
1345 3178 1518 3250 pergerent,

160 3277 252 3340 quare
277 3267 372 3320 totum
397 3258 452 3320 hoc
477 3261 649 3339 apheticum
680 3260 797 3322 facinus
831 3279 888 3319 uon
922 3259 1103 3321 ordinarium
1128 3279 1195 3320 csse
1221 3279 1345 3321 necesse
1370 3270 1435 3334 est,
1465 3259 1518 3320 sed

160 3346 404 3409 accidentarium.
453 3347 531 3410 Sunt
554 3369 648 3410 causa
672 3349 785 3422 mortis,
813 3356 845 3409 ut
869 3347 922 3409 Sol
947 3356 995 3408 est
1018 3368 1111 3409 causa
1134 3349 1257 3428 eclipsis
1281 3350 1403 3420 Lunae,
1430 3355 1519 3427 prout

160 3444 192 3498 tu
224 3435 343 3516 quidem
371 3437 437 3515 jam
471 3455 509 3497 ex
536 3438 693 3517 praedicto
727 3438 920 3498 fundamento
949 3437 1156 3516 philosophico
1188 3447 1294 3498 contra
1318 3457 1365 3498 me
1388 3456 1517 3517 pugnas.

159 3524 239 3586 Nam
261 3523 291 3585 in
316 3525 452 3586 terminis
477 3526 590 3606 loquor.
639 3528 671 3587 ln
697 3525 891 3607 sequentibus
915 3526 1004 3604 plane
1019 3545 1144 3599 mecum,
1170 3527 1224 3586 sed
1248 3545 1353 3606 parum
1378 3535 1468 3587 caute
1489 3526 1518 3586 in

159 3621 243 3674 tuam
266 3631 341 3674 rem.
387 3613 549 3675 Materiale
574 3615 753 3693 apheticum,
778 3615 928 3676 humidum
952 3615 1101 3689 radicale,
1126 3616 1250 3676 formale
1274 3616 1339 3692 ejus
1364 3615 1394 3675 in
1419 3623 1519 3675 mate-

159 3701 349 3781 riam'opus,
382 3703 511 3765 calidum
535 3704 683 3776 nativum,
719 3704 900 3783 adjuvantes
930 3721 1038 3763 causas
1063 3703 1178 3775 sidera,
1213 3712 1244 3764 et
1272 3703 1407 3783 quidem,
1442 3704 1520 3783 quod

160 3791 282 3870 egregie
305 3791 396 3852 tinnit
419 3792 447 3852 in
473 3792 595 3853 auribus
619 3792 713 3865 meis,
739 3793 931 3853 stimulantes
956 3792 1085 3853 animam
1109 3800 1140 3853 et
1163 3793 1348 3854 excitantes:
1389 3792 1519 3853 dixisses

158 3881 375 3954 tantummodo,
401 3889 434 3941 ut
457 3898 522 3960 ego,
548 3881 655 3942 stellas
679 3900 798 3955 canere,
824 3881 952 3942 animam
976 3881 1101 3952 saltare,
1126 3901 1162 3942 ne
1186 3883 1234 3942 hic
1258 3881 1399 3942 stimulus
1423 3880 1516 3941 sitin

158 3966 234 4047 ipsis
266 3987 321 4049 per
344 3988 377 4030 se
402 3968 567 4044 sideribus,
601 3969 654 4030 sed
687 3970 788 4047 potius
822 3971 850 4031 in
881 3971 979 4030 auimo
1012 3969 1159 4043 hominis,
1192 3980 1226 4032 ut
1258 3989 1329 4031 rosa
1360 3969 1519 4041 infantem,

158 4055 265 4134 ignara
288 4057 364 4140 ipsa,
390 4058 513 4120 animat.
560 4058 659 4119 Unum
683 4077 790 4119 cavere
814 4065 844 4118 te
864 4059 971 4137 jubeo,
1007 4077 1043 4118 ne
1079 4059 1263 4137 astrologica
1284 4057 1422 4140 physicis
1446 4077 1520 4120 cou-

160 4145 285 4220 iuudas,
311 4147 458 4225 quomodo
483 4147 605 4221 dixisti,
631 4147 767 4226 adjuvari
792 4148 921 4208 calorem
946 4147 1081 4208 nativum
1106 4149 1217 4221 astris;
1252 4148 1278 4208 is
1302 4166 1361 4207 non
1388 4166 1519 4208 enerva-

158 4243 206 4296 tur
232 4234 293 4296 situ
317 4235 456 4308 siderum,
482 4237 553 4315 quia
576 4236 631 4296 hoc
656 4236 769 4297 iaciunt
793 4255 850 4297 nou
876 4237 920 4297 uti
944 4236 1033 4297 sitnm
1058 4243 1159 4308 nacta,
1184 4239 1238 4298 sed
1263 4236 1306 4296 nti
1331 4234 1396 4311 Sol,
1422 4237 1519 4308 Luna,

158 4330 190 4383 et
213 4322 243 4385 id
267 4342 304 4384 ex
329 4342 360 4383 se
386 4323 508 4386 habeut.
556 4325 603 4384 Ex
628 4322 699 4385 Sole
723 4334 843 4385 emanat
868 4326 963 4386 virtus
987 4325 1015 4385 in
1040 4324 1212 4387 universnm
1232 4324 1383 4399 mundum,
1409 4333 1444 4387 ut
1466 4343 1521 4386 ca-

158 4412 217 4488 lor,
251 4419 285 4473 ut
306 4419 416 4473 motus.
462 4413 508 4473 At
531 4415 677 4493 quomodo
709 4414 800 4475 certis
834 4413 922 4485 locis,
956 4413 1106 4493 personis,
1140 4414 1325 4493 temporibus
1362 4415 1524 4476 stimulant

158 4501 285 4576 animos,
309 4501 339 4561 id
363 4501 397 4562 lit
419 4501 537 4563 ratione
561 4502 638 4562 situs
662 4501 803 4581 ipsorum,
829 4503 877 4581 qui
903 4502 977 4581 ipsis
1002 4501 1114 4563 accidit
1137 4521 1266 4582 vereque
1290 4502 1439 4564 inanimo
1460 4512 1517 4577 est,

157 4591 206 4668 qni
231 4588 292 4651 illis
316 4589 424 4652 sitibus
449 4592 536 4662 (snut
559 4598 661 4652 autem
685 4598 827 4671 aspectus
852 4599 884 4671 et
907 4591 1106 4652 mediationes
1130 4591 1221 4664 coeli)
1246 4599 1394 4652 movetur.
1437 4590 1523 4655 Haec

158 4687 190 4737 tu
215 4679 276 4739 noli
300 4678 500 4751 confunderee
537 4680 607 4759 qnid
631 4680 710 4740 enirn
733 4687 890 4759 sequatur,
923 4679 1017 4741 vides.
1064 4678 1098 4740 Si
1126 4679 1209 4759 prior
1237 4680 1316 4740 enim
1346 4680 1402 4741 illa
1424 4681 1523 4743 virtus

159 4783 180 4826 a
201 4766 263 4829 situ
286 4764 369 4828 Solia
391 4768 520 4847 pendet,
550 4774 644 4841 certe,
668 4768 738 4848 qnia
760 4767 824 4842 Sol,
850 4776 882 4829 et
905 4768 945 4829 ad
967 4768 1065 4831 meum
1089 4776 1121 4829 et
1144 4769 1182 4829 ad
1206 4768 1448 4848 magnitudinem
1467 4787 1523 4831 ve-
