3366 5482
684 269 719 319 ds
733 270 808 320 rebus
825 269 986 334 narotogicis
1450 267 1515 333 383
1534 220 1540 232 -

154 426 252 498 litate,
278 444 375 486 causa
397 423 477 485 acuti
502 432 534 484 et
556 424 669 502 gravis,
693 426 793 504 sitque
816 425 912 486 omnis
935 426 1071 495 ι’σοτονος
1095 434 1127 487 et
1149 426 1272 505 speciali
1288 426 1405 488 numine
1425 430 1517 505 φθογ-

153 537 215 594 7⁰⁶3
239 515 271 574 in
295 513 381 574 coslo
405 521 510 574 contra
533 532 637 574 omues
661 514 742 586 soni,
767 513 932 593 (siquidem
955 515 1122 575 existerent
1144 517 1224 587 soni)
1249 524 1320 576 sunt
1341 513 1515 585 ἀνισοτουοι,

156 613 188 666 ut
210 602 241 664 in
266 602 409 663 continuo
441 600 615 662 intentionis
649 611 681 664 et
712 601 896 664 remissionis
925 613 1012 674 actu,
1047 621 1083 663 ac
1114 602 1140 664 si
1171 603 1236 682 quis
1260 603 1402 664 chordam
1426 603 1513 664 simul

152 693 306 772 pulsaret,
341 689 430 750 simul
458 689 628 750 intenderet
651 698 683 750 et
705 691 883 752 remitteret.
912 691 1078 751 ‘Planetae
1102 692 1179 751 enirn
1209 691 1336 770 apogaei
1359 701 1516 753 moventur

155 780 295 853 remisse,
329 779 358 838 in
382 778 525 856 perigaeo
550 779 715 839 incitatius.
763 780 868 858 ltaque
893 778 1021 858 apogaei
1045 798 1168 857 gravem
1199 779 1375 840 exhiberent
1397 797 1512 852 sonum,

153 867 289 949 perigasi
312 875 443 928 acutum.
489 867 538 927 Ac
562 867 620 927 etsi
645 860 731 945 hujus
756 867 901 927 acuminis
926 868 1143 945 etgravitatis,
1168 867 1357 941 intensionis,
1383 868 1514 946 inquam,

153 965 185 1020 et
207 954 396 1019 remissionis
418 974 558 1016 mensura
581 955 728 1033 reperitur
750 955 887 1034 proxime
910 956 940 1016 in
965 955 1111 1017 distantia
1134 958 1275 1034 planetas
1299 976 1318 1016 a
1341 964 1456 1028 centro,
1481 966 1515 1017 ut

155 1048 182 1108 in
210 1045 315 1107 Marte
343 1043 483 1122 probavi,
519 1051 620 1104 tamen
651 1043 727 1104 ratio
757 1044 837 1105 fallit
867 1043 896 1104 in
925 1045 1148 1122 comparatione
1180 1045 1303 1119 duorum
1326 1044 1515 1123 planetarum

154 1136 231 1198 inter
254 1152 306 1205 se;
332 1152 388 1193 non
413 1132 493 1192 enim
516 1141 549 1192 nt
572 1132 723 1202 diametri,
748 1133 791 1193 sic
815 1141 923 1206 motus,
949 1152 1042 1194 causa
1065 1133 1240 1194 intensionis
1265 1143 1298 1193 et
1316 1133 1512 1193 remissionis.

153 1223 300 1286 Defectus
323 1229 410 1301 patet
434 1239 471 1280 ex
491 1220 638 1301 Mysterio
667 1219 934 1300 cosmographico.
980 1221 1091 1282 Altera
1113 1241 1215 1295 causa,
1240 1241 1292 1282 cur
1315 1239 1381 1282 cum
1395 1220 1513 1302 Pytha-

153 1309 274 1392 goraeis
306 1318 339 1371 ct
361 1308 458 1370 Plinio
492 1319 572 1370 erret
594 1308 806 1383 Reinhardus,
840 1329 878 1369 ex
911 1310 1007 1370 sonis¹
1026 1310 1148 1371 musicis
1181 1312 1313 1371 formans
1349 1309 1513 1370 diametros

153 1401 363 1480 planetarum,
402 1405 450 1458 est
483 1397 574 1470 haec,
614 1398 691 1475 quod
725 1398 863 1459 diametri
897 1397 1107 1476 intelliguntur
1139 1399 1333 1477 sphaerarum
1362 1397 1511 1472 diametri,

154 1489 287 1569 sphaera
309 1504 380 1547 vero
404 1485 453 1546 vel
476 1504 583 1564 corpus
607 1495 656 1546 est
678 1487 841 1547 secuudum
864 1487 1015 1568 physicos,
1040 1487 1195 1547 rehiocus
1220 1487 1343 1560 solidus,
1369 1486 1400 1547 in
1424 1505 1512 1566 quern

155 1578 281 1657 planeta
303 1593 445 1636 successu
469 1576 636 1635 seculorum
660 1575 761 1636 venire
785 1584 897 1655 potest.
945 1575 1093 1636 Diametri
1113 1575 1203 1654 igitur
1221 1575 1417 1654 sphaerarum
1435 1595 1511 1636 uan-

153 1667 308 1728 ciscnntur
332 1663 542 1742 proportiones
565 1683 636 1724 snas
660 1682 697 1722 ex
721 1663 823 1742 figuris
847 1664 968 1736 solidis,
997 1673 1030 1725 ut
1057 1663 1175 1725 ostendi
1204 1664 1233 1724 in
1257 1663 1404 1746 Mysterio
1430 1662 1511 1724 Cos-

152 1753 357 1833 urographioo.
405 1750 521 1812 Contra
544 1771 635 1813 sonus
660 1763 708 1812 est
731 1762 844 1826 motus;
868 1754 963 1814 omnis
988 1772 1058 1814 vero
1083 1761 1182 1813 motus
1207 1753 1235 1814 iu
1257 1752 1349 1813 linea:
1376 1762 1510 1813 motuum

151 1844 244 1922 igitur
268 1841 421 1920 proportio
446 1840 670 1901 convenientius
696 1842 849 1920 quaeritur
873 1860 911 1900 ex
934 1841 1036 1919 figuris
1059 1842 1251 1919 geometricis
1274 1841 1386 1918 planis,
1413 1841 1511 1901 circu·

153 1933 212 1993 lum
238 1933 352 2001 (motus
376 1929 518 1990 coelestis
538 1930 664 2002 lineam)
689 1930 902 1989 dirideutibus.
950 1931 992 1990 Ut
1016 1930 1091 1989 euim
1116 1949 1148 1989 se
1174 1930 1266 1990 habet
1281 1930 1360 1990 linea
1383 1929 1422 1989 ad
1442 1948 1510 1989 cor-

151 2039 207 2099 pus
233 2019 371 2089 solidum,
398 2017 441 2076 sic
466 2037 498 2077 se
524 2017 616 2079 habet
640 2019 857 2095 quodammodo
882 2027 981 2079 motus
1006 2019 1043 2077 ad
1068 2037 1176 2095 corpus
1200 2018 1365 2098 physicum.

245 2108 292 2168 De
329 2106 521 2178 „enarmonio
545 2106 729 2167 chromatico
754 2118 786 2167 et
810 2107 983 2166 diatonico“
1019 2125 1107 2185 quum
1132 2125 1234 2183 parurn
1260 2106 1347 2166 hodie
1371 2105 1511 2179 sciamus,

152 2216 208 2259 nec
233 2196 326 2258 ullum
353 2195 520 2272 exemplum
544 2194 691 2254 melodiae
716 2203 809 2269 extet,
835 2214 872 2254 ex
897 2214 954 2273 quo
979 2194 1138 2256 discrimen
1164 2194 1267 2255 horum
1292 2213 1435 2272 generum
1455 2214 1512 2274 ap-

150 2292 270 2365 pareat,
297 2284 410 2343 frustra
433 2302 487 2343 nos
511 2283 616 2361 opinor
637 2284 784 2343 desudare
809 2284 1082 2361 comparationibus
1108 2302 1160 2362 per
1183 2304 1220 2343 ea
1243 2283 1447 2344 instituendis.

241 2374 289 2433 De
313 2372 436 2432 vocibus
460 2379 524 2445 ‚,ut,
548 2390 590 2443 ra,
616 2371 664 2444 mi,
691 2371 731 2443 la,
756 2374 811 2445 sol,
839 2373 888 2431 la“
913 2372 1019 2433 eadem
1044 2372 1081 2431 ad
1099 2369 1265 2432 Calvisium
1290 2372 1406 2450 scripsi,
1433 2388 1509 2449 quae

150 2463 201 2524 hie
230 2461 349 2542 quaerit
379 2459 585 2521 Reinhardus:
624 2460 742 2520 scilicet
775 2460 887 2520 aboleri
919 2479 1027 2537 posse,
1063 2469 1094 2520 et
1116 2460 1180 2538 jam
1213 2460 1250 2521 de
1276 2462 1355 2520 facto
1381 2458 1511 2520 abolitas

152 2570 222 2612 esse
248 2549 267 2611 7
293 2548 408 2611 literis:
434 2570 461 2623 a,
486 2549 513 2619 b,
541 2569 566 2616 c,
591 2549 620 2621 d,
646 2569 670 2622 e,
698 2550 718 2621 f,
742 2551 795 2627 g,“
819 2550 845 2610 si
869 2549 956 2610 modo
981 2549 1046 2628 quis
1071 2558 1230 2610 assuescat
1253 2548 1435 2609 nominibus:
1460 2566 1511 2622 „a,

152 2638 558 2715 wmmamffl“

241 2725 508 2806 Comparationem
531 2726 608 2785 hanc
632 2726 827 2803 sphaerarum
852 2743 918 2785 cunr
943 2724 1025 2785 sonis
1050 2724 1170 2786 musicis
1192 2724 1429 2785 Ptolemaeus
1454 2724 1511 2784 tri-

150 2817 207 2879 bus
232 2813 346 2876 ultimis
370 2814 519 2893 capitibus
546 2814 611 2874 libri
637 2814 719 2874 tertii
743 2812 989 2873 Harmonices
1013 2813 1170 2893 complecti
1197 2813 1303 2886 voluit,
1329 2813 1383 2873 scd
1407 2812 1511 2872 titulos

151 2904 364 2967 tantummodo
389 2903 539 2983 capitibus
563 2903 711 2979 praefixit.
759 2903 889 2962 Textunr
915 2899 1068 2978 Gregoras
1093 2901 1224 2972 addidit,
1250 2902 1303 2961 sed
1328 2902 1456 2962 alienum
1480 2908 1512 2959 et

149 2994 406 3072 impertinentem‚
431 3002 465 3051 ut
488 2992 677 3052 demonstrat
692 2991 873 3050 Baarlamus
898 2991 1070 3064 monachus,
1096 3008 1182 3069 quern
1199 2989 1285 3049 verti.
1323 2989 1511 3057 Dillicultate

150 3083 298 3144 materiae
324 3080 478 3141 absterriti
501 3080 641 3157 progredi
666 3098 723 3139 uon
747 3087 919 3157 potuerunt.
959 3079 993 3138 In
1019 3077 1224 3157 Cupernico
1249 3084 1319 3138 sunt
1342 3076 1439 3137 omnia
1455 3095 1511 3136 ex-

149 3172 312 3250 peditiora.
360 3170 393 3229 In
419 3169 493 3229 libro
518 3168 559 3228 de
584 3169 712 3229 Stella
744 3187 809 3246 cap.
839 3163 886 3228 16.
921 3166 1054 3227 iuvenies
1088 3186 1192 3228 crassa
1215 3165 1353 3227 Minerva
1384 3184 1510 3244 propor-

151 3261 248 3321 tiones
274 3258 441 3319 celeritatis
470 3258 660 3336 planetarum
695 3256 722 3315 in
752 3255 950 3317 mediocribus
981 3255 1043 3315 suis
1077 3254 1231 3316 distantiis
1259 3275 1278 3315 a
1302 3254 1384 3316 Sole.
1431 3253 1511 3315 Nam

150 3345 223 3425 hin
247 3368 310 3408 una
340 3347 414 3407 hora
437 3345 569 3406 absolvit
597 3346 737 3406 milliaria
760 3341 845 3417 300,
878 3339 1014 3417 TithO,
1049 3340 1182 3418 (5600,
1218 3347 1242 3418 ὁ
1269 3341 1351 3418 720,
1386 3337 1511 3415 9800,

150 3433 293 3514 ῤ1000.
341 3436 436 3513 Igitur
460 3435 515 3494 hoc
539 3442 629 3513 pacto
653 3433 732 3493 iuter
755 3429 775 3510 l)
800 3444 831 3494 et
854 3433 882 3507 Ti
908 3441 957 3493 est
979 3439 1184 3511 drocaooapors
1208 3434 1362 3512 (quarta),
1387 3427 1408 3507 ii
1433 3437 1512 3498 etd
1557 3503 1559 3507 .

150 3531 306 3586 turonus
342 3525 499 3596 (octava),
534 3519 611 3598 het
635 3525 659 3597 ὅ
685 3528 823 3598 scorpios
851 3521 951 3582 mollis
986 3531 1017 3583 et
1046 3528 1197 3583 trcoooorr
1229 3521 1335 3592 (tertia
1359 3520 1457 3580 mullis
1482 3528 1512 3578 et
1551 3512 1557 3527 '

150 3615 287 3685 octava),
313 3610 332 3688 h
357 3622 390 3672 et
414 3610 438 3684 Ω
463 3611 631 3688 composita
655 3630 692 3670 ex
716 3623 803 3670 sexta
823 3612 897 3671 dura
922 3621 1065 3671 etsexta
1089 3611 1179 3682 molli,
1205 3606 1225 3687 b
1250 3619 1280 3670 et
1300 3612 1321 3685 b
1344 3605 1512 3685 composita

151 3722 186 3763 ex
210 3711 302 3764 sexta
325 3703 400 3761 dura
423 3708 454 3760 et
479 3706 639 3771 brunonem,
666 3699 777 3773 ilat&
798 3706 931 3760 dranum
956 3700 1103 3779 (quinta),
1128 3698 1157 3772 'li
1174 3701 1245 3773 et&
1270 3697 1439 3775 ἀναρμοςος
1461 3688 1509 3776 ⁵l„

150 3810 207 3853 uon
233 3800 336 3850 tamen
361 3788 482 3865 ἀμελης,
508 3796 556 3848 est
581 3789 658 3848 eninr
682 3798 770 3848 sexta
796 3788 894 3848 mollis
920 3803 950 3847 et
975 3799 1062 3848 tonus
1088 3789 1192 3866 major,
1217 3787 1247 3860 ‘ll
1262 3785 1509 3858 ethrurraocrr,

150 3881 272 3956 ilerd
296 3884 431 3956 διατριων
455 3878 530 3938 dura
554 3887 586 3937 et
609 3882 770 3949 διαπασων,
794 3885 865 3946 det
881 3879 905 3950 ὦ
923 3882 1058 3954 deceptos

152 4061 174 4133 ὃ
199 4065 233 4118 ct
258 4055 284 4129 9
311 4068 398 4117 tonus
422 4055 518 4115 minor
546 4049 619 4135 ⁹l„„
647 4057 672 4128 ὅ
696 4062 728 4114 et
752 4057 773 4131 ζξ
797 4060 1002 4130 διατεσσαρων
1025 4064 1056 4113 et
1117 4054 1360 4139 ἐξά-

153 4146 258 4216 diesis,
292 4146 321 4205 h.
346 4163 372 4207 c.
405 4136 489 4224 ¹725,
524 4143 650 4221 denique
675 4142 754 4203 inter
778 4142 802 4215 Ω
828 4151 858 4203 et
882 4145 903 4220 ζξ
927 4153 974 4203 est
997 4148 1054 4201 δια.

152 4257 237 4315 apros
262 4234 346 4294 dura.
394 4234 513 4304 Mirum,
540 4232 641 4291 omnia
664 4232 823 4293 intervalla
847 4250 914 4291 esse
934 4229 1053 4307 ἐμμελη,
1128 4251 1136 4259 ·
1403 4275 1471 4329 ,ᾖ

153 4344 216 4386 curn
240 4341 299 4382 nou
319 4322 477 4399 cogitarim
502 4322 538 4381 de
563 4321 685 4392 musica,
712 4321 829 4398 quaudo
855 4321 923 4380 illos
947 4339 1052 4380 uume—
1078 4286 1477 4407 -ῗΓ-Ξῖἒῖρᾙ

152 4432 199 4476 ros
233 4411 411 4472 concinnari
445 4410 473 4469 iu
508 4410 582 4469 libro
616 4409 652 4469 de
686 4408 793 4469 Stella.
842 4409 905 4469 Nec
937 4407 1053 4469 mutavi

153 4501 329 4581 quicquam,
363 4498 420 4560 nisi
444 4497 591 4571 Telluris,
625 4496 673 4557 ubi
697 4516 750 4576 pro
776 4492 840 4558 7th
870 4497 977 4574 scripsi
1011 4493 1083 4558 720.
1131 4496 1235 4576 Neque
1264 4505 1363 4557 tamen
1393 4495 1509 4557 excessi

153 4591 261 4652 limites
291 4588 402 4667 aphelii
435 4586 582 4659 Telluris,
617 4586 645 4644 iu
675 4605 731 4664 quo
761 4586 862 4646 Tellus
891 4586 983 4646 currit
1014 4585 1109 4646 minus
1143 4604 1231 4665 quarn
1262 4581 1326 4645 720
1357 4582 1532 4649 milliaria..

152 4679 282 4741 Telluris
313 4677 391 4737 enim
416 4684 514 4735 motus
539 4674 576 4734 ab
600 4674 718 4752 aphelio
747 4674 776 4734 iu
800 4672 975 4753 perihelium
1002 4673 1167 4736 intenditur
1198 4673 1287 4752 paulo
1312 4671 1408 4732 minus
1433 4671 1510 4732 diesi

156 4758 244 4852 “lm
269 4765 387 4830 scilieet
415 4758 498 4848 ²72..
545 4762 656 4824 Martis
679 4781 749 4824 vero
773 4772 872 4825 motus
894 4763 1032 4842 perlecta
1054 4769 1144 4824 sexta
1166 4761 1249 4824 molli
1268 4755 1302 4845 ⁶l,
1331 4761 1508 4824 intenditur.
