3366 5482
952 138 985 184 Ο

625 234 747 298 Apologia
765 234 897 297 Tychoula
1380 231 1455 296 237

85 388 225 450 emittere
248 389 436 468 profiteatur,
462 389 531 450 dum
555 409 658 451 omnes
683 400 714 452 et
737 391 892 453 evidenter
915 391 1074 452 Dominum
1089 391 1261 472 Tychonem
1283 390 1383 451 Brahe
1407 391 1444 450 de

83 477 183 556 palma
216 476 452 556 magisterioque
485 478 700 539 mathematico
729 480 759 541 iu
788 488 940 541 certamen
964 486 1070 539 vocat:
1104 479 1314 558 percommode
1348 497 1444 539 meam

83 564 244 644 epistolam
272 566 303 636 in
331 564 432 626 libello
458 585 512 626 ceu
539 566 696 644 cujusdam
717 567 827 647 judicis
852 569 916 629 loco
945 567 1132 640 introducits
1158 587 1233 647 quae
1261 567 1356 627 talem
1385 567 1445 628 fert

83 654 275 728 senteutiam,
299 661 332 714 ut
350 654 429 715 Urso
453 655 554 733 palma
578 656 631 716 illa
654 655 731 716 citra
746 656 982 716 controversiam
1005 655 1160 717 debeatur.
1190 652 1344 734 'Denique
1360 655 1443 714 lece-

83 761 144 802 ram
169 760 227 820 ego
251 742 281 803 in
305 741 411 801 eadem
433 742 488 803 illa
512 743 642 821 epistola
664 744 846 804 mentionem
866 743 1015 825 Tychonis
1034 743 1289 823 perhonorificam,
1315 743 1443 804 Ursum-

84 849 137 910 que
160 848 331 903 oraveram,
355 839 389 891 ut
412 831 490 892 hanc
514 850 611 891 meam
637 832 839 893 inventionem
863 834 902 892 ad
927 832 1022 911 ipsum
1038 833 1067 893 in
1083 832 1212 892 Daniam
1232 831 1442 910 perscriberet.

83 918 202 979 Placuit
224 918 317 998 igitur
340 919 434 986 Urso,
464 937 521 979 uon
546 920 636 980 aliter
659 938 706 980 me
731 921 767 980 de
791 920 848 981 hac
878 921 906 980 in
932 920 1103 1001 Tychonem
1127 918 1334 980 adversarium
1358 937 1443 979 suum

84 1007 241 1068 affectione
265 1007 380 1085 optima
408 1007 526 1082 ulcisci,
562 1026 650 1086 quam
682 1008 707 1068 si
731 1009 891 1087 epistolam
921 1028 1033 1081 meam,
1067 1008 1182 1070 extrita
1204 1007 1354 1067 mentione
1378 1007 1442 1087 ry-
1508 996 1515 1007 ’

84 1094 195 1168 ebonis,
221 1114 288 1156 eum
311 1096 341 1156 in
360 1095 493 1156 libellum
516 1096 678 1169 insereret,
709 1098 758 1175 qui
789 1117 847 1158 non
871 1098 909 1158 ad
940 1097 1021 1157 aliud
1055 1116 1144 1176 quarn
1169 1097 1207 1156 ad
1232 1095 1444 1156 lancinandam

84 1185 192 1244 lamam
215 1183 366 1264 Tychonis
390 1174 582 1266 comparatus
607 1194 638 1245 et
662 1184 760 1246 editus
785 1194 847 1247 est:
876 1194 911 1246 ut
934 1185 991 1253 ita,
1028 1186 1077 1264 qui
1102 1184 1273 1266 Tychonem
1300 1183 1444 1262 privatim
1482 1253 1486 1264 Ι

82 1272 157 1334 Urso
181 1272 386 1346 laudaveram,
410 1291 525 1351 poenae
551 1274 616 1334 loco
640 1273 871 1334 convitiatorem
896 1272 1046 1355 Tychonis
1069 1273 1188 1352 publice
1212 1271 1348 1333 omnibus
1373 1270 1441 1332 lan-

85 1360 152 1421 darc
177 1378 312 1439 cogerer.
361 1361 420 1422 Tot
452 1362 620 1421 nominibus
649 1381 716 1422 cum
739 1362 818 1423 Urso
849 1362 968 1423 libuerit
997 1361 1080 1422 abuti
1109 1381 1176 1422 mea
1207 1360 1346 1439 epistola,
1376 1359 1442 1438 jam

83 1449 193 1509 clarum
222 1457 286 1522 est,
320 1468 372 1510 cur
404 1449 469 1510 luce
499 1450 620 1528 dignam
648 1450 841 1528 judicaverit.
887 1451 967 1513 llam
996 1450 1074 1532 quod
1108 1449 1310 1511 inventionem
1343 1466 1442 1509 meam

83 1538 200 1611 attinet,
226 1537 252 1596 si
276 1537 372 1598 lucem
395 1557 433 1598 ea
455 1547 596 1605 meretur,
617 1539 683 1615 jam
697 1558 763 1599 eam
780 1539 896 1599 fatente
912 1539 990 1601 Urso
1005 1538 1133 1611 viderat,
1160 1546 1301 1600 exstante
1318 1536 1347 1596 in
1363 1556 1441 1597 nun·

83 1626 156 1686 dinis
180 1625 300 1702 integro
323 1626 439 1698 libello,
474 1646 529 1687 uec
554 1627 701 1706 epistolae
725 1628 781 1687 hac
806 1646 880 1705 opus
911 1626 967 1688 fuit
990 1627 1132 1687 editione.
1180 1624 1279 1696 Quam
1307 1624 1442 1703 graviter

83 1723 181 1774 antem
206 1713 281 1774 haec
305 1714 397 1775 editio
421 1733 468 1775 me
493 1714 633 1788 haberet,
666 1735 732 1776 cum
756 1715 851 1776 literis
876 1716 914 1775 ad
937 1715 976 1776 D.
1002 1716 1175 1796 Tychonem
1199 1721 1231 1774 et
1254 1713 1293 1774 ad
1317 1712 1441 1774 Roesli-

82 1821 147 1862 num
170 1803 349 1881 perscriptis
373 1810 518 1864 testatum
544 1804 616 1864 leci:
642 1812 705 1864 tum
720 1804 798 1865 Urso
823 1804 880 1882 ipsi
905 1804 1048 1881 superiori
1065 1802 1210 1863 Januario
1235 1798 1352 1874 (¹600)
1377 1801 1441 1880 pri·

82 1909 158 1951 mum
183 1899 276 1969 atque
300 1891 430 1969 Pragam
454 1893 532 1959 veni,
558 1892 587 1952 in
613 1891 718 1952 faciem
744 1891 815 1965 dixi,
842 1910 1004 1970 suppresso
1029 1901 1131 1952 tamen
1148 1908 1214 1951 meo
1230 1891 1365 1962 uomine;
1390 1907 1439 1961 ue,

80 1979 103 2039 si
128 1997 196 2039 cum
219 1988 381 2057 praesente
405 1980 537 2057 Keplero
562 1979 618 2040 sibi
643 1999 706 2040 rem
731 1999 798 2041 esse
823 1981 930 2053 sciret,
960 1999 1024 2040 rem
1048 1980 1087 2040 ad
1114 1979 1217 2057 jurgia
1239 1978 1439 2058 protraheret

77 2067 195 2129 Addidi
221 2074 253 2128 et
272 2066 362 2128 haec:
389 2069 506 2147 quando
531 2067 662 2128 lubuerit
685 2068 738 2142 illi,
764 2087 820 2142 me,
847 2070 896 2148 qui
920 2067 1059 2147 discipuli
1082 2069 1137 2129 sub
1152 2086 1283 2146 persona
1306 2066 1439 2145 scripse-

75 2174 150 2228 ram,
170 2154 202 2218 in
223 2155 335 2235 judicis
359 2156 504 2217 subsellia
527 2156 651 2217 invitum
674 2158 864 2234 protrahere,
897 2166 1054 2236 pateretur
1084 2174 1155 2235 ergo
1180 2174 1225 2216 me
1255 2154 1285 2215 iu
1309 2154 1364 2216 illa
1388 2154 1440 2215 lite

74 2243 214 2306 literaria
239 2245 292 2315 (de
315 2244 454 2305 convitiis
478 2244 556 2306 enim
586 2254 616 2305 et
643 2245 758 2324 injuriis
785 2245 918 2324 politicis
947 2246 1096 2306 actionem
1120 2243 1254 2325 Tychoui
1286 2243 1439 2322 relinque-

10 2351 14 2372 ·
72 2331 176 2406 ham),
208 2342 300 2394 exuta
323 2333 462 2412 discipuli
485 2333 635 2394 modestia
654 2334 766 2412 judicis
787 2334 1000 2396 auctoritatem
1015 2351 1186 2407 assumere,-
1209 2341 1241 2392 et
1265 2331 1342 2412 quod
1367 2350 1383 2391 e
1406 2349 1439 2392 re

67 2421 294 2482 mathematica
318 2422 380 2482 fore
403 2423 541 2482 videatur
564 2422 681 2501 publice
705 2422 837 2483 vicissim
853 2423 1022 2484 decernere.
1069 2420 1179 2501 Sicque
1194 2440 1300 2482 nomen
1317 2419 1439 2480 tandem

64 2510 233 2587 professus
255 2510 379 2589 pacifice
408 2510 536 2590 abipso
561 2511 697 2572 discessi.

164 2595 235 2667 Quo
258 2599 354 2660 serius
370 2606 469 2660 autem
484 2600 696 2660 denunciatam
711 2599 789 2660 Urso
804 2599 1016 2659 refutationem
1040 2597 1119 2658 illius
1135 2597 1238 2678 scripti
1263 2597 1318 2658 sub
1333 2614 1439 2658 manus

61 2705 235 2758 sumerem,
260 2688 372 2748 multae
396 2706 432 2748 ac
454 2687 613 2766 praecipue
638 2687 821 2748 domesticae
845 2689 1057 2766 occupationes
1081 2685 1290 2765 impedierunt.
1337 2687 1439 2746 luter-

44 2775 159 2837 ‘venit
183 2783 216 2835 et
238 2793 319 2836 mors
328 2776 414 2850 Ursi,
439 2795 514 2855 quae
530 2795 576 2836 me
592 2776 725 2837 nonnihil
750 2776 869 2837 dubium
884 2776 1003 2837 habuit:
1029 2794 1065 2835 ne
1087 2784 1177 2848 esset,
1205 2774 1253 2854 qui
1276 2775 1354 2835 hanc
1373 2792 1440 2835 cnm

54 2871 194 2926 mortuo
217 2881 348 2943 pugnam
371 2865 612 2925 calumniaretur.
661 2863 723 2925 Sed
747 2865 816 2944 quia
838 2865 1018 2943 promissum
1041 2882 1138 2924 meum
1161 2863 1200 2923 D.
1222 2863 1323 2943 Tycho
1338 2863 1438 2924 Brahe

54 2953 220 3032 urgebat,
246 2972 265 3012 a
287 2952 371 3032 cujus
390 2953 520 3014 humeris
544 2954 600 3014 hoc
624 2973 700 3013 onus
724 2952 874 3013 scribendi
897 2954 991 3031 primo
1015 2953 1093 3013 ultro
1116 2951 1146 3011 in
1162 2971 1209 3012 me
1224 2969 1434 3029 susceperam:

52 3051 104 3102 et
127 3041 205 3121 qnia
227 3059 280 3119 per
304 3060 337 3102 se
359 3060 408 3102 res
432 3051 499 3103 erat
521 3041 664 3116 honesta,
697 3041 864 3120 exstirpare
889 3060 926 3101 ex
950 3040 1057 3101 animis
1091 3040 1269 3101 discentium
1293 3056 1437 3099 erroneas

55 3127 252 3209 opiniones,
287 3129 448 3191 obliterare
472 3131 511 3191 in
542 3130 753 3191 Maecenatum
782 3129 993 3210 persuasiones
1026 3129 1203 3208 impressam
1233 3127 1437 3189 inventionum

53 3217 361 3279 mathematicamm
376 3219 580 3280 calumniam:
615 3237 670 3279 nec
694 3219 888 3291 inusitatum,
923 3219 959 3278 de
993 3226 1177 3279 mortuorum
1214 3216 1436 3298 quanticunque

49 3305 188 3368 fuerint
215 3306 337 3385 placitis
367 3317 398 3368 et
419 3307 547 3386 publicis
571 3308 769 3368 monumentis
794 3307 954 3368 decernere
978 3306 1159 3386 superstites
1180 3306 1274 3387 (quod
1292 3305 1358 3384 ipse
1372 3303 1436 3366 Ur-

46 3412 127 3455 sus
162 3395 214 3456 iol.
245 3392 279 3456 0.
304 3392 334 3456 2.
367 3395 395 3456 in
425 3397 579 3458 demortuo
608 3396 705 3456 Ramo
737 3396 870 3456 taxando
899 3397 1091 3474 comprobat)
1125 3397 1264 3483 tandem¹
1279 3411 1350 3472 ergo
1385 3391 1437 3453 diu

45 3483 225 3562 agitatam
248 3483 326 3543 hauc
345 3485 589 3562 scriptiunculam
614 3485 713 3545 animo
739 3485 855 3545 sincero
879 3492 910 3545 et
933 3484 976 3545 rei
996 3484 1228 3546 mathematicae
1248 3483 1348 3544 studio
1363 3499 1436 3541 sus·

48 3572 157 3650 cepi,
185 3580 318 3651 putoque
346 3572 479 3633 siccam
507 3574 710 3654 perterruisse,
744 3580 777 3634 ut
800 3580 832 3633 et
855 3574 893 3633 ad
917 3593 964 3634 me
994 3574 1138 3634 defensae
1170 3582 1201 3634 et
1231 3572 1269 3632 ad
1293 3571 1436 3632 lectorem

47 3660 198 3738 agnitae
221 3660 363 3721 veritatis
387 3661 505 3723 utilitas
528 3671 560 3723 et
582 3662 648 3722 laus
673 3661 808 3723 reditura
830 3662 880 3723 eit.
