<?xml version="1.0" encoding="UTF-8"?>
<!DOCTYPE html PUBLIC "-//W3C//DTD XHTML 1.0 Transitional//EN"
    "http://www.w3.org/TR/xhtml1/DTD/xhtml1-transitional.dtd">
<html xmlns="http://www.w3.org/1999/xhtml" xml:lang="en" lang="en">
 <head>
  <title>
</title>
<meta http-equiv="Content-Type" content="text/html;charset=utf-8" />
  <meta name='ocr-system' content='tesseract 3.04.00' />
  <meta name='ocr-capabilities' content='ocr_page ocr_carea ocr_par ocr_line ocrx_word'/>
</head>
<body>
  <div class='ocr_page' id='page_1' title='image "./joanniskepleria04frisgoog_0090.png"; bbox 0 0 3366 5482; ppageno 0'>
   <div class='ocr_carea' id='block_1_1' title="bbox 689 178 1528 252">
    <p class='ocr_par' dir='ltr' id='par_1_1' title="bbox 689 178 1528 252">
     <span class='ocr_line' id='line_1_1' title="bbox 689 178 1528 252; baseline 0.024 -22"><span class='ocrx_word' id='word_1_1' title='bbox 689 190 692 194; x_wconf 87' lang='grc'>’</span> <span class='ocrx_word' id='word_1_2' title='bbox 756 178 919 232; x_wconf 70' lang='lat' dir='ltr'><strong>Prooemium.</strong></span> <span class='ocrx_word' id='word_1_3' title='bbox 1473 187 1528 252; x_wconf 67' lang='lat'><strong>71⁴.</strong></span> 
     </span>
    </p>
   </div>
   <div class='ocr_carea' id='block_1_2' title="bbox 124 335 1618 411">
    <p class='ocr_par' dir='ltr' id='par_1_2' title="bbox 124 335 1618 411">
     <span class='ocr_line' id='line_1_2' title="bbox 124 335 1618 411; baseline 0.009 -26"><span class='ocrx_word' id='word_1_4' title='bbox 124 364 126 368; x_wconf 30' lang='grc' dir='ltr'><strong><em>ι</em></strong></span> <span class='ocrx_word' id='word_1_5' title='bbox 160 340 248 399; x_wconf 63' lang='lat' dir='ltr'><strong>captu„</strong></span> <span class='ocrx_word' id='word_1_6' title='bbox 286 335 400 389; x_wconf 72' lang='lat' dir='ltr'><strong>Talem</strong></span> <span class='ocrx_word' id='word_1_7' title='bbox 429 351 488 402; x_wconf 72' lang='lat' dir='ltr'><strong>ego</strong></span> <span class='ocrx_word' id='word_1_8' title='bbox 517 337 581 387; x_wconf 82' lang='lat' dir='ltr'><strong>tibi</strong></span> <span class='ocrx_word' id='word_1_9' title='bbox 612 337 829 390; x_wconf 83' lang='lat' dir='ltr'><strong>conditionem</strong></span> <span class='ocrx_word' id='word_1_10' title='bbox 855 346 1014 404; x_wconf 81' lang='lat' dir='ltr'><strong>optarem,</strong></span> <span class='ocrx_word' id='word_1_11' title='bbox 1043 348 1073 394; x_wconf 81' lang='lat' dir='ltr'><strong>et</strong></span> <span class='ocrx_word' id='word_1_12' title='bbox 1103 343 1174 408; x_wconf 81' lang='lat' dir='ltr'><strong>quir</strong></span> <span class='ocrx_word' id='word_1_13' title='bbox 1204 343 1307 403; x_wconf 80' lang='lat' dir='ltr'><strong>notit.</strong></span> <span class='ocrx_word' id='word_1_14' title='bbox 1332 344 1408 410; x_wconf 79' lang='lat' dir='ltr'><strong>qaid</strong></span> <span class='ocrx_word' id='word_1_15' title='bbox 1431 345 1527 411; x_wconf 63' lang='lat' dir='ltr'><strong>sitin</strong></span> <span class='ocrx_word' id='word_1_16' title='bbox 1616 357 1618 361; x_wconf 58' lang='lat'><strong><em>⁴</em></strong></span> 
     </span>
    </p>
   </div>
   <div class='ocr_carea' id='block_1_3' title="bbox 159 404 275 455">
    <p class='ocr_par' dir='ltr' id='par_1_3' title="bbox 159 404 275 455">
     <span class='ocr_line' id='line_1_3' title="bbox 159 404 275 455; baseline 0 0"><span class='ocrx_word' id='word_1_17' title='bbox 159 404 275 455; x_wconf 77' lang='lat' dir='ltr'><strong>latisl¹¹</strong></span> 
     </span>
    </p>
   </div>
   <div class='ocr_carea' id='block_1_4' title="bbox 225 527 974 594">
    <p class='ocr_par' dir='ltr' id='par_1_4' title="bbox 225 527 974 594">
     <span class='ocr_line' id='line_1_4' title="bbox 225 527 974 594; baseline 0.008 -16"><span class='ocrx_word' id='word_1_18' title='bbox 225 528 266 578; x_wconf 79' lang='lat' dir='ltr'><strong>Ad</strong></span> <span class='ocrx_word' id='word_1_19' title='bbox 283 527 349 579; x_wconf 82' lang='lat' dir='ltr'><strong>haec</strong></span> <span class='ocrx_word' id='word_1_20' title='bbox 367 542 428 594; x_wconf 76' lang='lat' dir='ltr'><strong>ergo</strong></span> <span class='ocrx_word' id='word_1_21' title='bbox 445 528 570 594; x_wconf 79' lang='lat' dir='ltr'><strong>Keplerus</strong></span> <span class='ocrx_word' id='word_1_22' title='bbox 587 531 714 594; x_wconf 80' lang='lat' dir='ltr'><strong>respondit</strong></span> <span class='ocrx_word' id='word_1_23' title='bbox 731 530 822 582; x_wconf 83' lang='lat' dir='ltr'><strong>hune</strong></span> <span class='ocrx_word' id='word_1_24' title='bbox 816 547 842 580; x_wconf 92' lang='lat' dir='ltr'><strong>m</strong></span> <span class='ocrx_word' id='word_1_25' title='bbox 860 533 974 585; x_wconf 86' lang='lat' dir='ltr'><strong>modum:</strong></span> 
     </span>
    </p>
   </div>
   <div class='ocr_carea' id='block_1_5' title="bbox 794 689 887 753">
    <p class='ocr_par' dir='ltr' id='par_1_5' title="bbox 794 689 887 753">
     <span class='ocr_line' id='line_1_5' title="bbox 794 689 887 753; baseline 0.012 -2"><span class='ocrx_word' id='word_1_26' title='bbox 794 689 887 753; x_wconf 90' lang='lat' dir='ltr'><strong>S..P</strong></span> 
     </span>
    </p>
   </div>
   <div class='ocr_carea' id='block_1_6' title="bbox 159 791 1558 2996">
    <p class='ocr_par' dir='ltr' id='par_1_6' title="bbox 160 791 1530 965">
     <span class='ocr_line' id='line_1_6' title="bbox 246 791 1524 875; baseline 0.009 -23"><span class='ocrx_word' id='word_1_27' title='bbox 246 792 372 854; x_wconf 85' lang='lat' dir='ltr'><strong>Literas</strong></span> <span class='ocrx_word' id='word_1_28' title='bbox 395 791 494 864; x_wconf 78' lang='lat' dir='ltr'><strong>thas,</strong></span> <span class='ocrx_word' id='word_1_29' title='bbox 518 793 678 872; x_wconf 85' lang='lat' dir='ltr'><strong>Magnifice</strong></span> <span class='ocrx_word' id='word_1_30' title='bbox 703 793 768 869; x_wconf 86' lang='lat' dir='ltr'><strong>Vir,</strong></span> <span class='ocrx_word' id='word_1_31' title='bbox 794 791 824 858; x_wconf 89' lang='grc'><strong>9.</strong></span> <span class='ocrx_word' id='word_1_32' title='bbox 850 794 936 875; x_wconf 86' lang='lat' dir='ltr'><strong>Sept</strong></span> <span class='ocrx_word' id='word_1_33' title='bbox 961 797 1032 858; x_wconf 91' lang='lat' dir='ltr'><strong>mihi</strong></span> <span class='ocrx_word' id='word_1_34' title='bbox 1056 798 1202 872; x_wconf 89' lang='lat' dir='ltr'><strong>traditas,</strong></span> <span class='ocrx_word' id='word_1_35' title='bbox 1226 818 1246 858; x_wconf 91' lang='lat' dir='ltr'><strong>a</strong></span> <span class='ocrx_word' id='word_1_36' title='bbox 1267 807 1339 861; x_wconf 87' lang='lat' dir='ltr'><strong>voto</strong></span> <span class='ocrx_word' id='word_1_37' title='bbox 1364 807 1396 861; x_wconf 91' lang='lat' dir='ltr'><strong>et</strong></span> <span class='ocrx_word' id='word_1_38' title='bbox 1419 801 1524 864; x_wconf 68' lang='lat' dir='ltr'><strong>tauma</strong></span> 
     </span>
     <span class='ocr_line' id='line_1_7' title="bbox 160 880 1530 965; baseline 0.004 -24"><span class='ocrx_word' id='word_1_39' title='bbox 160 880 341 942; x_wconf 87' lang='lat' dir='ltr'><strong>ominatione</strong></span> <span class='ocrx_word' id='word_1_40' title='bbox 365 880 494 959; x_wconf 83' lang='lat' dir='ltr'><strong>incipis3</strong></span> <span class='ocrx_word' id='word_1_41' title='bbox 518 882 564 942; x_wconf 88' lang='lat' dir='ltr'><strong>cui</strong></span> <span class='ocrx_word' id='word_1_42' title='bbox 589 902 716 962; x_wconf 85' lang='lat' dir='ltr'><strong>aequum</strong></span> <span class='ocrx_word' id='word_1_43' title='bbox 740 893 789 944; x_wconf 92' lang='lat' dir='ltr'><strong>est</strong></span> <span class='ocrx_word' id='word_1_44' title='bbox 811 882 950 965; x_wconf 68' lang='grc' dir='ltr'><strong>ἀπηχειν</strong></span> <span class='ocrx_word' id='word_1_45' title='bbox 1525 946 1530 955; x_wconf 76' lang='grc'><strong>,</strong></span> 
     </span>
    </p>

    <p class='ocr_par' dir='ltr' id='par_1_7' title="bbox 159 968 1525 2199">
     <span class='ocr_line' id='line_1_8' title="bbox 243 968 1521 1072; baseline 0.008 -42"><span class='ocrx_word' id='word_1_46' title='bbox 243 969 394 1072; x_wconf 83' lang='lat' dir='ltr'>Equidem</span> <span class='ocrx_word' id='word_1_47' title='bbox 417 968 547 1049; x_wconf 90' lang='lat' dir='ltr'><strong>optarim</strong></span> <span class='ocrx_word' id='word_1_48' title='bbox 572 977 601 1030; x_wconf 89' lang='lat' dir='ltr'><strong>te</strong></span> <span class='ocrx_word' id='word_1_49' title='bbox 626 972 756 1032; x_wconf 84' lang='lat' dir='ltr'><strong>latorum</strong></span> <span class='ocrx_word' id='word_1_50' title='bbox 785 972 903 1033; x_wconf 88' lang='lat' dir='ltr'><strong>illomm</strong></span> <span class='ocrx_word' id='word_1_51' title='bbox 928 973 1095 1045; x_wconf 91' lang='lat' dir='ltr'><strong>domiuum,</strong></span> <span class='ocrx_word' id='word_1_52' title='bbox 1130 982 1183 1033; x_wconf 85' lang='lat' dir='ltr'><strong>unt</strong></span> <span class='ocrx_word' id='word_1_53' title='bbox 1215 982 1297 1034; x_wconf 89' lang='lat' dir='ltr'><strong>certe</strong></span> <span class='ocrx_word' id='word_1_54' title='bbox 1326 973 1521 1054; x_wconf 75' lang='lat' dir='ltr'><strong>interpretem</strong></span> 
     </span>
     <span class='ocr_line' id='line_1_9' title="bbox 160 1056 1525 1127; baseline 0.008 -10"><span class='ocrx_word' id='word_1_55' title='bbox 160 1065 188 1118; x_wconf 89' lang='lat' dir='ltr'><strong>et</strong></span> <span class='ocrx_word' id='word_1_56' title='bbox 209 1056 429 1119; x_wconf 79' lang='lat' dir='ltr'><strong>internuncium</strong></span> <span class='ocrx_word' id='word_1_57' title='bbox 454 1076 500 1117; x_wconf 90' lang='lat' dir='ltr'><strong>me</strong></span> <span class='ocrx_word' id='word_1_58' title='bbox 525 1058 603 1119; x_wconf 88' lang='lat' dir='ltr'><strong>iuter</strong></span> <span class='ocrx_word' id='word_1_59' title='bbox 627 1068 658 1119; x_wconf 91' lang='lat' dir='ltr'><strong>et</strong></span> <span class='ocrx_word' id='word_1_60' title='bbox 682 1059 738 1120; x_wconf 84' lang='lat' dir='ltr'><strong>fati</strong></span> <span class='ocrx_word' id='word_1_61' title='bbox 763 1059 929 1122; x_wconf 92' lang='lat' dir='ltr'><strong>dominum:</strong></span> <span class='ocrx_word' id='word_1_62' title='bbox 954 1081 1023 1122; x_wconf 88' lang='lat' dir='ltr'><strong>nam</strong></span> <span class='ocrx_word' id='word_1_63' title='bbox 1048 1063 1084 1122; x_wconf 89' lang='lat' dir='ltr'><strong>de</strong></span> <span class='ocrx_word' id='word_1_64' title='bbox 1108 1071 1161 1123; x_wconf 85' lang='lat' dir='ltr'><strong>tua</strong></span> <span class='ocrx_word' id='word_1_65' title='bbox 1185 1062 1213 1122; x_wconf 92' lang='lat' dir='ltr'><strong>in</strong></span> <span class='ocrx_word' id='word_1_66' title='bbox 1238 1081 1285 1122; x_wconf 89' lang='lat' dir='ltr'><strong>me</strong></span> <span class='ocrx_word' id='word_1_67' title='bbox 1309 1062 1525 1127; x_wconf 80' lang='lat' dir='ltr'><strong>benevolentia</strong></span> 
     </span>
     <span class='ocr_line' id='line_1_10' title="bbox 160 1147 1521 1229; baseline 0.007 -23"><span class='ocrx_word' id='word_1_68' title='bbox 160 1164 285 1226; x_wconf 85' lang='lat' dir='ltr'><strong>aequum</strong></span> <span class='ocrx_word' id='word_1_69' title='bbox 310 1153 368 1217; x_wconf 88' lang='lat' dir='ltr'><strong>est,</strong></span> <span class='ocrx_word' id='word_1_70' title='bbox 392 1165 439 1208; x_wconf 89' lang='lat' dir='ltr'><strong>me</strong></span> <span class='ocrx_word' id='word_1_71' title='bbox 464 1165 580 1207; x_wconf 84' lang='lat' dir='ltr'><strong>summa</strong></span> <span class='ocrx_word' id='word_1_72' title='bbox 603 1147 704 1208; x_wconf 86' lang='lat' dir='ltr'><strong>omnia</strong></span> <span class='ocrx_word' id='word_1_73' title='bbox 727 1166 860 1226; x_wconf 89' lang='lat' dir='ltr'><strong>sperare.</strong></span> <span class='ocrx_word' id='word_1_74' title='bbox 892 1150 1082 1211; x_wconf 81' lang='lat' dir='ltr'><strong>Moderatum</strong></span> <span class='ocrx_word' id='word_1_75' title='bbox 1106 1158 1137 1210; x_wconf 92' lang='lat' dir='ltr'><strong>et</strong></span> <span class='ocrx_word' id='word_1_76' title='bbox 1159 1150 1398 1229; x_wconf 88' lang='lat' dir='ltr'><strong>philosophicum</strong></span> <span class='ocrx_word' id='word_1_77' title='bbox 1420 1153 1450 1214; x_wconf 89' lang='lat' dir='ltr'><strong>in</strong></span> <span class='ocrx_word' id='word_1_78' title='bbox 1467 1170 1521 1215; x_wconf 87' lang='lat' dir='ltr'><strong>ao-</strong></span> 
     </span>
     <span class='ocr_line' id='line_1_11' title="bbox 161 1234 1523 1317; baseline 0.007 -23"><span class='ocrx_word' id='word_1_79' title='bbox 161 1234 297 1313; x_wconf 92' lang='lat' dir='ltr'><strong>cipiendo</strong></span> <span class='ocrx_word' id='word_1_80' title='bbox 322 1234 453 1296; x_wconf 79' lang='lat' dir='ltr'><strong>animiam</strong></span> <span class='ocrx_word' id='word_1_81' title='bbox 477 1234 729 1313; x_wconf 71' lang='lat' dir='ltr'><strong>deprehenderet,</strong></span> <span class='ocrx_word' id='word_1_82' title='bbox 763 1237 895 1316; x_wconf 89' lang='lat' dir='ltr'><strong>quisquis</strong></span> <span class='ocrx_word' id='word_1_83' title='bbox 910 1257 1007 1317; x_wconf 24' lang='lat' dir='ltr'><strong>,quam</strong></span> <span class='ocrx_word' id='word_1_84' title='bbox 1032 1238 1288 1317; x_wconf 89' lang='lat' dir='ltr'><strong>speciosissimam</strong></span> <span class='ocrx_word' id='word_1_85' title='bbox 1316 1257 1456 1312; x_wconf 54' lang='lat' dir='ltr'><strong>exercere</strong></span> <span class='ocrx_word' id='word_1_86' title='bbox 1480 1241 1523 1303; x_wconf 83' lang='lat' dir='ltr'><strong>li·-</strong></span> 
     </span>
     <span class='ocr_line' id='line_1_12' title="bbox 160 1321 1522 1407; baseline 0.006 -24"><span class='ocrx_word' id='word_1_87' title='bbox 160 1321 351 1384; x_wconf 86' lang='lat' dir='ltr'><strong>beralitatem</strong></span> <span class='ocrx_word' id='word_1_88' title='bbox 374 1322 499 1403; x_wconf 81' lang='lat' dir='ltr'><strong>satagit.</strong></span> <span class='ocrx_word' id='word_1_89' title='bbox 547 1324 649 1384; x_wconf 87' lang='lat' dir='ltr'><strong>Prima</strong></span> <span class='ocrx_word' id='word_1_90' title='bbox 672 1324 744 1385; x_wconf 92' lang='lat' dir='ltr'><strong>mihi</strong></span> <span class='ocrx_word' id='word_1_91' title='bbox 767 1344 854 1398; x_wconf 85' lang='lat' dir='ltr'><strong>cura,</strong></span> <span class='ocrx_word' id='word_1_92' title='bbox 887 1335 920 1387; x_wconf 90' lang='lat' dir='ltr'><strong>ut</strong></span> <span class='ocrx_word' id='word_1_93' title='bbox 948 1334 1092 1407; x_wconf 89' lang='lat' dir='ltr'><strong>quantum</strong></span> <span class='ocrx_word' id='word_1_94' title='bbox 1116 1327 1179 1387; x_wconf 86' lang='lat' dir='ltr'><strong>fleri</strong></span> <span class='ocrx_word' id='word_1_95' title='bbox 1202 1335 1323 1406; x_wconf 89' lang='lat' dir='ltr'><strong>potest,</strong></span> <span class='ocrx_word' id='word_1_96' title='bbox 1352 1346 1427 1389; x_wconf 86' lang='lat' dir='ltr'><strong>uxor</strong></span> <span class='ocrx_word' id='word_1_97' title='bbox 1444 1342 1522 1391; x_wconf 77' lang='lat' dir='ltr'><strong>&#39;mea</strong></span> 
     </span>
     <span class='ocr_line' id='line_1_13' title="bbox 160 1411 1522 1492; baseline 0.007 -21"><span class='ocrx_word' id='word_1_98' title='bbox 160 1419 279 1485; x_wconf 86' lang='lat' dir='ltr'><strong>teneat,</strong></span> <span class='ocrx_word' id='word_1_99' title='bbox 314 1430 391 1490; x_wconf 90' lang='lat' dir='ltr'><strong>quae</strong></span> <span class='ocrx_word' id='word_1_100' title='bbox 424 1411 534 1483; x_wconf 88' lang='lat' dir='ltr'><strong>hahet,</strong></span> <span class='ocrx_word' id='word_1_101' title='bbox 573 1412 662 1492; x_wconf 89' lang='lat' dir='ltr'><strong>idque</strong></span> <span class='ocrx_word' id='word_1_102' title='bbox 690 1412 899 1490; x_wconf 82' lang='lat' dir='ltr'><strong>patrimonium</strong></span> <span class='ocrx_word' id='word_1_103' title='bbox 924 1416 963 1476; x_wconf 88' lang='lat' dir='ltr'><strong>ad</strong></span> <span class='ocrx_word' id='word_1_104' title='bbox 986 1433 1158 1476; x_wconf 87' lang='lat' dir='ltr'><strong>communes</strong></span> <span class='ocrx_word' id='word_1_105' title='bbox 1187 1414 1298 1476; x_wconf 90' lang='lat' dir='ltr'><strong>liberos</strong></span> <span class='ocrx_word' id='word_1_106' title='bbox 1320 1418 1522 1481; x_wconf 76' lang='lat' dir='ltr'><strong>transmittat:</strong></span> 
     </span>
     <span class='ocr_line' id='line_1_14' title="bbox 159 1498 1522 1585; baseline 0.005 -25"><span class='ocrx_word' id='word_1_107' title='bbox 159 1498 277 1561; x_wconf 77' lang='lat' dir='ltr'><strong>Etenim</strong></span> <span class='ocrx_word' id='word_1_108' title='bbox 320 1499 544 1579; x_wconf 80' lang='lat' dir='ltr'><strong>speculationes</strong></span> <span class='ocrx_word' id='word_1_109' title='bbox 582 1500 705 1561; x_wconf 90' lang='lat' dir='ltr'><strong>interitu</strong></span> <span class='ocrx_word' id='word_1_110' title='bbox 745 1501 879 1562; x_wconf 87' lang='lat' dir='ltr'><strong>familiae</strong></span> <span class='ocrx_word' id='word_1_111' title='bbox 916 1504 1077 1575; x_wconf 86' lang='lat' dir='ltr'><strong>redimere,</strong></span> <span class='ocrx_word' id='word_1_112' title='bbox 1121 1522 1216 1583; x_wconf 90' lang='lat' dir='ltr'><strong>neque</strong></span> <span class='ocrx_word' id='word_1_113' title='bbox 1258 1503 1287 1562; x_wconf 92' lang='lat' dir='ltr'><strong>in</strong></span> <span class='ocrx_word' id='word_1_114' title='bbox 1328 1502 1522 1585; x_wconf 78' lang='lat' dir='ltr'><strong>philosophia</strong></span> 
     </span>
     <span class='ocr_line' id='line_1_15' title="bbox 159 1587 1520 1671; baseline 0.006 -23"><span class='ocrx_word' id='word_1_115' title='bbox 159 1587 316 1650; x_wconf 84' lang='lat' dir='ltr'><strong>honestum</strong></span> <span class='ocrx_word' id='word_1_116' title='bbox 349 1596 416 1662; x_wconf 87' lang='lat' dir='ltr'><strong>est,</strong></span> <span class='ocrx_word' id='word_1_117' title='bbox 450 1606 544 1667; x_wconf 90' lang='lat' dir='ltr'><strong>neque</strong></span> <span class='ocrx_word' id='word_1_118' title='bbox 575 1589 655 1667; x_wconf 94' lang='lat' dir='ltr'><strong>pium</strong></span> <span class='ocrx_word' id='word_1_119' title='bbox 689 1590 717 1649; x_wconf 90' lang='lat' dir='ltr'><strong>in</strong></span> <span class='ocrx_word' id='word_1_120' title='bbox 746 1589 903 1669; x_wconf 84' lang='lat' dir='ltr'><strong>religione.</strong></span> <span class='ocrx_word' id='word_1_121' title='bbox 949 1593 1022 1652; x_wconf 92' lang='lat' dir='ltr'><strong>Inde</strong></span> <span class='ocrx_word' id='word_1_122' title='bbox 1053 1598 1207 1671; x_wconf 86' lang='lat' dir='ltr'><strong>peteretur</strong></span> <span class='ocrx_word' id='word_1_123' title='bbox 1234 1610 1328 1652; x_wconf 89' lang='lat' dir='ltr'><strong>coena</strong></span> <span class='ocrx_word' id='word_1_124' title='bbox 1350 1592 1520 1668; x_wconf 77' lang='lat' dir='ltr'><strong>Platonica,</strong></span> 
     </span>
     <span class='ocr_line' id='line_1_16' title="bbox 159 1676 1520 1758; baseline 0.004 -22"><span class='ocrx_word' id='word_1_125' title='bbox 159 1676 347 1757; x_wconf 85' lang='lat' dir='ltr'><strong>habitusque,</strong></span> <span class='ocrx_word' id='word_1_126' title='bbox 373 1677 423 1756; x_wconf 91' lang='lat' dir='ltr'><strong>qui</strong></span> <span class='ocrx_word' id='word_1_127' title='bbox 447 1677 587 1738; x_wconf 86' lang='lat' dir='ltr'><strong>maritum</strong></span> <span class='ocrx_word' id='word_1_128' title='bbox 612 1678 709 1739; x_wconf 88' lang='lat' dir='ltr'><strong>decet.</strong></span> <span class='ocrx_word' id='word_1_129' title='bbox 755 1678 834 1740; x_wconf 88' lang='lat' dir='ltr'><strong>Nam</strong></span> <span class='ocrx_word' id='word_1_130' title='bbox 858 1678 887 1738; x_wconf 92' lang='lat' dir='ltr'><strong>in</strong></span> <span class='ocrx_word' id='word_1_131' title='bbox 912 1679 958 1740; x_wconf 91' lang='lat' dir='ltr'><strong>his</strong></span> <span class='ocrx_word' id='word_1_132' title='bbox 984 1679 1098 1740; x_wconf 91' lang='lat' dir='ltr'><strong>duobus</strong></span> <span class='ocrx_word' id='word_1_133' title='bbox 1121 1678 1271 1758; x_wconf 85' lang='lat' dir='ltr'><strong>capitibus</strong></span> <span class='ocrx_word' id='word_1_134' title='bbox 1291 1680 1431 1742; x_wconf 83' lang='lat' dir='ltr'><strong>consistit</strong></span> <span class='ocrx_word' id='word_1_135' title='bbox 1451 1688 1520 1752; x_wconf 83' lang='lat' dir='ltr'><strong>stu-</strong></span> 
     </span>
     <span class='ocr_line' id='line_1_17' title="bbox 160 1763 1517 1848; baseline 0.004 -23"><span class='ocrx_word' id='word_1_136' title='bbox 160 1764 269 1827; x_wconf 89' lang='lat' dir='ltr'><strong>diomm</strong></span> <span class='ocrx_word' id='word_1_137' title='bbox 295 1765 431 1826; x_wconf 88' lang='lat' dir='ltr'><strong>libertas.</strong></span> <span class='ocrx_word' id='word_1_138' title='bbox 479 1763 539 1835; x_wconf 84' lang='lat' dir='ltr'><strong>Qui</strong></span> <span class='ocrx_word' id='word_1_139' title='bbox 562 1774 651 1844; x_wconf 86' lang='lat' dir='ltr'><strong>eget,</strong></span> <span class='ocrx_word' id='word_1_140' title='bbox 679 1767 787 1827; x_wconf 84' lang='lat' dir='ltr'><strong>servit:</strong></span> <span class='ocrx_word' id='word_1_141' title='bbox 813 1775 846 1826; x_wconf 85' lang='lat' dir='ltr'><strong>at</strong></span> <span class='ocrx_word' id='word_1_142' title='bbox 870 1767 920 1827; x_wconf 85' lang='lat' dir='ltr'><strong>vix</strong></span> <span class='ocrx_word' id='word_1_143' title='bbox 943 1768 1100 1847; x_wconf 89' lang='lat' dir='ltr'><strong>quisquam</strong></span> <span class='ocrx_word' id='word_1_144' title='bbox 1125 1776 1232 1845; x_wconf 90' lang='lat' dir='ltr'><strong>sponte</strong></span> <span class='ocrx_word' id='word_1_145' title='bbox 1262 1768 1354 1828; x_wconf 88' lang='lat' dir='ltr'><strong>servit</strong></span> <span class='ocrx_word' id='word_1_146' title='bbox 1377 1767 1517 1848; x_wconf 80' lang='lat' dir='ltr'><strong>uuquam.</strong></span> 
     </span>
     <span class='ocr_line' id='line_1_18' title="bbox 161 1851 1519 1929; baseline 0.004 -16"><span class='ocrx_word' id='word_1_147' title='bbox 161 1851 241 1923; x_wconf 87' lang='lat' dir='ltr'><strong>Quod</strong></span> <span class='ocrx_word' id='word_1_148' title='bbox 268 1853 449 1915; x_wconf 83' lang='lat' dir='ltr'><strong>nativitates</strong></span> <span class='ocrx_word' id='word_1_149' title='bbox 473 1863 504 1913; x_wconf 91' lang='lat' dir='ltr'><strong>et</strong></span> <span class='ocrx_word' id='word_1_150' title='bbox 529 1852 714 1915; x_wconf 84' lang='lat' dir='ltr'><strong>Calendaria</strong></span> <span class='ocrx_word' id='word_1_151' title='bbox 737 1854 885 1916; x_wconf 89' lang='lat' dir='ltr'><strong>interdum</strong></span> <span class='ocrx_word' id='word_1_152' title='bbox 910 1856 1027 1929; x_wconf 89' lang='lat' dir='ltr'><strong>scribo,</strong></span> <span class='ocrx_word' id='word_1_153' title='bbox 1053 1875 1105 1928; x_wconf 89' lang='lat' dir='ltr'><strong>ea,</strong></span> <span class='ocrx_word' id='word_1_154' title='bbox 1130 1873 1176 1916; x_wconf 90' lang='lat' dir='ltr'><strong>me</strong></span> <span class='ocrx_word' id='word_1_155' title='bbox 1201 1854 1336 1929; x_wconf 86' lang='lat' dir='ltr'><strong>Christe,</strong></span> <span class='ocrx_word' id='word_1_156' title='bbox 1361 1856 1519 1919; x_wconf 79' lang='lat' dir='ltr'><strong>molestis·</strong></span> 
     </span>
     <span class='ocr_line' id='line_1_19' title="bbox 160 1942 1516 2022; baseline 0.004 -22"><span class='ocrx_word' id='word_1_157' title='bbox 160 1942 229 2003; x_wconf 85' lang='lat' dir='ltr'><strong>eima</strong></span> <span class='ocrx_word' id='word_1_158' title='bbox 253 1942 325 2004; x_wconf 89' lang='lat' dir='ltr'><strong>mibi</strong></span> <span class='ocrx_word' id='word_1_159' title='bbox 351 1942 481 2003; x_wconf 80' lang='lat' dir='ltr'><strong>servitus</strong></span> <span class='ocrx_word' id='word_1_160' title='bbox 505 1949 568 2015; x_wconf 86' lang='lat' dir='ltr'><strong>est,</strong></span> <span class='ocrx_word' id='word_1_161' title='bbox 595 1943 649 2004; x_wconf 83' lang='lat' dir='ltr'><strong>sed</strong></span> <span class='ocrx_word' id='word_1_162' title='bbox 672 1945 859 2016; x_wconf 87' lang='lat' dir='ltr'><strong>necessaria,</strong></span> <span class='ocrx_word' id='word_1_163' title='bbox 894 1962 930 2003; x_wconf 92' lang='lat' dir='ltr'><strong>ne</strong></span> <span class='ocrx_word' id='word_1_164' title='bbox 964 1943 1080 2005; x_wconf 89' lang='lat' dir='ltr'><strong>scilicet</strong></span> <span class='ocrx_word' id='word_1_165' title='bbox 1112 1945 1150 2004; x_wconf 91' lang='lat' dir='ltr'><strong>ad</strong></span> <span class='ocrx_word' id='word_1_166' title='bbox 1175 1944 1264 2004; x_wconf 88' lang='lat' dir='ltr'><strong>breve</strong></span> <span class='ocrx_word' id='word_1_167' title='bbox 1289 1952 1408 2022; x_wconf 91' lang='lat' dir='ltr'><strong>tempus</strong></span> <span class='ocrx_word' id='word_1_168' title='bbox 1430 1944 1516 2018; x_wconf 86' lang='lat' dir='ltr'><strong>liber,</strong></span> 
     </span>
     <span class='ocr_line' id='line_1_20' title="bbox 160 2030 1518 2110; baseline 0.003 -20"><span class='ocrx_word' id='word_1_169' title='bbox 160 2040 223 2108; x_wconf 87' lang='lat' dir='ltr'><strong>post</strong></span> <span class='ocrx_word' id='word_1_170' title='bbox 247 2030 366 2109; x_wconf 87' lang='lat' dir='ltr'><strong>turpius</strong></span> <span class='ocrx_word' id='word_1_171' title='bbox 390 2030 529 2092; x_wconf 88' lang='lat' dir='ltr'><strong>serviam.</strong></span> <span class='ocrx_word' id='word_1_172' title='bbox 565 2031 672 2110; x_wconf 88' lang='lat' dir='ltr'><strong>ltaque</strong></span> <span class='ocrx_word' id='word_1_173' title='bbox 697 2041 730 2092; x_wconf 92' lang='lat' dir='ltr'><strong>ut</strong></span> <span class='ocrx_word' id='word_1_174' title='bbox 752 2032 898 2092; x_wconf 88' lang='lat' dir='ltr'><strong>salarium</strong></span> <span class='ocrx_word' id='word_1_175' title='bbox 922 2051 1060 2105; x_wconf 90' lang='lat' dir='ltr'><strong>aunuum,</strong></span> <span class='ocrx_word' id='word_1_176' title='bbox 1086 2041 1119 2093; x_wconf 97' lang='lat' dir='ltr'><strong>ut</strong></span> <span class='ocrx_word' id='word_1_177' title='bbox 1142 2033 1261 2094; x_wconf 91' lang='lat' dir='ltr'><strong>titulum</strong></span> <span class='ocrx_word' id='word_1_178' title='bbox 1284 2041 1316 2092; x_wconf 90' lang='lat' dir='ltr'><strong>et</strong></span> <span class='ocrx_word' id='word_1_179' title='bbox 1340 2033 1437 2094; x_wconf 91' lang='lat' dir='ltr'><strong>locum</strong></span> <span class='ocrx_word' id='word_1_180' title='bbox 1461 2033 1518 2094; x_wconf 88' lang='lat' dir='ltr'><strong>de-</strong></span> 
     </span>
     <span class='ocr_line' id='line_1_21' title="bbox 161 2119 1031 2199; baseline 0.005 -21"><span class='ocrx_word' id='word_1_181' title='bbox 161 2120 286 2188; x_wconf 89' lang='lat' dir='ltr'><strong>lendam,</strong></span> <span class='ocrx_word' id='word_1_182' title='bbox 310 2119 574 2180; x_wconf 89' lang='lat' dir='ltr'><strong>obsecundandum</strong></span> <span class='ocrx_word' id='word_1_183' title='bbox 599 2127 647 2179; x_wconf 88' lang='lat' dir='ltr'><strong>est</strong></span> <span class='ocrx_word' id='word_1_184' title='bbox 671 2119 825 2199; x_wconf 86' lang='lat' dir='ltr'><strong>imperitae</strong></span> <span class='ocrx_word' id='word_1_185' title='bbox 851 2121 1031 2182; x_wconf 87' lang='lat' dir='ltr'><strong>curiositati.</strong></span> 
     </span>
    </p>

    <p class='ocr_par' dir='ltr' id='par_1_8' title="bbox 159 2205 1558 2729">
     <span class='ocr_line' id='line_1_22' title="bbox 242 2205 1519 2290; baseline 0.001 -21"><span class='ocrx_word' id='word_1_186' title='bbox 242 2207 305 2269; x_wconf 89' lang='lat' dir='ltr'><strong>Sed</strong></span> <span class='ocrx_word' id='word_1_187' title='bbox 330 2207 368 2267; x_wconf 91' lang='lat' dir='ltr'><strong>ad</strong></span> <span class='ocrx_word' id='word_1_188' title='bbox 395 2206 544 2267; x_wconf 85' lang='lat' dir='ltr'><strong>desideria</strong></span> <span class='ocrx_word' id='word_1_189' title='bbox 569 2227 636 2267; x_wconf 78' lang='lat' dir='ltr'><strong>inea</strong></span> <span class='ocrx_word' id='word_1_190' title='bbox 658 2216 802 2269; x_wconf 88' lang='lat' dir='ltr'><strong>revertor.</strong></span> <span class='ocrx_word' id='word_1_191' title='bbox 847 2205 1000 2290; x_wconf 83' lang='lat' dir='ltr'><strong>Quidquid</strong></span> <span class='ocrx_word' id='word_1_192' title='bbox 1024 2208 1095 2269; x_wconf 94' lang='lat' dir='ltr'><strong>mihi</strong></span> <span class='ocrx_word' id='word_1_193' title='bbox 1120 2214 1302 2285; x_wconf 83' lang='lat' dir='ltr'><strong>superesset,</strong></span> <span class='ocrx_word' id='word_1_194' title='bbox 1323 2207 1519 2286; x_wconf 89' lang='lat' dir='ltr'><strong>jurejurando</strong></span> 
     </span>
     <span class='ocr_line' id='line_1_23' title="bbox 161 2294 1558 2375; baseline -0.003 -20"><span class='ocrx_word' id='word_1_195' title='bbox 161 2295 320 2368; x_wconf 82' lang='lat' dir='ltr'><strong>sancirem,</strong></span> <span class='ocrx_word' id='word_1_196' title='bbox 355 2294 383 2355; x_wconf 93' lang='lat' dir='ltr'><strong>in</strong></span> <span class='ocrx_word' id='word_1_197' title='bbox 413 2296 514 2356; x_wconf 86' lang='lat' dir='ltr'><strong>studia</strong></span> <span class='ocrx_word' id='word_1_198' title='bbox 543 2296 752 2375; x_wconf 78' lang='lat' dir='ltr'><strong>philosophiae</strong></span> <span class='ocrx_word' id='word_1_199' title='bbox 784 2297 993 2375; x_wconf 88' lang='lat' dir='ltr'><strong>impensurum.</strong></span> <span class='ocrx_word' id='word_1_200' title='bbox 1041 2296 1187 2357; x_wconf 87' lang='lat' dir='ltr'><strong>Lectores</strong></span> <span class='ocrx_word' id='word_1_201' title='bbox 1212 2295 1334 2367; x_wconf 89' lang='lat' dir='ltr'><strong>alerem,</strong></span> <span class='ocrx_word' id='word_1_202' title='bbox 1357 2304 1392 2356; x_wconf 94' lang='lat' dir='ltr'><strong>ut</strong></span> <span class='ocrx_word' id='word_1_203' title='bbox 1413 2297 1519 2370; x_wconf 87' lang='lat' dir='ltr'><strong>oculis,</strong></span> <span class='ocrx_word' id='word_1_204' title='bbox 1556 2347 1558 2351; x_wconf 87' lang='lat'><strong>.</strong></span> 
     </span>
     <span class='ocr_line' id='line_1_24' title="bbox 159 2383 1519 2464; baseline 0.001 -19"><span class='ocrx_word' id='word_1_205' title='bbox 159 2384 214 2462; x_wconf 86' lang='lat' dir='ltr'><strong>jam</strong></span> <span class='ocrx_word' id='word_1_206' title='bbox 237 2383 487 2458; x_wconf 87' lang='lat' dir='ltr'><strong>hebescentibus,</strong></span> <span class='ocrx_word' id='word_1_207' title='bbox 511 2392 545 2444; x_wconf 93' lang='lat' dir='ltr'><strong>ut</strong></span> <span class='ocrx_word' id='word_1_208' title='bbox 568 2393 600 2445; x_wconf 93' lang='lat' dir='ltr'><strong>et</strong></span> <span class='ocrx_word' id='word_1_209' title='bbox 623 2385 749 2464; x_wconf 89' lang='lat' dir='ltr'><strong>tempori</strong></span> <span class='ocrx_word' id='word_1_210' title='bbox 777 2393 962 2463; x_wconf 82' lang='lat' dir='ltr'><strong>parceretur.</strong></span> <span class='ocrx_word' id='word_1_211' title='bbox 1010 2384 1143 2446; x_wconf 87' lang='lat' dir='ltr'><strong>Nuncios</strong></span> <span class='ocrx_word' id='word_1_212' title='bbox 1167 2383 1235 2445; x_wconf 89' lang='lat' dir='ltr'><strong>hino</strong></span> <span class='ocrx_word' id='word_1_213' title='bbox 1268 2384 1337 2444; x_wconf 91' lang='lat' dir='ltr'><strong>inde</strong></span> <span class='ocrx_word' id='word_1_214' title='bbox 1370 2385 1519 2446; x_wconf 87' lang='lat' dir='ltr'><strong>mitterem</strong></span> 
     </span>
     <span class='ocr_line' id='line_1_25' title="bbox 162 2472 1521 2551; baseline 0.001 -18"><span class='ocrx_word' id='word_1_215' title='bbox 162 2491 207 2551; x_wconf 90' lang='lat' dir='ltr'><strong>pro</strong></span> <span class='ocrx_word' id='word_1_216' title='bbox 222 2473 319 2546; x_wconf 88' lang='lat' dir='ltr'><strong>libris,</strong></span> <span class='ocrx_word' id='word_1_217' title='bbox 330 2491 384 2551; x_wconf 91' lang='lat' dir='ltr'><strong>pro</strong></span> <span class='ocrx_word' id='word_1_218' title='bbox 399 2473 590 2533; x_wconf 83' lang='lat' dir='ltr'><strong>consulendis</strong></span> <span class='ocrx_word' id='word_1_219' title='bbox 605 2473 718 2546; x_wconf 80' lang='lat' dir='ltr'><strong>doctis3</strong></span> <span class='ocrx_word' id='word_1_220' title='bbox 735 2474 934 2535; x_wconf 89' lang='lat' dir='ltr'><strong>iustrumenta</strong></span> <span class='ocrx_word' id='word_1_221' title='bbox 948 2474 1135 2535; x_wconf 87' lang='lat' dir='ltr'><strong>machinarer</strong></span> <span class='ocrx_word' id='word_1_222' title='bbox 1141 2492 1150 2545; x_wconf 90' lang='lat'>;</span> <span class='ocrx_word' id='word_1_223' title='bbox 1166 2473 1426 2534; x_wconf 86' lang='lat' dir='ltr'><strong>observationibus</strong></span> <span class='ocrx_word' id='word_1_224' title='bbox 1441 2472 1521 2534; x_wconf 78' lang='lat' dir='ltr'><strong>alios</strong></span> 
     </span>
     <span class='ocr_line' id='line_1_26' title="bbox 163 2560 1518 2641; baseline 0 -20"><span class='ocrx_word' id='word_1_225' title='bbox 163 2561 336 2634; x_wconf 80' lang='lat' dir='ltr'><strong>adhiberem,</strong></span> <span class='ocrx_word' id='word_1_226' title='bbox 356 2560 382 2621; x_wconf 91' lang='lat' dir='ltr'><strong>si</strong></span> <span class='ocrx_word' id='word_1_227' title='bbox 402 2561 497 2620; x_wconf 89' lang='lat' dir='ltr'><strong>minus</strong></span> <span class='ocrx_word' id='word_1_228' title='bbox 513 2579 569 2639; x_wconf 85' lang='lat' dir='ltr'><strong>ego</strong></span> <span class='ocrx_word' id='word_1_229' title='bbox 589 2562 766 2632; x_wconf 84' lang='lat' dir='ltr'><strong>sufficerem,</strong></span> <span class='ocrx_word' id='word_1_230' title='bbox 781 2562 825 2622; x_wconf 89' lang='lat' dir='ltr'><strong>sic</strong></span> <span class='ocrx_word' id='word_1_231' title='bbox 840 2571 872 2622; x_wconf 90' lang='lat' dir='ltr'><strong>et</strong></span> <span class='ocrx_word' id='word_1_232' title='bbox 886 2560 1159 2641; x_wconf 86' lang='lat' dir='ltr'><strong>computationibus</strong></span> <span class='ocrx_word' id='word_1_233' title='bbox 1176 2560 1267 2640; x_wconf 87' lang='lat' dir='ltr'><strong>aliqui</strong></span> <span class='ocrx_word' id='word_1_234' title='bbox 1284 2561 1518 2623; x_wconf 85' lang='lat' dir='ltr'><strong>destinarentur.</strong></span> 
     </span>
     <span class='ocr_line' id='line_1_27' title="bbox 163 2648 1475 2729; baseline 0.002 -20"><span class='ocrx_word' id='word_1_235' title='bbox 163 2648 231 2711; x_wconf 77' lang='lat' dir='ltr'><strong>Nam</strong></span> <span class='ocrx_word' id='word_1_236' title='bbox 250 2650 389 2728; x_wconf 84' lang='lat' dir='ltr'><strong>legendo,</strong></span> <span class='ocrx_word' id='word_1_237' title='bbox 415 2650 614 2728; x_wconf 90' lang='lat' dir='ltr'><strong>computando</strong></span> <span class='ocrx_word' id='word_1_238' title='bbox 638 2650 795 2728; x_wconf 87' lang='lat' dir='ltr'><strong>plurimum</strong></span> <span class='ocrx_word' id='word_1_239' title='bbox 820 2650 938 2710; x_wconf 79' lang='lat' dir='ltr'><strong>edirndo</strong></span> <span class='ocrx_word' id='word_1_240' title='bbox 962 2651 1127 2729; x_wconf 88' lang='lat' dir='ltr'><strong>spirituum,</strong></span> <span class='ocrx_word' id='word_1_241' title='bbox 1153 2650 1336 2727; x_wconf 85' lang='lat' dir='ltr'><strong>speculando</strong></span> <span class='ocrx_word' id='word_1_242' title='bbox 1358 2667 1475 2727; x_wconf 87' lang='lat' dir='ltr'><strong>parum.</strong></span> 
     </span>
    </p>

    <p class='ocr_par' dir='ltr' id='par_1_9' title="bbox 164 2735 1519 2996">
     <span class='ocr_line' id='line_1_28' title="bbox 241 2735 1519 2818; baseline -0.002 -18"><span class='ocrx_word' id='word_1_243' title='bbox 241 2737 304 2800; x_wconf 89' lang='lat' dir='ltr'><strong>Sed</strong></span> <span class='ocrx_word' id='word_1_244' title='bbox 328 2737 404 2798; x_wconf 88' lang='lat' dir='ltr'><strong>haec</strong></span> <span class='ocrx_word' id='word_1_245' title='bbox 428 2757 501 2799; x_wconf 87' lang='lat' dir='ltr'><strong>sane</strong></span> <span class='ocrx_word' id='word_1_246' title='bbox 527 2738 554 2798; x_wconf 90' lang='lat' dir='ltr'><strong>in</strong></span> <span class='ocrx_word' id='word_1_247' title='bbox 578 2746 732 2816; x_wconf 85' lang='lat' dir='ltr'><strong>potestate</strong></span> <span class='ocrx_word' id='word_1_248' title='bbox 757 2738 888 2817; x_wconf 86' lang='lat' dir='ltr'><strong>supremi</strong></span> <span class='ocrx_word' id='word_1_249' title='bbox 912 2741 1041 2800; x_wconf 85' lang='lat' dir='ltr'><strong>latorum</strong></span> <span class='ocrx_word' id='word_1_250' title='bbox 1066 2737 1176 2798; x_wconf 91' lang='lat' dir='ltr'><strong>domiui</strong></span> <span class='ocrx_word' id='word_1_251' title='bbox 1201 2739 1261 2798; x_wconf 86' lang='lat' dir='ltr'><strong>sita</strong></span> <span class='ocrx_word' id='word_1_252' title='bbox 1284 2745 1365 2809; x_wconf 90' lang='lat' dir='ltr'><strong>sunt,</strong></span> <span class='ocrx_word' id='word_1_253' title='bbox 1389 2737 1439 2818; x_wconf 90' lang='lat' dir='ltr'><strong>qui</strong></span> <span class='ocrx_word' id='word_1_254' title='bbox 1459 2735 1519 2799; x_wconf 83' lang='lat' dir='ltr'><strong>etsi</strong></span> 
     </span>
     <span class='ocr_line' id='line_1_29' title="bbox 164 2826 1518 2905; baseline 0.001 -20"><span class='ocrx_word' id='word_1_255' title='bbox 164 2844 212 2887; x_wconf 90' lang='lat' dir='ltr'><strong>non</strong></span> <span class='ocrx_word' id='word_1_256' title='bbox 234 2845 283 2888; x_wconf 88' lang='lat' dir='ltr'><strong>mc</strong></span> <span class='ocrx_word' id='word_1_257' title='bbox 307 2826 423 2887; x_wconf 85' lang='lat' dir='ltr'><strong>attollit</strong></span> <span class='ocrx_word' id='word_1_258' title='bbox 446 2826 551 2899; x_wconf 87' lang='lat' dir='ltr'><strong>altine,</strong></span> <span class='ocrx_word' id='word_1_259' title='bbox 578 2827 654 2887; x_wconf 88' lang='lat' dir='ltr'><strong>iacit</strong></span> <span class='ocrx_word' id='word_1_260' title='bbox 676 2827 707 2887; x_wconf 94' lang='lat' dir='ltr'><strong>id</strong></span> <span class='ocrx_word' id='word_1_261' title='bbox 731 2827 833 2905; x_wconf 90' lang='lat' dir='ltr'><strong>procul</strong></span> <span class='ocrx_word' id='word_1_262' title='bbox 859 2827 948 2887; x_wconf 92' lang='lat' dir='ltr'><strong>dubio</strong></span> <span class='ocrx_word' id='word_1_263' title='bbox 972 2828 1000 2888; x_wconf 91' lang='lat' dir='ltr'><strong>in</strong></span> <span class='ocrx_word' id='word_1_264' title='bbox 1025 2845 1122 2888; x_wconf 89' lang='lat' dir='ltr'><strong>meum</strong></span> <span class='ocrx_word' id='word_1_265' title='bbox 1146 2827 1342 2895; x_wconf 88' lang='lat' dir='ltr'><strong>commodum,</strong></span> <span class='ocrx_word' id='word_1_266' title='bbox 1357 2845 1394 2886; x_wconf 89' lang='lat' dir='ltr'><strong>ne</strong></span> <span class='ocrx_word' id='word_1_267' title='bbox 1417 2826 1518 2905; x_wconf 86' lang='lat' dir='ltr'><strong>inepte</strong></span> 
     </span>
     <span class='ocr_line' id='line_1_30' title="bbox 165 2914 1180 2996; baseline 0 -21"><span class='ocrx_word' id='word_1_268' title='bbox 165 2933 202 2975; x_wconf 92' lang='lat' dir='ltr'><strong>me</strong></span> <span class='ocrx_word' id='word_1_269' title='bbox 223 2934 279 2995; x_wconf 90' lang='lat' dir='ltr'><strong>pro</strong></span> <span class='ocrx_word' id='word_1_270' title='bbox 303 2916 504 2994; x_wconf 81' lang='lat' dir='ltr'><strong>antesignano</strong></span> <span class='ocrx_word' id='word_1_271' title='bbox 528 2914 628 2996; x_wconf 87' lang='lat' dir='ltr'><strong>aliquo</strong></span> <span class='ocrx_word' id='word_1_272' title='bbox 648 2915 835 2976; x_wconf 87' lang='lat' dir='ltr'><strong>literatorum</strong></span> <span class='ocrx_word' id='word_1_273' title='bbox 860 2916 938 2975; x_wconf 83' lang='lat' dir='ltr'><strong>terre</strong></span> <span class='ocrx_word' id='word_1_274' title='bbox 962 2917 1113 2995; x_wconf 84' lang='lat' dir='ltr'><strong>incipiam.</strong></span> <span class='ocrx_word' id='word_1_275' title='bbox 1140 2945 1180 2956; x_wconf 88' lang='lat'>—</span> 
     </span>
    </p>
   </div>
   <div class='ocr_carea' id='block_1_7' title="bbox 165 3087 1540 3575">
    <p class='ocr_par' dir='ltr' id='par_1_10' title="bbox 165 3087 1540 3368">
     <span class='ocr_line' id='line_1_31' title="bbox 224 3087 1519 3154; baseline -0.002 -14"><span class='ocrx_word' id='word_1_276' title='bbox 224 3089 423 3140; x_wconf 79' lang='lat' dir='ltr'><strong>llarvartur</strong></span> <span class='ocrx_word' id='word_1_277' title='bbox 442 3090 465 3138; x_wconf 83' lang='lat' dir='ltr'><strong>d</strong></span> <span class='ocrx_word' id='word_1_278' title='bbox 485 3087 528 3138; x_wconf 73' lang='lat'><strong>2⁰.</strong></span> <span class='ocrx_word' id='word_1_279' title='bbox 546 3090 605 3139; x_wconf 83' lang='lat' dir='ltr'><strong>Jun.</strong></span> <span class='ocrx_word' id='word_1_280' title='bbox 628 3087 697 3139; x_wconf 81' lang='grc'>1600</span> <span class='ocrx_word' id='word_1_281' title='bbox 716 3092 820 3140; x_wconf 71' lang='lat' dir='ltr'><strong>enudat</strong></span> <span class='ocrx_word' id='word_1_282' title='bbox 837 3091 958 3154; x_wconf 83' lang='lat' dir='ltr'><strong>Keplero:</strong></span> <span class='ocrx_word' id='word_1_283' title='bbox 978 3089 1069 3148; x_wconf 77' lang='lat' dir='ltr'><strong>„Nach</strong></span> <span class='ocrx_word' id='word_1_284' title='bbox 1087 3090 1142 3139; x_wconf 87' lang='lat' dir='ltr'><strong>dem</strong></span> <span class='ocrx_word' id='word_1_285' title='bbox 1161 3089 1201 3139; x_wconf 89' lang='lat' dir='ltr'><strong>ich</strong></span> <span class='ocrx_word' id='word_1_286' title='bbox 1214 3089 1270 3138; x_wconf 87' lang='lat' dir='ltr'><strong>dem</strong></span> <span class='ocrx_word' id='word_1_287' title='bbox 1283 3089 1365 3138; x_wconf 85' lang='lat' dir='ltr'><strong>Herru</strong></span> <span class='ocrx_word' id='word_1_288' title='bbox 1385 3089 1426 3139; x_wconf 90' lang='lat' dir='ltr'><strong>hei</strong></span> <span class='ocrx_word' id='word_1_289' title='bbox 1438 3089 1519 3147; x_wconf 64' lang='lat' dir='ltr'><strong>dnm</strong></span> 
     </span>
     <span class='ocr_line' id='line_1_32' title="bbox 165 3159 1540 3227; baseline 0.003 -18"><span class='ocrx_word' id='word_1_290' title='bbox 165 3163 247 3211; x_wconf 85' lang='lat' dir='ltr'><strong>neiner</strong></span> <span class='ocrx_word' id='word_1_291' title='bbox 265 3168 393 3226; x_wconf 65' lang='lat' dir='ltr'><strong>gaeum</strong></span> <span class='ocrx_word' id='word_1_292' title='bbox 411 3160 505 3211; x_wconf 83' lang='lat' dir='ltr'><strong>Disner</strong></span> <span class='ocrx_word' id='word_1_293' title='bbox 524 3161 613 3211; x_wconf 76' lang='lat' dir='ltr'><strong>attiche</strong></span> <span class='ocrx_word' id='word_1_294' title='bbox 633 3161 732 3210; x_wconf 75' lang='lat' dir='ltr'><strong>Bucher</strong></span> <span class='ocrx_word' id='word_1_295' title='bbox 752 3162 929 3227; x_wconf 73' lang='lat' dir='ltr'><strong>angeschickt,</strong></span> <span class='ocrx_word' id='word_1_296' title='bbox 958 3162 994 3211; x_wconf 79' lang='lat' dir='ltr'><strong>ala</strong></span> <span class='ocrx_word' id='word_1_297' title='bbox 1019 3162 1065 3211; x_wconf 88' lang='lat' dir='ltr'><strong>hat</strong></span> <span class='ocrx_word' id='word_1_298' title='bbox 1092 3176 1119 3210; x_wconf 90' lang='lat' dir='ltr'><strong>er</strong></span> <span class='ocrx_word' id='word_1_299' title='bbox 1144 3163 1191 3211; x_wconf 87' lang='lat' dir='ltr'><strong>mir</strong></span> <span class='ocrx_word' id='word_1_300' title='bbox 1213 3161 1249 3210; x_wconf 84' lang='lat' dir='ltr'><strong>sie</strong></span> <span class='ocrx_word' id='word_1_301' title='bbox 1272 3159 1404 3209; x_wconf 79' lang='lat' dir='ltr'><strong>wiederum</strong></span> <span class='ocrx_word' id='word_1_302' title='bbox 1427 3173 1540 3225; x_wconf 58' lang='lat' dir='ltr'><strong>suege-</strong></span> 
     </span>
     <span class='ocr_line' id='line_1_33' title="bbox 165 3228 1520 3297; baseline -0.001 -16"><span class='ocrx_word' id='word_1_303' title='bbox 165 3231 247 3292; x_wconf 77' lang='lat' dir='ltr'><strong>braclit,</strong></span> <span class='ocrx_word' id='word_1_304' title='bbox 269 3232 303 3281; x_wconf 86' lang='lat' dir='ltr'><strong>da</strong></span> <span class='ocrx_word' id='word_1_305' title='bbox 320 3247 347 3281; x_wconf 88' lang='lat' dir='ltr'><strong>er</strong></span> <span class='ocrx_word' id='word_1_306' title='bbox 365 3232 414 3280; x_wconf 89' lang='lat' dir='ltr'><strong>den</strong></span> <span class='ocrx_word' id='word_1_307' title='bbox 431 3231 513 3281; x_wconf 87' lang='lat' dir='ltr'><strong>Herm</strong></span> <span class='ocrx_word' id='word_1_308' title='bbox 532 3233 570 3280; x_wconf 89' lang='lat' dir='ltr'><strong>nit</strong></span> <span class='ocrx_word' id='word_1_309' title='bbox 589 3232 718 3282; x_wconf 84' lang='lat' dir='ltr'><strong>anhaimba</strong></span> <span class='ocrx_word' id='word_1_310' title='bbox 738 3232 906 3297; x_wconf 75' lang='lat' dir='ltr'><strong>angetroffen,</strong></span> <span class='ocrx_word' id='word_1_311' title='bbox 934 3232 1040 3281; x_wconf 89' lang='lat' dir='ltr'><strong>sondsrn</strong></span> <span class='ocrx_word' id='word_1_312' title='bbox 1068 3232 1127 3281; x_wconf 86' lang='lat' dir='ltr'><strong>dass</strong></span> <span class='ocrx_word' id='word_1_313' title='bbox 1153 3246 1181 3281; x_wconf 89' lang='lat' dir='ltr'><strong>er</strong></span> <span class='ocrx_word' id='word_1_314' title='bbox 1205 3230 1258 3281; x_wconf 84' lang='lat' dir='ltr'><strong>sich</strong></span> <span class='ocrx_word' id='word_1_315' title='bbox 1277 3230 1318 3280; x_wconf 87' lang='lat' dir='ltr'><strong>ein</strong></span> <span class='ocrx_word' id='word_1_316' title='bbox 1335 3228 1393 3281; x_wconf 86' lang='lat' dir='ltr'><strong>Zeit</strong></span> <span class='ocrx_word' id='word_1_317' title='bbox 1410 3229 1471 3297; x_wconf 69' lang='lat' dir='ltr'><strong>lang</strong></span> <span class='ocrx_word' id='word_1_318' title='bbox 1488 3242 1520 3279; x_wconf 79' lang='lat' dir='ltr'><strong>ru</strong></span> 
     </span>
     <span class='ocr_line' id='line_1_34' title="bbox 166 3301 410 3368; baseline -0.008 -15"><span class='ocrx_word' id='word_1_319' title='bbox 166 3301 220 3368; x_wconf 76' lang='lat' dir='ltr'><strong>ing</strong></span> <span class='ocrx_word' id='word_1_320' title='bbox 239 3303 285 3352; x_wconf 82' lang='lat' dir='ltr'><strong>aut</strong></span> <span class='ocrx_word' id='word_1_321' title='bbox 300 3303 410 3352; x_wconf 81' lang='lat' dir='ltr'><strong>chalten.</strong></span> 
     </span>
    </p>

    <p class='ocr_par' dir='ltr' id='par_1_11' title="bbox 165 3318 1520 3575">
     <span class='ocr_line' id='line_1_35' title="bbox 224 3318 1520 3437; baseline -0.002 -14"><span class='ocrx_word' id='word_1_322' title='bbox 224 3318 341 3423; x_wconf 56' lang='lat' dir='ltr'><strong>Autgdan</strong></span> <span class='ocrx_word' id='word_1_323' title='bbox 359 3373 423 3434; x_wconf 82' lang='lat' dir='ltr'><strong>Fall,</strong></span> <span class='ocrx_word' id='word_1_324' title='bbox 443 3372 500 3422; x_wconf 86' lang='lat' dir='ltr'><strong>dass</strong></span> <span class='ocrx_word' id='word_1_325' title='bbox 520 3373 564 3423; x_wconf 84' lang='lat' dir='ltr'><strong>dar</strong></span> <span class='ocrx_word' id='word_1_326' title='bbox 581 3372 645 3423; x_wconf 77' lang='lat' dir='ltr'><strong>Here</strong></span> <span class='ocrx_word' id='word_1_327' title='bbox 663 3374 702 3423; x_wconf 87' lang='lat' dir='ltr'><strong>bel</strong></span> <span class='ocrx_word' id='word_1_328' title='bbox 721 3373 801 3422; x_wconf 84' lang='lat' dir='ltr'><strong>Herm</strong></span> <span class='ocrx_word' id='word_1_329' title='bbox 820 3373 905 3435; x_wconf 80' lang='lat' dir='ltr'><strong>Tycha</strong></span> <span class='ocrx_word' id='word_1_330' title='bbox 923 3371 1006 3423; x_wconf 80' lang='lat' dir='ltr'><strong>Brahe</strong></span> <span class='ocrx_word' id='word_1_331' title='bbox 1030 3373 1084 3422; x_wconf 80' lang='lat' dir='ltr'><strong>sich</strong></span> <span class='ocrx_word' id='word_1_332' title='bbox 1106 3373 1243 3432; x_wconf 86' lang='lat' dir='ltr'><strong>beluudsu,</strong></span> <span class='ocrx_word' id='word_1_333' title='bbox 1266 3371 1312 3421; x_wconf 82' lang='lat' dir='ltr'><strong>hat</strong></span> <span class='ocrx_word' id='word_1_334' title='bbox 1335 3385 1361 3420; x_wconf 87' lang='lat' dir='ltr'><strong>er</strong></span> <span class='ocrx_word' id='word_1_335' title='bbox 1385 3383 1432 3437; x_wconf 73' lang='lat' dir='ltr'><strong>gar</strong></span> <span class='ocrx_word' id='word_1_336' title='bbox 1456 3369 1520 3420; x_wconf 79' lang='lat' dir='ltr'><strong>vohl</strong></span> 
     </span>
     <span class='ocr_line' id='line_1_36' title="bbox 165 3440 1520 3510; baseline -0.001 -17"><span class='ocrx_word' id='word_1_337' title='bbox 165 3444 207 3493; x_wconf 87' lang='lat' dir='ltr'><strong>und</strong></span> <span class='ocrx_word' id='word_1_338' title='bbox 221 3444 293 3495; x_wconf 83' lang='lat' dir='ltr'><strong>recht</strong></span> <span class='ocrx_word' id='word_1_339' title='bbox 310 3443 405 3510; x_wconf 76' lang='lat' dir='ltr'><strong>gathan</strong></span> <span class='ocrx_word' id='word_1_340' title='bbox 422 3444 474 3493; x_wconf 84' lang='lat' dir='ltr'><strong>und</strong></span> <span class='ocrx_word' id='word_1_341' title='bbox 491 3445 552 3493; x_wconf 73' lang='lat' dir='ltr'><strong>vird</strong></span> <span class='ocrx_word' id='word_1_342' title='bbox 569 3443 612 3493; x_wconf 86' lang='lat' dir='ltr'><strong>ihu</strong></span> <span class='ocrx_word' id='word_1_343' title='bbox 631 3446 668 3494; x_wconf 89' lang='lat' dir='ltr'><strong>nit</strong></span> <span class='ocrx_word' id='word_1_344' title='bbox 687 3459 770 3494; x_wconf 82' lang='lat' dir='ltr'><strong>rouen.</strong></span> <span class='ocrx_word' id='word_1_345' title='bbox 809 3445 891 3493; x_wconf 86' lang='lat' dir='ltr'><strong>Wauu</strong></span> <span class='ocrx_word' id='word_1_346' title='bbox 910 3445 991 3493; x_wconf 79' lang='lat' dir='ltr'><strong>melus</strong></span> <span class='ocrx_word' id='word_1_347' title='bbox 1010 3442 1110 3494; x_wconf 84' lang='lat' dir='ltr'><strong>Sachau</strong></span> <span class='ocrx_word' id='word_1_348' title='bbox 1128 3459 1156 3493; x_wconf 80' lang='lat' dir='ltr'><strong>so</strong></span> <span class='ocrx_word' id='word_1_349' title='bbox 1174 3443 1318 3493; x_wconf 79' lang='lat' dir='ltr'><strong>beschaffeu</strong></span> <span class='ocrx_word' id='word_1_350' title='bbox 1335 3448 1434 3500; x_wconf 75' lang='lat' dir='ltr'><strong>vtrau,</strong></span> <span class='ocrx_word' id='word_1_351' title='bbox 1461 3440 1520 3491; x_wconf 72' lang='lat' dir='ltr'><strong>dm</strong></span> 
     </span>
     <span class='ocr_line' id='line_1_37' title="bbox 166 3513 1289 3575; baseline -0.004 -10"><span class='ocrx_word' id='word_1_352' title='bbox 166 3514 198 3565; x_wconf 77' lang='lat' dir='ltr'><strong>iet</strong></span> <span class='ocrx_word' id='word_1_353' title='bbox 213 3517 327 3567; x_wconf 70' lang='lat' dir='ltr'><strong>abraim</strong></span> <span class='ocrx_word' id='word_1_354' title='bbox 344 3514 447 3575; x_wconf 61' lang='lat' dir='ltr'><strong>honum,</strong></span> <span class='ocrx_word' id='word_1_355' title='bbox 467 3514 525 3565; x_wconf 74' lang='lat' dir='ltr'><strong>volt</strong></span> <span class='ocrx_word' id='word_1_356' title='bbox 543 3513 584 3564; x_wconf 89' lang='lat' dir='ltr'><strong>ich</strong></span> <span class='ocrx_word' id='word_1_357' title='bbox 602 3516 640 3565; x_wconf 90' lang='lat' dir='ltr'><strong>uit</strong></span> <span class='ocrx_word' id='word_1_358' title='bbox 656 3515 821 3572; x_wconf 74' lang='lat' dir='ltr'><strong>unterluaeu.</strong></span> <span class='ocrx_word' id='word_1_359' title='bbox 841 3514 886 3564; x_wconf 91' lang='lat' dir='ltr'><strong>lne</strong></span> <span class='ocrx_word' id='word_1_360' title='bbox 904 3514 987 3564; x_wconf 85' lang='lat' dir='ltr'><strong>Herm</strong></span> <span class='ocrx_word' id='word_1_361' title='bbox 1005 3515 1087 3565; x_wconf 84' lang='lat' dir='ltr'><strong>Brahe</strong></span> <span class='ocrx_word' id='word_1_362' title='bbox 1106 3531 1138 3564; x_wconf 87' lang='lat' dir='ltr'><strong>zu</strong></span> <span class='ocrx_word' id='word_1_363' title='bbox 1157 3514 1289 3565; x_wconf 85' lang='lat' dir='ltr'><strong>besuohsn.</strong></span> 
     </span>
    </p>
   </div>
   <div class='ocr_carea' id='block_1_8' title="bbox 225 3652 861 3720">
    <p class='ocr_par' dir='ltr' id='par_1_12' title="bbox 225 3652 861 3720">
     <span class='ocr_line' id='line_1_38' title="bbox 225 3652 861 3720; baseline -0.008 -12"><span class='ocrx_word' id='word_1_364' title='bbox 225 3656 390 3720; x_wconf 78' lang='lat' dir='ltr'><strong>Keplerus</strong></span> <span class='ocrx_word' id='word_1_365' title='bbox 410 3656 433 3706; x_wconf 88' lang='lat' dir='ltr'><strong>d.</strong></span> <span class='ocrx_word' id='word_1_366' title='bbox 454 3656 476 3704; x_wconf 92' lang='lat' dir='ltr'><strong>d.</strong></span> <span class='ocrx_word' id='word_1_367' title='bbox 499 3653 541 3703; x_wconf 84' lang='lat'><strong>12.</strong></span> <span class='ocrx_word' id='word_1_368' title='bbox 561 3654 610 3704; x_wconf 87' lang='lat' dir='ltr'><strong>Jul.</strong></span> <span class='ocrx_word' id='word_1_369' title='bbox 634 3652 701 3705; x_wconf 81' lang='grc'><strong>1600</strong></span> <span class='ocrx_word' id='word_1_370' title='bbox 719 3655 861 3719; x_wconf 84' lang='lat' dir='ltr'><strong>respondit:</strong></span> 
     </span>
    </p>
   </div>
   <div class='ocr_carea' id='block_1_9' title="bbox 793 3813 884 3876">
    <p class='ocr_par' dir='ltr' id='par_1_13' title="bbox 793 3813 884 3876">
     <span class='ocr_line' id='line_1_39' title="bbox 793 3813 884 3876; baseline 0 0"><span class='ocrx_word' id='word_1_371' title='bbox 793 3813 825 3876; x_wconf 89' lang='lat' dir='ltr'><strong>S.</strong></span> <span class='ocrx_word' id='word_1_372' title='bbox 851 3815 884 3876; x_wconf 90' lang='lat' dir='ltr'><strong>P.</strong></span> 
     </span>
    </p>
   </div>
   <div class='ocr_carea' id='block_1_10' title="bbox 167 3913 1522 4707">
    <p class='ocr_par' dir='ltr' id='par_1_14' title="bbox 167 3913 1522 4351">
     <span class='ocr_line' id='line_1_40' title="bbox 240 3913 1521 4000; baseline -0.005 -18"><span class='ocrx_word' id='word_1_373' title='bbox 240 3921 402 4000; x_wconf 88' lang='lat' dir='ltr'><strong>Nunquam</strong></span> <span class='ocrx_word' id='word_1_374' title='bbox 427 3919 656 3999; x_wconf 89' lang='lat' dir='ltr'><strong>opportuniores</strong></span> <span class='ocrx_word' id='word_1_375' title='bbox 681 3920 719 3980; x_wconf 91' lang='lat' dir='ltr'><strong>ad</strong></span> <span class='ocrx_word' id='word_1_376' title='bbox 743 3938 789 3980; x_wconf 91' lang='lat' dir='ltr'><strong>me</strong></span> <span class='ocrx_word' id='word_1_377' title='bbox 814 3920 919 3980; x_wconf 88' lang='lat' dir='ltr'><strong>literas</strong></span> <span class='ocrx_word' id='word_1_378' title='bbox 944 3917 1071 3979; x_wconf 89' lang='lat' dir='ltr'><strong>misistis</strong></span> <span class='ocrx_word' id='word_1_379' title='bbox 1095 3917 1134 3978; x_wconf 91' lang='lat' dir='ltr'><strong>N.</strong></span> <span class='ocrx_word' id='word_1_380' title='bbox 1160 3923 1191 3977; x_wconf 92' lang='lat' dir='ltr'><strong>et</strong></span> <span class='ocrx_word' id='word_1_381' title='bbox 1205 3917 1249 3977; x_wconf 91' lang='lat' dir='ltr'><strong>M.</strong></span> <span class='ocrx_word' id='word_1_382' title='bbox 1266 3913 1332 3988; x_wconf 91' lang='lat' dir='ltr'><strong>Vir,</strong></span> <span class='ocrx_word' id='word_1_383' title='bbox 1357 3932 1446 3994; x_wconf 87' lang='lat' dir='ltr'><strong>quam</strong></span> <span class='ocrx_word' id='word_1_384' title='bbox 1463 3913 1521 3976; x_wconf 90' lang='lat' dir='ltr'><strong>hoc</strong></span> 
     </span>
     <span class='ocr_line' id='line_1_41' title="bbox 167 4002 1521 4090; baseline -0.001 -24"><span class='ocrx_word' id='word_1_385' title='bbox 167 4004 220 4090; x_wconf 83' lang='lat' dir='ltr'><strong>ipso</strong></span> <span class='ocrx_word' id='word_1_386' title='bbox 242 4018 397 4088; x_wconf 89' lang='lat' dir='ltr'><strong>tempore,</strong></span> <span class='ocrx_word' id='word_1_387' title='bbox 436 4026 493 4089; x_wconf 90' lang='lat' dir='ltr'><strong>quo</strong></span> <span class='ocrx_word' id='word_1_388' title='bbox 522 4008 558 4068; x_wconf 91' lang='lat' dir='ltr'><strong>de</strong></span> <span class='ocrx_word' id='word_1_389' title='bbox 591 4008 684 4068; x_wconf 89' lang='lat' dir='ltr'><strong>totius</strong></span> <span class='ocrx_word' id='word_1_390' title='bbox 707 4008 845 4069; x_wconf 90' lang='lat' dir='ltr'><strong>instituto</strong></span> <span class='ocrx_word' id='word_1_391' title='bbox 869 4008 951 4068; x_wconf 87' lang='lat' dir='ltr'><strong>vitae</strong></span> <span class='ocrx_word' id='word_1_392' title='bbox 979 4008 1009 4067; x_wconf 91' lang='lat' dir='ltr'><strong>in</strong></span> <span class='ocrx_word' id='word_1_393' title='bbox 1033 4005 1214 4084; x_wconf 80' lang='lat' dir='ltr'><strong>gravissima</strong></span> <span class='ocrx_word' id='word_1_394' title='bbox 1241 4022 1345 4064; x_wconf 85' lang='lat' dir='ltr'><strong>versor</strong></span> <span class='ocrx_word' id='word_1_395' title='bbox 1370 4002 1521 4065; x_wconf 87' lang='lat' dir='ltr'><strong>delibera-</strong></span> 
     </span>
     <span class='ocr_line' id='line_1_42' title="bbox 167 4090 1521 4172; baseline -0.002 -18"><span class='ocrx_word' id='word_1_396' title='bbox 167 4095 245 4160; x_wconf 87' lang='lat' dir='ltr'><strong>tione.</strong></span> <span class='ocrx_word' id='word_1_397' title='bbox 291 4097 414 4158; x_wconf 83' lang='lat' dir='ltr'><strong>Etenim</strong></span> <span class='ocrx_word' id='word_1_398' title='bbox 443 4116 494 4156; x_wconf 88' lang='lat' dir='ltr'><strong>eas</strong></span> <span class='ocrx_word' id='word_1_399' title='bbox 527 4095 723 4157; x_wconf 87' lang='lat' dir='ltr'><strong>humanitatis</strong></span> <span class='ocrx_word' id='word_1_400' title='bbox 757 4106 789 4157; x_wconf 92' lang='lat' dir='ltr'><strong>et</strong></span> <span class='ocrx_word' id='word_1_401' title='bbox 825 4094 1053 4157; x_wconf 84' lang='lat' dir='ltr'><strong>benevolentiae</strong></span> <span class='ocrx_word' id='word_1_402' title='bbox 1084 4094 1111 4154; x_wconf 91' lang='lat' dir='ltr'><strong>in</strong></span> <span class='ocrx_word' id='word_1_403' title='bbox 1136 4113 1182 4154; x_wconf 88' lang='lat' dir='ltr'><strong>me</strong></span> <span class='ocrx_word' id='word_1_404' title='bbox 1207 4090 1441 4172; x_wconf 67' lang='lat' dir='ltr'><strong>significationes</strong></span> <span class='ocrx_word' id='word_1_405' title='bbox 1465 4110 1521 4152; x_wconf 83' lang='lat' dir='ltr'><strong>ex-</strong></span> 
     </span>
     <span class='ocr_line' id='line_1_43' title="bbox 168 4180 1522 4264; baseline -0.004 -19"><span class='ocrx_word' id='word_1_406' title='bbox 168 4183 315 4248; x_wconf 86' lang='lat' dir='ltr'><strong>hibuerunt</strong></span> <span class='ocrx_word' id='word_1_407' title='bbox 339 4205 454 4258; x_wconf 89' lang='lat' dir='ltr'><strong>omnes,</strong></span> <span class='ocrx_word' id='word_1_408' title='bbox 479 4204 553 4264; x_wconf 89' lang='lat' dir='ltr'><strong>quas</strong></span> <span class='ocrx_word' id='word_1_409' title='bbox 578 4184 687 4245; x_wconf 88' lang='lat' dir='ltr'><strong>adme</strong></span> <span class='ocrx_word' id='word_1_410' title='bbox 712 4184 861 4264; x_wconf 87' lang='lat' dir='ltr'><strong>scripsisti</strong></span> <span class='ocrx_word' id='word_1_411' title='bbox 885 4184 1043 4264; x_wconf 88' lang='lat' dir='ltr'><strong>epistolae,</strong></span> <span class='ocrx_word' id='word_1_412' title='bbox 1068 4189 1102 4243; x_wconf 93' lang='lat' dir='ltr'><strong>ut</strong></span> <span class='ocrx_word' id='word_1_413' title='bbox 1125 4200 1254 4262; x_wconf 89' lang='lat' dir='ltr'><strong>sperem,</strong></span> <span class='ocrx_word' id='word_1_414' title='bbox 1272 4198 1319 4241; x_wconf 91' lang='lat' dir='ltr'><strong>me</strong></span> <span class='ocrx_word' id='word_1_415' title='bbox 1339 4198 1397 4241; x_wconf 90' lang='lat' dir='ltr'><strong>non</strong></span> <span class='ocrx_word' id='word_1_416' title='bbox 1413 4180 1522 4241; x_wconf 88' lang='lat' dir='ltr'><strong>saltem</strong></span> 
     </span>
     <span class='ocr_line' id='line_1_44' title="bbox 167 4272 1057 4351; baseline 0 -20"><span class='ocrx_word' id='word_1_417' title='bbox 167 4275 325 4336; x_wconf 86' lang='lat' dir='ltr'><strong>consultore</strong></span> <span class='ocrx_word' id='word_1_418' title='bbox 349 4282 390 4349; x_wconf 88' lang='lat' dir='ltr'><strong>te,</strong></span> <span class='ocrx_word' id='word_1_419' title='bbox 416 4275 469 4334; x_wconf 91' lang='lat' dir='ltr'><strong>sed</strong></span> <span class='ocrx_word' id='word_1_420' title='bbox 494 4274 587 4335; x_wconf 84' lang='lat' dir='ltr'><strong>etiam</strong></span> <span class='ocrx_word' id='word_1_421' title='bbox 612 4272 750 4351; x_wconf 88' lang='lat' dir='ltr'><strong>adjutore</strong></span> <span class='ocrx_word' id='word_1_422' title='bbox 775 4274 902 4334; x_wconf 81' lang='lat' dir='ltr'><strong>feliciter</strong></span> <span class='ocrx_word' id='word_1_423' title='bbox 927 4290 1057 4333; x_wconf 89' lang='lat' dir='ltr'><strong>usurum.</strong></span> 
     </span>
    </p>

    <p class='ocr_par' dir='ltr' id='par_1_15' title="bbox 168 4354 1522 4707">
     <span class='ocr_line' id='line_1_45' title="bbox 197 4354 1522 4430; baseline -0.008 -6"><span class='ocrx_word' id='word_1_424' title='bbox 197 4402 200 4406; x_wconf 93' lang='lat'>-</span> <span class='ocrx_word' id='word_1_425' title='bbox 242 4364 322 4424; x_wconf 79' lang='lat' dir='ltr'><strong>Nam</strong></span> <span class='ocrx_word' id='word_1_426' title='bbox 347 4371 382 4424; x_wconf 90' lang='lat' dir='ltr'><strong>ut</strong></span> <span class='ocrx_word' id='word_1_427' title='bbox 406 4363 444 4423; x_wconf 94' lang='lat' dir='ltr'><strong>ad</strong></span> <span class='ocrx_word' id='word_1_428' title='bbox 468 4361 524 4422; x_wconf 86' lang='lat' dir='ltr'><strong>has</strong></span> <span class='ocrx_word' id='word_1_429' title='bbox 549 4361 670 4422; x_wconf 86' lang='lat' dir='ltr'><strong>ultimas</strong></span> <span class='ocrx_word' id='word_1_430' title='bbox 694 4368 764 4421; x_wconf 81' lang='lat' dir='ltr'><strong>tues</strong></span> <span class='ocrx_word' id='word_1_431' title='bbox 788 4361 894 4423; x_wconf 87' lang='lat' dir='ltr'><strong>literas</strong></span> <span class='ocrx_word' id='word_1_432' title='bbox 919 4359 970 4423; x_wconf 75' lang='lat'><strong>20.</strong></span> <span class='ocrx_word' id='word_1_433' title='bbox 995 4359 1065 4420; x_wconf 89' lang='lat' dir='ltr'><strong>Jun.</strong></span> <span class='ocrx_word' id='word_1_434' title='bbox 1091 4359 1190 4430; x_wconf 85' lang='lat' dir='ltr'><strong>datas,</strong></span> <span class='ocrx_word' id='word_1_435' title='bbox 1216 4356 1318 4427; x_wconf 84' lang='lat' dir='ltr'><strong>(binas</strong></span> <span class='ocrx_word' id='word_1_436' title='bbox 1340 4354 1522 4426; x_wconf 90' lang='lat' dir='ltr'><strong>enimalias,</strong></span> 
     </span>
     <span class='ocr_line' id='line_1_46' title="bbox 170 4444 1521 4530; baseline -0.005 -20"><span class='ocrx_word' id='word_1_437' title='bbox 170 4444 209 4513; x_wconf 77' lang='lat' dir='ltr'><strong>ld.</strong></span> <span class='ocrx_word' id='word_1_438' title='bbox 233 4451 308 4513; x_wconf 90' lang='lat' dir='ltr'><strong>Dec.</strong></span> <span class='ocrx_word' id='word_1_439' title='bbox 335 4458 368 4512; x_wconf 89' lang='lat' dir='ltr'><strong>et</strong></span> <span class='ocrx_word' id='word_1_440' title='bbox 396 4450 442 4511; x_wconf 66' lang='lat' dir='ltr'><strong>lli.</strong></span> <span class='ocrx_word' id='word_1_441' title='bbox 463 4452 553 4511; x_wconf 86' lang='lat' dir='ltr'><strong>Mart</strong></span> <span class='ocrx_word' id='word_1_442' title='bbox 579 4451 709 4530; x_wconf 86' lang='lat' dir='ltr'><strong>scriptas</strong></span> <span class='ocrx_word' id='word_1_443' title='bbox 735 4450 852 4510; x_wconf 88' lang='lat' dir='ltr'><strong>domum</strong></span> <span class='ocrx_word' id='word_1_444' title='bbox 876 4468 1015 4510; x_wconf 88' lang='lat' dir='ltr'><strong>reversus</strong></span> <span class='ocrx_word' id='word_1_445' title='bbox 1039 4447 1152 4525; x_wconf 85' lang='lat' dir='ltr'><strong>reperi)</strong></span> <span class='ocrx_word' id='word_1_446' title='bbox 1185 4445 1280 4524; x_wconf 88' lang='lat' dir='ltr'><strong>primo</strong></span> <span class='ocrx_word' id='word_1_447' title='bbox 1309 4445 1374 4505; x_wconf 92' lang='lat' dir='ltr'><strong>loco</strong></span> <span class='ocrx_word' id='word_1_448' title='bbox 1395 4462 1521 4522; x_wconf 87' lang='lat' dir='ltr'><strong>respon·</strong></span> 
     </span>
     <span class='ocr_line' id='line_1_47' title="bbox 169 4530 1522 4618; baseline -0.004 -22"><span class='ocrx_word' id='word_1_449' title='bbox 169 4537 252 4614; x_wconf 85' lang='lat' dir='ltr'><strong>deam,</strong></span> <span class='ocrx_word' id='word_1_450' title='bbox 278 4541 322 4602; x_wconf 87' lang='lat' dir='ltr'><strong>sic</strong></span> <span class='ocrx_word' id='word_1_451' title='bbox 348 4547 464 4613; x_wconf 68' lang='lat' dir='ltr'><strong>estut</strong></span> <span class='ocrx_word' id='word_1_452' title='bbox 487 4538 624 4618; x_wconf 90' lang='lat' dir='ltr'><strong>conjicis,</strong></span> <span class='ocrx_word' id='word_1_453' title='bbox 650 4540 688 4599; x_wconf 88' lang='lat' dir='ltr'><strong>ed</strong></span> <span class='ocrx_word' id='word_1_454' title='bbox 713 4538 768 4599; x_wconf 92' lang='lat' dir='ltr'><strong>lll.</strong></span> <span class='ocrx_word' id='word_1_455' title='bbox 794 4538 838 4599; x_wconf 89' lang='lat' dir='ltr'><strong>ld.</strong></span> <span class='ocrx_word' id='word_1_456' title='bbox 863 4538 933 4599; x_wconf 86' lang='lat' dir='ltr'><strong>Jan.</strong></span> <span class='ocrx_word' id='word_1_457' title='bbox 982 4534 1091 4598; x_wconf 88' lang='lat' dir='ltr'><strong>Gratio</strong></span> <span class='ocrx_word' id='word_1_458' title='bbox 1116 4533 1254 4605; x_wconf 87' lang='lat' dir='ltr'><strong>discessi,</strong></span> <span class='ocrx_word' id='word_1_459' title='bbox 1279 4530 1481 4615; x_wconf 83' lang='lat' dir='ltr'><strong>Tyohonem&#39;</strong></span> <span class='ocrx_word' id='word_1_460' title='bbox 1474 4549 1522 4590; x_wconf 90' lang='lat' dir='ltr'><strong>m-</strong></span> 
     </span>
     <span class='ocr_line' id='line_1_48' title="bbox 168 4617 1521 4707; baseline -0.008 -20"><span class='ocrx_word' id='word_1_461' title='bbox 168 4625 292 4702; x_wconf 78' lang='lat' dir='ltr'><strong>visurus,</strong></span> <span class='ocrx_word' id='word_1_462' title='bbox 324 4637 357 4689; x_wconf 93' lang='lat' dir='ltr'><strong>et</strong></span> <span class='ocrx_word' id='word_1_463' title='bbox 388 4647 455 4690; x_wconf 92' lang='lat' dir='ltr'><strong>cum</strong></span> <span class='ocrx_word' id='word_1_464' title='bbox 484 4626 602 4707; x_wconf 77' lang='lat' dir='ltr'><strong>Progne</strong></span> <span class='ocrx_word' id='word_1_465' title='bbox 634 4646 689 4706; x_wconf 90' lang='lat' dir='ltr'><strong>per</strong></span> <span class='ocrx_word' id='word_1_466' title='bbox 725 4628 841 4707; x_wconf 86' lang='lat' dir='ltr'><strong>aliquot</strong></span> <span class='ocrx_word' id='word_1_467' title='bbox 868 4627 932 4686; x_wconf 90' lang='lat' dir='ltr'><strong>dies</strong></span> <span class='ocrx_word' id='word_1_468' title='bbox 956 4624 1138 4696; x_wconf 86' lang='lat' dir='ltr'><strong>haesissem,</strong></span> <span class='ocrx_word' id='word_1_469' title='bbox 1169 4620 1289 4682; x_wconf 90' lang='lat' dir='ltr'><strong>tandem</strong></span> <span class='ocrx_word' id='word_1_470' title='bbox 1313 4618 1409 4682; x_wconf 88' lang='lat' dir='ltr'><strong>Nonis</strong></span> <span class='ocrx_word' id='word_1_471' title='bbox 1433 4617 1521 4680; x_wconf 87' lang='lat' dir='ltr'><strong>Febr.</strong></span> 
     </span>
    </p>
   </div>
   <div class='ocr_carea' id='block_1_11' title="bbox 0 0 1691 5482">
    <p class='ocr_par' dir='ltr' id='par_1_16' title="bbox 0 0 1691 5482">
     <span class='ocr_line' id='line_1_49' title="bbox 0 0 1691 5482; baseline 0 0"><span class='ocrx_word' id='word_1_472' title='bbox 0 0 1691 5482; x_wconf 95' lang='lat' dir='ltr'><strong> </strong></span> 
     </span>
    </p>
   </div>
  </div>
 </body>
</html>
