3366 5482
159 259 226 326 318
582 261 684 318 Uim·
701 260 805 326 ΜΗ
826 261 979 325 tim·
996 267 1099 312 ww

158 419 234 485 haec
256 418 337 481 vires
364 418 463 480 nullas
488 419 538 489 (ut
560 417 697 497 eclipsis)
721 417 825 480 habet
872 417 980 498 Itaque
1012 418 1243 498 significationis
1273 418 1457 498 principium
1488 417 1517 478 in

158 506 374 585 imaginatione
398 506 542 568 consistit
564 507 693 582 animae,
718 508 767 567 vel
792 507 959 569 animarum
974 508 1189 583 sublunarium,
1213 508 1288 571 locis
1311 508 1349 570 iis
1363 506 1518 586 alligata-

159 615 233 670 rum,
254 596 304 656 ubi
328 595 466 656 deiectus
490 595 629 656 cernitur.

231 684 411 740 Fabricium
439 683 612 733 Revolntio
630 682 783 733 Vernalis
801 683 878 732 habet
896 683 1005 747 aliquam
1023 683 1249 749 significationem
1277 691 1318 735 eat
1336 682 1464 733 animilia
1481 684 1518 732 ln·

160 756 247 804 troitm
261 753 325 803 Solis
344 757 369 803 in
388 757 492 817 primum
509 764 629 819 punctum
648 754 674 815 Υ
694 755 763 818 quasi
782 756 880 819 genesis
899 754 1022 818 quaedam
1041 757 1116 804 totius
1129 757 1204 812 anni,
1224 762 1250 805 et
1267 755 1425 806 hauddubie
1450 755 1519 804 initio

158 827 244 875 mundi
258 824 299 874 Sol
318 825 540 890 illudprincipium
553 827 658 875 obtinuit
671 833 697 875 et
709 826 778 888 quasi
792 826 900 874 radicem
913 825 1001 873 habuit
1018 827 1054 874 sui
1068 833 1157 875 motus.
1196 825 1268 887 Quod
1282 826 1354 876 multi
1368 841 1399 875 ex
1412 826 1517 888 aspecti·

159 898 204 946 bns
221 896 339 945 thematis
356 897 488 946 introitalis
506 898 649 961 generalem
667 897 793 961 quandam
812 897 977 945 conditionem
997 898 1072 953 anni,
1092 898 1189 961 lrngnm
1208 896 1253 946 dc.
1275 899 1447 959 constituunt,
1470 910 1518 946 non

158 968 242 1032 probo,
261 968 305 1017 sed
323 969 422 1032 singula
439 969 496 1018 lora
512 968 615 1033 singulis
633 969 791 1032 temporibus
802 968 957 1030 inspicienda
975 982 1030 1017 ease
1048 975 1107 1032 puto
1127 967 1171 1017 dc.
1193 967 1239 1018 de.

249 1040 456 1118 Keplerus:
491 1041 605 1101 Thema
626 1040 822 1101 revolutionis
846 1039 960 1112 mundi,
993 1048 1025 1100 ut
1057 1041 1147 1118 plane
1179 1041 1270 1101 claris
1294 1038 1396 1100 verbis
1420 1058 1516 1100 meam

160 1128 342 1190 sententiam
375 1129 488 1204 dicam,
522 1129 687 1210 sisyphium
717 1136 790 1209 puto
818 1128 948 1204 lapidem
978 1146 1032 1206 pro
1057 1129 1264 1190 excruciandis
1294 1129 1516 1208 astrologorum

165 1216 302 1295 ingeniis,
327 1234 385 1295 quo
410 1217 483 1279 nihil
506 1219 668 1295 proficitur.
715 1214 783 1276 Etsi
808 1216 886 1276 enim
902 1218 1107 1291 concederem,
1132 1218 1275 1279 mundum
1290 1217 1319 1278 in
1335 1214 1383 1279 0⁰
1405 1216 1442 1293 Υ
1465 1235 1518 1279 ex·

159 1297 268 1378 titisse,
294 1304 364 1384 quid
388 1305 444 1367 hoc
459 1307 498 1367 ad
512 1316 641 1385 pestem,
665 1305 776 1366 bellum
800 1304 880 1365 dre?
927 1303 1008 1375 Quid
1023 1306 1074 1366 fiet
1089 1307 1282 1378 australibus,
1310 1305 1382 1386 quid
1402 1325 1516 1386 aequa-

160 1393 235 1456 toris
258 1393 379 1467 incolis,
414 1395 521 1474 quihus
550 1405 620 1455 tunc
645 1393 771 1454 aestas?
816 1393 905 1454 Anne
933 1403 1039 1454 nostra
1066 1396 1163 1475 pestis
1197 1395 1297 1455 mrrndi
1322 1395 1420 1473 pestis
1445 1393 1516 1455 est?

161 1481 247 1545 Anne
266 1500 321 1560 per
344 1482 493 1544 hominem
517 1484 611 1563 ipsius
635 1483 747 1543 Terrae
770 1482 908 1560 jugulum
931 1483 961 1542 in
986 1483 1065 1545 bello
1089 1483 1151 1560 peti
1175 1483 1298 1563 potest?
1322 1482 1363 1543 Et
1389 1483 1518 1562 quando,

159 1589 285 1650 quaeso,
311 1571 523 1633 universaliter
547 1573 651 1651 fruges
676 1579 740 1632 toto
765 1570 925 1631 Terrarum
954 1571 1024 1632 orbe
1055 1571 1253 1633 deiecerunt?
1299 1572 1364 1632 Hoc
1389 1589 1469 1632 anno
1491 1572 1519 1632 in

159 1660 297 1722 Lovonia
329 1661 437 1721 messis
470 1661 597 1734 interiit,
631 1679 778 1739 oppressa
810 1660 877 1719 nive
914 1659 1076 1739 bellisque;
1110 1661 1138 1721 in
1173 1660 1320 1721 Bohemia
1348 1661 1422 1720 uber
1455 1661 1518 1722 init.
1564 1667 1569 1681 '

161 1748 328 1809 Vindemia
349 1747 379 1809 in
402 1749 510 1810 Rheno
534 1749 653 1827 exigua,
679 1749 769 1808 hiero
786 1749 876 1820 nulla,
906 1744 1192 1827 Austriamelignh,
1216 1748 1404 1809 vicinissime
1417 1746 1520 1830 Styria

160 1837 283 1918 copiosa
311 1844 342 1897 et
367 1838 538 1900 laudabilis.
587 1836 726 1899 Concede
746 1837 828 1914 jam,
862 1856 931 1897 esse
955 1837 1067 1897 Terrae
1094 1856 1179 1898 suam
1208 1836 1349 1917 genesin,
1386 1836 1454 1898 loca
1479 1856 1518 1899 sc.

159 1927 348 2007 planetarum
372 1934 508 2006 tempore
523 1926 702 1999 creationis3
726 1926 805 1997 vide,
830 1926 901 2004 quid
917 1934 1069 2005 sequatur.
1118 1926 1418 1996 Profectionestuae
1434 1933 1520 1986 erunt

160 2014 366 2078 instituendae
396 2015 433 2075 ad
459 2015 554 2076 locum
578 2016 769 2095 planetarum
792 2013 919 2086 radicis;
953 2023 1020 2089 aut,
1059 2016 1084 2076 si
1114 2015 1192 2076 hunc
1216 2015 1350 2076 laborem
1373 2015 1469 2076 etiam
1492 2016 1518 2076 in

160 2103 308 2164 humanae
332 2104 453 2182 genesis
476 2104 611 2164 themate
635 2103 743 2174 sumis,
768 2112 801 2163 ut
824 2111 855 2162 et
878 2103 1092 2176 revolutionis,
1117 2112 1261 2183 tanquam
1285 2103 1411 2176 radicis,
1447 2123 1517 2184 pro-

101 2251 104 2258 .
162 2192 307 2253 sectiones
332 2190 474 2252 instituas
493 2192 559 2270 jam
584 2192 639 2253 tibi
663 2199 711 2252 est
734 2192 860 2252 confusa
883 2191 961 2251 ratio
992 2192 1210 2270 experientiae,
1252 2192 1322 2271 quia
1344 2192 1423 2253 duae
1446 2211 1517 2271 pro·

162 2279 324 2341 sectionum
348 2280 452 2353 series,
478 2280 658 2361 insuperque
683 2288 824 2359 aspectus
848 2289 1037 2341 concurrunt.
1085 2281 1211 2342 Nitetur
1239 2281 1341 2360 itaque
1366 2281 1519 2359 negotium

161 2368 328 2431 nudissima
360 2369 507 2448 opinione.
555 2369 616 2431 Sed
650 2378 682 2431 tu
710 2376 815 2448 putas,
849 2369 976 2447 singulis
1000 2369 1101 2444 annis,
1136 2369 1208 2430 Sole
1237 2369 1266 2429 in
1290 2366 1336 2431 0⁰
1357 2368 1395 2444 Υ
1419 2379 1517 2443 eunte,

162 2476 270 2520 novam
300 2477 368 2518 esse
392 2459 514 2536 genesin
540 2459 637 2525 anni„
668 2455 746 2527 Quid
772 2475 843 2535 ergo
872 2457 1006 2519 nascitur
1029 2477 1064 2518 eo
1088 2457 1261 2519 momento?
1309 2455 1386 2520 Cum
1411 2458 1517 2519 homo

162 2546 309 2621 nascitur,
334 2545 403 2626 quid
428 2556 572 2609 nascatur
595 2547 693 2608 video.
741 2547 853 2606 Vivere
877 2565 915 2605 ex
939 2566 972 2606 se
1000 2547 1065 2624 ipso
1090 2546 1208 2626 incipit,
1244 2556 1335 2607 antea
1359 2566 1397 2606 ex
1422 2556 1517 2608 matre

162 2635 295 2697 vivebat.
342 2634 425 2698 h'ihil
452 2636 515 2696 tale
549 2637 576 2696 in
602 2656 702 2696 annua
725 2635 939 2697 foecunditate.
987 2636 1065 2696 Nam
1089 2637 1192 2697 multis
1221 2635 1295 2696 locis
1320 2644 1392 2696 ante
1418 2637 1517 2715 fruges

162 2732 241 2797 sunt,
267 2723 371 2784 humor
390 2726 455 2803 jam
480 2747 498 2784 a
521 2722 566 2785 0⁰
588 2730 622 2800 ᾖ
646 2743 761 2784 rursum
796 2723 895 2801 colligi
920 2723 1026 2803 incipit
1057 2725 1262 2804 paulatimque
1295 2744 1328 2784 se
1363 2723 1392 2784 in
1428 2743 1518 2785 venas

161 2813 253 2876 infert
276 2820 308 2873 et
331 2833 364 2873 se
389 2832 455 2877 cum
470 2812 541 2874 Sole
566 2814 655 2874 tollit.
702 2812 815 2891 Aliqua
838 2811 892 2873 tihi
918 2812 1058 2884 concedo,
1086 2815 1139 2873 sed
1158 2814 1211 2874 illa
1229 2814 1268 2874 ad
1287 2820 1433 2891 aspectus
1448 2832 1516 2892 per·

162 2901 275 2976 tinent;
300 2901 418 2963 scilicet
440 2902 467 2963 si
489 2898 525 2980 i),
550 2903 575 2963 si
599 2901 645 2975 ll,
666 2902 693 2962 si
717 2908 741 2970 (ς
764 2900 794 2961 in
819 2900 860 2974 ὅ,
885 2901 1043 2979 praecipue
1068 2909 1106 2973 (ς,
1142 2903 1228 2962 tarde
1253 2921 1271 2962 a
1295 2900 1367 2962 Sole
1392 2920 1517 2981 separa-

161 2990 243 3053 bitur
266 2991 436 3073 efficietque
461 2991 573 3053 siccum
597 3000 630 3051 et
653 2990 804 3051 aestivum
829 3007 891 3050 ver.
940 2989 1034 3049 Tuam
1049 2998 1150 3051 autem
1174 2991 1238 3068 ipse
1258 2989 1371 3051 evertis
1394 3009 1516 3070 perma-

162 3088 281 3143 nentem
312 3081 373 3142 vim
402 3080 562 3156 thematis,
595 3079 812 3141 revolutionem
835 3077 900 3157 ipse
930 3077 1070 3154 damnas,
1105 3088 1136 3139 et
1159 3088 1259 3140 tamen
1288 3079 1332 3140 ita
1357 3077 1518 3158 scripsisti,

162 3187 197 3231 ac
221 3168 248 3230 si
270 3179 478 3249 permaneret:
513 3169 558 3230 ita
582 3168 749 3229 ascendens
775 3167 970 3228 revolutionis
994 3167 1049 3228 tibi
1073 3167 1112 3228 ad
1136 3169 1204 3230 loca
1225 3167 1417 3247 planetarum
1440 3176 1517 3230 tem·

161 3276 234 3338 pore
258 3257 399 3319 introitus
425 3258 538 3329 (cernis
562 3257 770 3337 permanentia
798 3257 865 3317 loca
889 3255 1045 3328 introitus)
1069 3257 1278 3335 proficiscitur.
1327 3254 1417 3326 Quod
1448 3274 1518 3318 vero

163 3353 194 3408 et
216 3346 412 3425 particularia
435 3346 537 3422 addis,
563 3347 707 3425 optimum
731 3365 804 3406 sane
828 3345 914 3423 piper
937 3345 1077 3419 adhibes,
1103 3346 1157 3406 sed
1182 3347 1254 3408 illud
1277 3345 1361 3424 prius
1385 3345 1518 3408 miscen-

163 3436 232 3498 dum
256 3435 331 3510 erit:
364 3436 462 3516 qualis
486 3435 578 3514 igitur
601 3436 668 3507 fiet,
701 3453 772 3507 oro,
798 3433 950 3494 mixtura?
995 3434 1095 3495 Multa
1118 3435 1322 3513 repugnantia
1341 3435 1371 3495 in
1396 3434 1519 3497 serendo

159 3525 289 3605 judicio,
322 3524 511 3603 experientia
535 3525 630 3586 omnis
655 3522 770 3583 abolita
804 3529 835 3582 et
866 3523 933 3601 plus
958 3542 1047 3602 quam
1071 3524 1210 3597 confusa,
1246 3524 1324 3603 quod
1348 3542 1367 3583 a
1390 3543 1439 3584 me
1462 3522 1520 3584 dici

163 3631 255 3693 aegre
278 3614 356 3675 alias
381 3614 452 3675 fers.
500 3613 628 3676 Perinde
652 3619 710 3685 est,
736 3630 771 3672 ac
795 3610 822 3670 si
847 3610 973 3684 diceres,
998 3621 1028 3672 te
1045 3630 1116 3672 vera
1139 3621 1170 3673 et
1190 3612 1269 3673 falsa
1283 3612 1362 3674 velle
1381 3612 1518 3685 miscere,

162 3702 268 3783 quodsi
291 3721 364 3764 vera
387 3704 520 3773 vincant,
545 3722 616 3762 vera
641 3701 800 3774 dicturum,
825 3700 851 3759 si
876 3699 956 3760 falsa
980 3731 1021 3740 —
1046 3701 1134 3761 falsa.

163 3827 164 3830 ¹
233 3809 419 3860 Fabricius:
446 3809 483 3858 Tu
502 3815 589 3873 putas,
617 3806 853 3870 experientiam
872 3805 897 3854 in
917 3806 1123 3871 astrologicis
1151 3820 1205 3854 esso
1225 3807 1394 3856 contusam
1423 3813 1451 3856 et
1470 3806 1518 3857 lor·

162 3881 253 3931 tnitam
271 3881 364 3944 potins,
391 3895 465 3944 quam
484 3895 576 3930 veram.
612 3878 676 3927 Puto
696 3884 792 3933 autem,
818 3878 851 3924 mi
876 3877 970 3926 erudite
988 3877 1110 3941 Keplere,
1138 3878 1314 3941 experientiam
1333 3877 1402 3927 illam
1420 3881 1522 3928 minime

163 3953 289 4002 fortuitam
309 3967 371 4011 erse,
392 3953 436 4002 sed
455 3959 525 4002 certa
542 3952 639 4000 ratione
659 3947 857 4012 correspondere,
876 3952 905 3997 ut
923 3955 1026 4012 apparet
1045 3951 1070 3997 in
1089 3949 1234 4013 generibus,
1253 3951 1279 3998 in
1298 3950 1385 4012 quibus
1405 3949 1520 4013 planeta·

162 4038 218 4074 rma
236 4024 294 4073 locs
311 4038 355 4086 per
374 4030 467 4074 tertam
487 4023 683 4073 observationem
702 4021 804 4084 cognita
821 4017 944 4068 habentur
945 4051 1060 4068 .....
1089 4019 1163 4068 Licet
1179 4035 1229 4068 non
1246 4034 1344 4083 semper
1361 4029 1432 4070 certo
1449 4035 1522 4085 prae·

162 4093 245 4144 dicere
263 4097 382 4158 possimus
402 4103 513 4150 eventus,
532 4107 611 4143 causa
629 4099 675 4148 est,
699 4091 763 4156 qnod
783 4090 933 4154 astrologum
951 4105 1000 4139 non
1019 4097 1117 4140 tantum
1135 4096 1204 4141 astra
1223 4091 1378 4141 considerare
1398 4099 1523 4156 oporteat,

161 4165 207 4216 sed
225 4173 252 4215 et
270 4167 471 4217 constitutionem
488 4165 593 4228 subtecti
612 4161 656 4214 de.

250 4237 452 4316 Keplerns:
478 4238 521 4299 Ut
542 4255 646 4315 neges,
671 4231 886 4312 experientiam
910 4232 938 4294 in
954 4232 1145 4312 astrologicis
1170 4253 1237 4295 esse
1253 4234 1420 4315 confusam,
1445 4253 1521 4297 eon-

161 4336 211 4391 tra
234 4324 360 4406 opponis
384 4327 535 4406 exempla,
569 4324 619 4386 ubi
643 4330 768 4385 eventus
792 4330 877 4383 certa
900 4321 1016 4383 ratione
1048 4323 1282 4402 correspondere
1306 4322 1352 4385 ais
1371 4323 1520 4387 directio·

162 4415 261 4491 nibus,
285 4414 523 4496 protectionibus
548 4422 579 4476 et
601 4411 791 4475 transitibus.
838 4408 909 4471 Jam
938 4410 1043 4471 statim
1072 4419 1102 4472 te
1126 4411 1289 4491 prodidisti
1311 4431 1417 4489 sorex,
1452 4412 1523 4473 dum

160 4505 263 4569 omnia
286 4504 347 4567 tria
369 4511 535 4583 computas.
584 4500 693 4565 Certus
713 4518 787 4570 sum,
811 4498 884 4560 nihil
908 4498 938 4559 in
963 4500 1103 4561 universa
1123 4501 1187 4562 vita
1210 4500 1339 4562 maxime
1364 4501 1523 4564 fortuitum

162 4595 283 4658 evenire
307 4612 408 4674 posse,
434 4593 513 4674 quod
532 4611 589 4654 nou
613 4592 661 4652 vel
685 4588 762 4664 huic,
786 4589 835 4650 vel
849 4588 902 4662 illi,
928 4588 977 4649 vel
992 4589 1082 4650 tertio
1102 4608 1170 4652 sese
1191 4589 1334 4671 applicet,
1359 4591 1433 4671 quia
1446 4591 1524 4653 haec

161 4684 223 4747 tria
245 4683 466 4747 multitudinem
491 4681 640 4760 quandam
663 4696 822 4740 causarum
846 4685 999 4739 acervant.
1046 4677 1088 4738 Et
1120 4687 1221 4741 tamen
1249 4679 1395 4742 intanta
1416 4680 1524 4744 multi-

160 4772 266 4837 tndine
289 4780 438 4854 superest,
463 4770 543 4852 quod
557 4768 708 4852 excipias:
732 4784 792 4829 non
806 4783 925 4847 semper
938 4766 1072 4850 praedici
1085 4785 1188 4847 posse,
1210 4765 1420 4851 rationemque
1434 4769 1524 4851 bajas
