3366 5482
615 277 738 328 1111
755 276 919 342 mosara.
1380 271 1446 341 191

83 431 252 514 Utrumque
290 431 347 494 hoc
383 433 472 496 valde
511 434 684 517 iracundum
717 435 853 496 denotat.
910 439 934 507 )
962 436 991 497 iu
1021 428 1094 513 [15
1127 435 1323 508 laboriosum,
1364 435 1445 497 invi-

85 522 168 594 dum,
200 539 336 584 avarum.
390 523 432 584 Et
458 531 583 604 propter
614 524 692 584 hunc
722 535 877 601 aspectum
911 526 1071 587 contemtis
1104 525 1162 587 erit
1190 524 1330 586 moribus.
1375 522 1444 586 Nisi

84 609 161 690 quod
186 610 235 671 hic
258 611 425 691 quadratus
450 612 549 673 brevis
574 621 631 684 est,
660 611 763 673 sextili
788 613 1004 692 aequipollens.
1051 615 1153 692 Atque
1182 613 1274 674 etiam
1297 611 1340 672 illi
1366 631 1443 673 auno

89 695 166 761 1601
194 700 328 779 pessima
351 701 497 761 revolutio
522 701 690 773 illucescet,
718 709 862 778 quaeant
877 722 923 763 me
940 710 993 763 ant
1007 703 1104 781 ipsum
1120 702 1209 763 tollet
1233 700 1444 780 (significando

84 789 290 859 naturaliter).
337 787 386 849 Ex
409 788 515 867 quibus
538 789 633 862 rides,
658 808 706 850 me
730 789 803 850 nihil
827 789 952 868 rejicere
977 810 1015 852 ex
1039 791 1223 869 astrologia,
1252 797 1375 869 praeter
1397 787 1445 850 in-

83 876 170 938 utilia
193 876 334 938 domuum
355 878 551 939 numeralium
573 878 785 951 instrumenta,
811 887 843 939 et
866 879 949 940 illam
974 888 1166 958 arrogantem
1189 877 1445 959 praesumtionem

84 967 119 1026 de
144 965 271 1044 speciali
295 966 515 1045 praedictione,
550 967 635 1046 qnasi
660 984 749 1045 quem
772 986 949 1047 suspensum
974 969 1007 1029 iri
1033 969 1182 1041 dicamus,
1215 967 1242 1028 ei
1266 986 1325 1028 non
1350 984 1445 1047 aeque

86 1055 204 1116 coelum
228 1056 363 1134 generali
387 1056 441 1116 sub
460 1056 616 1134 complexu
641 1074 784 1133 aquarum
807 1057 941 1136 pericula
966 1058 1109 1119 denotare
1134 1056 1248 1137 possit:
1283 1055 1446 1135 autquasi

84 1143 294 1219 erraverimus,
315 1153 443 1205 mortem
459 1145 548 1205 alicui
572 1143 794 1222 praedicentes,
821 1146 869 1225 qni
893 1165 928 1206 eo
943 1156 1077 1226 tempore
1096 1146 1265 1225 periculoso
1290 1163 1328 1205 ex
1342 1143 1445 1206 morbo

84 1232 135 1293 rix
159 1231 268 1294 evasit.
316 1233 413 1295 Vides
444 1234 521 1295 haec
553 1253 609 1294 non
642 1233 681 1293 ad
709 1241 908 1308 contemtum,
944 1237 997 1296 sed
1027 1238 1169 1297 honorem
1201 1233 1297 1295 nostri
1330 1231 1444 1294 ordinis

82 1322 244 1401 pertinere.

171 1412 271 1471 Meam
296 1409 515 1470 dedicationem
541 1410 729 1482 (Prodromi)
754 1411 832 1490 quod
857 1412 977 1485 attinet,
1003 1411 1104 1472 nescio
1129 1430 1186 1490 quo
1209 1419 1300 1490 pacto
1325 1409 1386 1481 fiat,
1411 1416 1446 1471 11

85 1519 150 1560 cum
175 1500 404 1578 praecipuorum
428 1517 583 1577 procerum
612 1498 731 1577 optimis
766 1509 834 1560 utar
857 1501 1078 1576 voluntatibus,
1108 1509 1209 1562 tamen
1240 1500 1288 1560 his
1316 1496 1446 1559 comitiis

85 1607 142 1649 non
167 1589 316 1665 potuerim
341 1586 473 1648 libellum
497 1588 614 1648 offerre.
661 1587 750 1648 Multi
783 1607 829 1648 me
854 1589 1056 1668 negligentiae
1082 1597 1236 1651 accusant.
1283 1586 1349 1666 Ego
1373 1603 1445 1647 vero

85 1694 279 1757 quaecunque
304 1676 476 1737 necessaria
500 1676 627 1749 luerunt,
653 1677 683 1736 in
707 1685 815 1756 parato
844 1672 1016 1750 habueram,
1042 1698 1105 1739 rem
1130 1685 1226 1739 totam
1245 1674 1444 1749 Marescalco,

84 1765 218 1827 Honorio
241 1786 262 1826 a
284 1764 402 1827 Sauran
426 1764 644 1838 commiseram,
669 1766 718 1845 qui
742 1785 826 1825 snam
849 1767 929 1827 ultro
954 1766 1025 1827 mihi
1049 1767 1159 1828 detulit
1173 1784 1295 1846 opernm
1323 1763 1352 1825 in
1369 1781 1442 1843 pro-

84 1855 223 1934 ponendo
247 1855 369 1934 negotio
402 1854 466 1915 siue
490 1854 592 1916 libello
617 1854 761 1933 supplice.
810 1852 1016 1916 Intermissum
1042 1864 1099 1918 est.
1146 1855 1214 1934 Ego
1239 1853 1381 1914 dimissus
1404 1851 1443 1913 ab

83 1943 143 2019 illo,
169 1959 236 2005 cum
260 1943 317 2004 hac
340 1962 431 2003 voce:
457 1941 545 2013 Quod
571 1942 715 2017 differtur,
741 1961 799 2004 non
826 1944 970 2006 aufertur.
1018 1945 1145 2007 Scilicet
1167 1965 1226 2004 non
1242 1950 1309 2004 erat
1324 1943 1443 2004 faustus

84 2032 232 2094 transitus
257 2031 298 2104 (si
312 2032 463 2093 naturalia
479 2034 675 2111 spectemus),
701 2040 734 2092 et
756 2034 975 2112 expectandum
1001 2034 1079 2095 forte
1102 2034 1175 2094 mibi
1198 2051 1291 2111 usque
1314 2032 1344 2092 in
1361 2031 1444 2092 sutu-

84 2140 145 2183 mm
171 2121 288 2199 Majum
311 2120 361 2182 vel
383 2120 513 2192 Junium,
539 2140 605 2180 cnm
627 2120 658 2194 ll
681 2121 792 2182 transit
814 2141 868 2201 per
887 2123 959 2184 Asc.
993 2122 1119 2184 Interim
1142 2130 1241 2183 tamen
1267 2129 1374 2198 urgent
1397 2137 1444 2181 me

85 2210 264 2272 creditores!
310 2209 377 2270 Huc
409 2209 528 2270 accedit
558 2209 708 2286 privatum
735 2229 833 2272 meum
861 2231 928 2272 cum
956 2212 1075 2290 publico
1100 2212 1292 2290 conjunctum
1315 2208 1445 2270 infortu-

85 2299 180 2372 nium,
211 2298 289 2377 qnod
322 2299 406 2359 Deus
436 2298 509 2377 Opt.
535 2298 619 2358 Max.
650 2299 778 2360 omnium
809 2319 938 2361 meorum
969 2302 1117 2362 santorum
1142 2299 1349 2361 charissimum
1372 2297 1446 2359 mibi

84 2406 119 2450 ex
143 2387 202 2448 hac
226 2386 291 2448 vita
314 2388 432 2467 eripuit,
458 2388 496 2448 D.
522 2387 560 2447 D.
585 2386 779 2449 Wilhelruum
795 2390 1075 2463 Zimmermannum,
1101 2391 1186 2468 cnjus
1209 2385 1445 2448 moderationem

84 2483 114 2537 et
136 2477 300 2537 candorem
324 2484 414 2556 atque
438 2475 654 2536 dexteritatem
678 2477 808 2537 ecclesia
822 2487 927 2539 nostra
942 2479 1108 2540 diutissime
1124 2475 1319 2539 desiderabit.
1353 2475 1440 2536 Mor·
1497 2539 1502 2546 ,

85 2574 153 2626 tuus
179 2573 229 2626 est
250 2583 338 2626 mane
366 2564 393 2626 1.
419 2564 522 2625 Martii
548 2562 594 2624 St.
621 2565 694 2626 Vct.
720 2584 786 2626 cum
809 2585 863 2646 per
886 2563 1108 2648 ilseptimanas
1132 2586 1170 2628 ex
1192 2563 1365 2643 haemoptoi
1388 2563 1445 2626 da·
1552 2636 1554 2640 ἱ

85 2652 248 2715 cubuisset.
296 2652 429 2732 Cumque
454 2653 534 2714 circa
557 2672 610 2713 eos
634 2653 700 2714 dies
724 2655 817 2716 validi
841 2658 1006 2734 perflarent
1029 2656 1121 2731 venti,
1146 2663 1271 2733 etpost
1294 2654 1360 2732 ejus
1385 2652 1443 2715 diei

85 2741 239 2803 meridiem
263 2742 454 2804 vehementer
478 2742 750 2803 tumultuarentur:
777 2744 917 2806 dixerunt
940 2746 1118 2819 adversarii,
1144 2745 1274 2806 animam
1299 2741 1445 2803 haeretici

83 2848 136 2909 per
160 2837 263 2892 aerem
287 2830 479 2892 circumferri.
528 2830 580 2891 llle
605 2849 676 2891 vero
700 2831 875 2894 beatissime
901 2843 932 2895 et
955 2834 1160 2912 placidissime
1184 2831 1332 2893 occubuit.

157 3031 316 3096 Astrologics
333 3031 397 3082 haec
416 3032 519 3096 Kepleri
541 3032 650 3095 judicia,
679 3036 748 3097 quasi
773 3035 805 3083 ad
829 3034 992 3084 exercendum
1016 3049 1043 3084 se
1068 3037 1093 3084 in
1115 3049 1142 3084 rs
1166 3033 1294 3097 incognita
1311 3030 1445 3082 Masstllno

84 3104 217 3171 proposita,
237 3104 301 3151 tristi
318 3104 479 3167 comprobata
497 3112 556 3153 sunt
573 3112 672 3154 eventu.
709 3105 757 3154 Die
773 3108 827 3168 jam
845 3103 879 3154 60
897 3111 953 3169 post
971 3106 1036 3154 diem
1055 3107 1166 3156 nativum
1183 3106 1244 3154 obiit
1262 3102 1365 3166 Keplerl
1381 3103 1446 3153 tilius

85 3174 217 3231 ilenricns,
237 3173 302 3238 qnod
320 3172 357 3235 (d.
378 3172 419 3224 11.
438 3175 498 3224 Jnn.
520 3172 599 3235 ¹598)
618 3176 655 3224 hia
674 3175 807 3226 Maestlino
825 3178 940 3226 nunciat:

173 3271 220 3331 De
235 3279 331 3331 morte
352 3272 435 3331 lilioli
459 3273 502 3333 tui
518 3281 605 3333 tanto
629 3272 683 3334 tibi
699 3273 905 3335 vehementius
924 3273 1078 3347 condoleo,
1103 3274 1191 3353 quod,
1217 3279 1346 3352 quantus
1361 3269 1446 3331 dolor

86 3368 153 3421 tuus
179 3359 286 3433 fuerit,
312 3379 349 3420 ex
374 3379 439 3420 meo
464 3361 559 3440 ipsius
583 3362 787 3439 conjecturam
812 3363 905 3437 facio,
930 3362 976 3423 cui
1001 3361 1104 3422 itidem
1128 3362 1211 3424 Deus
1235 3361 1273 3424 O.
1297 3361 1341 3422 Μ.
1365 3359 1445 3420 filio·
1500 3375 1505 3386 ·

86 3448 145 3509 lum
169 3447 333 3509 Heuricnm
356 3467 391 3508 eo
417 3450 482 3527 ipso
508 3459 640 3528 tempore
665 3470 702 3510 ex
726 3450 783 3511 hac
808 3453 872 3512 vita
896 3452 1053 3525 evocavit,
1079 3471 1136 3531 qno
1160 3450 1218 3530 ipsi
1242 3469 1289 3510 me
1313 3456 1444 3511 metuere

85 3537 139 3599 tibi
163 3536 282 3615 scripsi.
328 3537 409 3597 Nam
433 3538 480 3598 die
510 3540 536 3597 l.
562 3538 677 3617 Aprilis
701 3550 859 3617 aegrotare
883 3540 992 3619 coepit,
1018 3540 1066 3600 die
1091 3537 1121 3601 3.
1147 3540 1280 3619 ejusdem
1303 3538 1378 3599 hora
1405 3533 1444 3597 12

87 3624 254 3686 meridiana
280 3634 414 3685 mortuus
445 3634 506 3700 est,
541 3626 605 3686 dies
634 3637 723 3689 natus
752 3631 914 3708 sexaginta
943 3629 1066 3690 dimidio
1096 3629 1201 3690 minus.
1247 3627 1296 3687 Ex
1327 3626 1443 3705 pallore

86 3713 243 3775 cadaveris
267 3713 297 3773 in
322 3713 466 3775 lateribus
490 3715 689 3793 collegerunt,
726 3726 915 3795 apostemate
939 3717 1049 3795 capitis
1075 3718 1239 3777 extinctum
1264 3734 1342 3775 esse.
1381 3713 1446 3774 De·

86 3801 229 3864 siderium
259 3803 324 3879 ejus
353 3803 437 3863 uxori
467 3822 552 3863 meae
581 3805 663 3865 nulla
693 3805 757 3865 dies
782 3806 888 3879 leniet3
923 3806 995 3866 milri
1020 3806 1092 3866 illud
1116 3804 1198 3867 cordi
1223 3814 1287 3864 est:
1313 3802 1447 3863 Vanitas

88 3890 285 3958 vanitatum,
319 3899 351 3951 et
379 3887 479 3951 omnia
508 3892 649 3952 Vanitas.
697 3895 790 3954 Faxit
812 3894 908 3968 Dens,
942 3903 975 3954 ut
999 3894 1117 3954 faustae
1152 3902 1220 3954 tuae
1254 3891 1445 3972 precationes

87 3979 153 4041 aliis
178 3979 207 4039 in
232 3978 322 4039 rebus
346 3979 421 4040 meis
445 3989 529 4041 ratae
554 3981 626 4041 sint.

175 4067 408 4128 Zimmermanui
425 4076 553 4129 mortem
576 4078 739 4149 sequnntur
762 4071 862 4132 tristia
881 4081 1027 4149 tempora.
1076 4067 1337 4130 Ferdiuaudus
1360 4068 1445 4147 prin·

87 4174 157 4234 ceps
181 4156 211 4217 in
226 4155 347 4217 Italiam
372 4157 460 4230 abiit;
485 4159 643 4220 Ferrariae
668 4159 766 4238 ipsum
780 4160 900 4239 Jupiter
914 4159 1069 4220 Romanus
1094 4176 1199 4218 mensa
1222 4158 1365 4237 diguatus
1388 4165 1445 4219 est.

88 4245 118 4305 ln
141 4243 276 4306 transitu
300 4245 442 4306 torrentis
467 4247 595 4324 alicujus
618 4266 724 4326 parum
749 4248 853 4323 abfuit,
880 4247 948 4327 quin
974 4248 1114 4328 princeps
1137 4247 1343 4308 suffocaretur.
1378 4246 1445 4306 Vo-

87 4341 146 4395 tum
161 4331 281 4394 Mariae
298 4332 490 4395 Lauretanae
515 4337 690 4415 concepisse
715 4337 831 4410 dicitur,
856 4336 1021 4415 statimqne
1046 4336 1074 4396 in
1100 4336 1179 4397 vado
1203 4336 1338 4397 stetisse.
1380 4334 1446 4396 Nec
1557 4371 1563 4375 -

88 4421 183 4484 minus
206 4421 237 4482 in
260 4421 336 4482 mari
351 4423 471 4484 Veneto
494 4424 683 4502 periclitatus
708 4432 765 4486 est.
813 4424 969 4486 Ferrariae
994 4424 1171 4486 adventanti
1185 4424 1255 4485 Jovi
1279 4431 1311 4484 et
1330 4421 1447 4502 nomine
1619 4433 1627 4440 ·

89 4511 150 4589 ejus
184 4509 288 4571 clienti
321 4512 499 4589 spectacula
530 4512 664 4574 exhibita
691 4513 788 4592 ignita
816 4513 871 4573 snb
899 4531 1075 4591 vesperam:
1110 4512 1161 4573 ubi
1190 4512 1295 4572 domus
1326 4512 1448 4571 damma

88 4617 121 4658 ex
145 4597 208 4676 igni
231 4597 355 4660 volante
379 4609 538 4679 concepta,
571 4620 636 4663 cum
660 4621 717 4680 pro
739 4602 851 4662 ludicro
875 4609 1064 4680 spectaretur
1093 4601 1260 4661 incendium
1292 4607 1324 4660 et
1347 4596 1445 4677 negli·
1529 4646 1531 4650 .

88 4695 221 4766 geretur,
245 4688 444 4768 conflagravit
467 4695 543 4764 tota,
568 4698 600 4750 et
623 4691 718 4770 (quod
741 4688 834 4752 semel
857 4697 974 4751 tautum
988 4690 1133 4762 auditum,
1157 4689 1195 4750 ab
1210 4685 1328 4748 homine
1344 4694 1445 4747 tamen
