3366 5482
762 235 932 299 00000000
1482 237 1529 309 00.

187 440 191 451 ,
224 389 455 456 Messalinus:⁴
463 390 507 456 Dp
520 390 705 460 Wfllffiss‘t
718 395 827 458 negotio⁸
839 395 909 455 rideo
929 396 1017 456 omnia,
1032 396 1162 459 quiescere
1178 402 1206 445 et
1222 395 1301 449 sitem
1329 396 1527 462 &mussare

160 460 263 534 multum
282 464 380 529 negotii
399 463 503 541 lqcessit
519 462 637 525 machina
654 462 800 535 hydrgulieq
819 464 961 517 artificiosa.
990 464 1038 525 Ubi
1056 466 1089 515 sit
1106 465 1193 531 globus
1212 473 1345 539 argenteus
1364 469 1458 534 ignoro,
1476 469 1527 540 iqr·

160 538 204 581 ran
221 547 267 596 per
283 531 372 582 literas
391 533 483 583 frustra
500 547 610 597 quaero,
630 530 829 585 nisi'oecassione
848 535 934 585 oblata
951 537 998 600 ‘ego
1016 534 1068 600 ipse
1089 531 1259 603 Stutgardiam
1278 539 1379 588 veniens
1397 539 1526 603 inquiram.

161 598 294 666 ssd-apud
312 602 524 667 Kretzmayerum
542 603 611 653 illuni
629 604 733 654 inveniri
752 605 840 662 eredas
866 605 897 655 de
920 604 969 655 alio
989 608 1054 655 enim
1073 600 1193 671 argent'o,
1218 614 1318 671 praeter
1335 608 1401 660 hunc
1419 609 1527 675 globum,

159 672 218 735 ἢ,
234 673 297 724 rmhi
314 677 437 737 ianam
468 675 674 739 Ducrlptionem
687 676 795 727 latinam
812 690 864 726 uns
883 690 940 726 euru
957 678 1043 726 rotulis
1061 678 1125 727 sient
1140 679 1206 741 petis
1224 680 1331 729 remitto.
1362 679 1421 730 llus
1437 681 1528 738 rotula.

160 758 228 808 quas.
239 752 329 795 conus
348 745 450 796 ductum
468 746 529 812 ligni
547 747 629 795 ineisa
647 747 701 806 luit,
720 749 746 799 iu
765 749 845 805 mrdta
862 748 1006 815 fragments
1022 749 1069 799 luit
1082 749 1220 806 00003013.
1233 765 1295 807 cum
1313 765 1370 801 sam
1386 752 1526 815 primosus

127 829 134 848 ·
161 816 286 881 cepissem.
325 814 381 878 (12.
402 815 445 865 22.
465 820 524 881 apr.
546 815 636 879 1590.)

244 894 436 981 Mechanica,
456 914 583 978 respondit
601 914 725 978 Keplerus
745 913 800 976 (29.
819 921 882 981 sug.
903 913 958 976 99).
980 909 1083 989 accepi
1099 927 1155 968 non
1172 908 1345 988 integriora,
1367 930 1456 990 quarn
1472 931 1526 972 ue-

163 1013 243 1057 cesse
265 1002 326 1075 est
358 994 514 1075 Deglobo
534 1003 565 1056 et
584 996 704 1066 circulis
728 997 844 1077 aliquot
867 997 1022 1076 argenteis
1045 997 1144 1078 planis
1168 1016 1285 1077 quaeso¹
1305 1017 1385 1074 cura,
1412 1000 1439 1063 si
1461 1001 1526 1063 lieri

163 1083 212 1144 abs
236 1092 406 1165 tae-potest,
420 1084 497 1164 citra
520 1083 676 1146 insidiam.
761 1171 764 1179 1

230 1187 280 1238 Die
300 1187 343 1237 15.
365 1185 406 1239 20.
425 1188 484 1238 lan.
506 1185 656 1239 10000330
675 1190 816 1253 praemissis
835 1189 905 1238 addit
923 1188 1089 1239 Maestlinus:

228 1258 270 1308 De
289 1261 452 1308 iustmmento
471 1274 516 1308 suu
534 1275 606 1323 opere
624 1260 802 1309 mathematico
821 1259 869 1308 hue
888 1274 964 1324 usque
983 1259 1043 1309 nihil
1063 1262 1124 1308 certi
1143 1261 1270 1323 comperiri
1288 1264 1372 1324 potui,
1396 1265 1442 1313 uisi
1461 1265 1526 1329 quod

165 1331 284 1380 runlaber
302 1330 344 1380 ille
363 1330 566 1395 Stutgardianus,
585 1332 625 1394 qui
645 1333 670 1379 in
690 1333 833 1381 consistorio
852 1331 935 1380 ducali
954 1345 1104 1380 assessorem
1123 1332 1176 1394 agit
1188 1331 1239 1392 (l),
1259 1347 1336 1396 nuper
1354 1333 1412 1382 mihi
1431 1336 1524 1394 retulit,

164 1401 222 1464 quod
236 1400 340 1451 Carolus
354 1402 479 1450 aurifaber
490 1417 533 1464 pro
553 1416 628 1464 opera
647 1417 693 1451 sua
711 1404 799 1466 ingena
817 1403 922 1465 pretium
940 1402 1087 1465 poposcerit.
1116 1400 1166 1450 Sed
1185 1417 1290 1452 censura
1308 1406 1361 1465 ejus
1379 1406 1525 1469 quibusdam

165 1472 293 1535 03001303,
312 1474 378 1521 inter
395 1486 455 1536 quos
475 1480 501 1520 et
519 1474 580 1535 ipse,
600 1474 640 1536 qui
659 1473 718 1521 mihi
737 1474 828 1533 rotulit,
848 1473 902 1526 tuit,
924 1474 1062 1536 aprincipe
1074 1473 1121 1520 fuit
1133 1475 1273 1529 commissa,
1291 1477 1332 1537 qui
1344 1478 1449 1538 pretium
1464 1478 1525 1527 illud

165 1544 209 1592 lere
229 1543 262 1592 ad
281 1543 409 1592 dimidium
428 1550 611 1593 contraxerunt.

227 1613 291 1664 lude
311 1614 343 1663 sb
360 1614 408 1663 hoc
427 1621 536 1678 tempore
554 1616 588 1664 nil
609 1615 713 1678 amplius
733 1614 828 1663 dehoc
848 1629 920 1677 opere
940 1615 1054 1668 occurrit,
1077 1628 1151 1676 quum
1172 1614 1258 1664 turbae
1277 1622 1329 1664 turn
1348 1618 1463 1680 temporis
1483 1634 1524 1667 es·

164 1691 223 1734 ortae
241 1686 269 1734 in
289 1685 384 1746 Styria,
404 1686 491 1749 quibus
509 1685 633 1749 Keplerus
652 1699 747 1749 quoque
765 1687 875 1750 agitatus
895 1691 933 1732 est
952 1681 1044 1746 (comp.
1064 1698 1088 1746 p.
1110 1681 1152 1732 30.
1172 1683 1203 1733 bl
1219 1683 1294 1750 sqq),
1313 1687 1445 1737 rideantur
1463 1688 1523 1738 effe·

165 1756 233 1816 cisse,
253 1763 283 1805 ut
303 1755 335 1805 de
353 1771 381 1805 re
400 1756 503 1805 ulterius
522 1756 708 1820 persequenda,
727 1771 777 1805 non
797 1756 901 1818 amplius
920 1757 1051 1818 cogitaret.

226 1827 326 1877 Tabula
344 1826 445 1889 adjecta
464 1827 541 1876 solum
560 1836 673 1891 superest
692 1829 818 1890 specimen
838 1827 974 1875 conaminis
991 1825 1122 1886 juvenilis,
1147 1826 1211 1890 quod
1229 1827 1331 1884 literae,
1357 1843 1418 1892 quas
1437 1845 1523 1894 propo·

164 1900 258 1953 300303,
278 1898 388 1962 pluribus
408 1897 525 1948 exhibent
543 1899 700 1963 descriptum.

223 1968 344 2018 Redimus
364 1968 396 2019 ad
415 1984 476 2032 opus
494 1969 597 2033 Kepleri
616 1972 703 2032 ipsum.

225 2056 291 2117 Quid
311 2060 462 2120 spectaverit
481 2059 547 2108 edito
565 2058 612 2108 hoe
631 2073 704 2122 opere
724 2056 865 2120 Keplerus,
892 2056 950 2119 quid
973 2055 1014 2105 alii
1039 2055 1070 2105 de
1089 2071 1118 2105 eo
1134 2057 1315 2118 judicaverint,
1342 2072 1372 2107 ex
1390 2059 1433 2113 iis,
1458 2073 1523 2124 quas

166 2148 334 2208 praemisimus,
354 2147 446 2196 elucet.
485 2151 565 2212 Atque
585 2147 777 2200 adolescentem,
797 2160 890 2194 aunum
909 2153 962 2194 turn
983 2146 1090 2193 maxime
1109 2152 1226 2209 agentem
1245 2147 1390 2196 vicesimum
1409 2149 1523 2210 qulutum

165 2249 203 2284 non
221 2243 416 2285 astronomomm
435 2242 542 2297 tantum,
560 2236 605 2286 sed
624 2238 699 2285 etiam
719 2237 837 2290 virorum,
857 2236 898 2297 qui
918 2234 968 2282 alia
986 2233 1115 2282 doctrinae
1133 2248 1228 2297 genera
1247 2234 1377 2291 colebant,
1397 2236 1480 2285 oeulos
1499 2239 1525 2286 iu

165 2335 184 2371 te
199 2325 347 2374 convertisse
371 2326 424 2388 quis
444 2331 490 2381 est,
510 2326 551 2388 qui
571 2323 692 2374 miretur?
729 2322 844 2386 Denique
864 2337 894 2370 ex
912 2321 960 2370 illis
978 2322 1053 2370 initiis
1072 2322 1181 2385 proiecto
1201 2321 1233 2371 ad
1251 2322 1334 2379 illam,
1358 2337 1408 2387 qua
1426 2325 1461 2373 rir
1478 2325 1522 2374 lio·

166 2414 214 2467 ruit,
235 2412 339 2478 gloriam
358 2422 384 2463 et
403 2415 577 2463 auctoritatem
604 2414 651 2461 iter
675 2427 729 2460 esse
755 2411 909 2474 patefactum
928 2410 1050 2473 Keplerus
1069 2411 1121 2473 ipse
1141 2410 1273 2467 indicarit,
1298 2411 1407 2474 quinon
1426 2418 1524 2462 tantum

165 2502 242 2561 purim
260 2503 286 2551 in
304 2502 372 2551 libn‘a
391 2503 568 2556 astronomicis,
581 2502 630 2566 ,qui
649 2501 808 2549 Prodromnm
821 2500 995 2564 sequebantur,
1014 2499 1079 2547 illius
1092 2501 1242 2550 manderem
1262 2500 1366 2558 laceret,
1385 2501 1428 2549 sed
1447 2503 1523 2551 etiam

167 2600 222 2639 tono
236 2588 277 2639 25.
297 2597 429 2655 postquam
447 2591 551 2654 primum
570 2591 650 2639 editus
670 2598 717 2647 est,
736 2590 802 2639 huuc
820 2591 910 2638 iterum
930 2587 1120 2651 imprimendum
1135 2595 1240 2638 curaret.
1269 2587 1324 2638 Huc
1344 2587 1411 2638 illum
1428 2590 1523 2654 pridem

167 2685 292 2739 03013333,
319 2679 402 2729 elucet
419 2693 449 2727 er
467 2677 519 2737 his,
539 2693 603 2742 quse
625 2680 650 2727 in
673 2679 732 2727 libro
752 2679 782 2727 de
801 2686 870 2726 motu
888 2677 976 2727 stellae
995 2676 1082 2726 Martis
1103 2675 1185 2740 (impr.
1205 2691 1228 2726 a.
1250 2671 1331 2737 1600)
1351 2684 1377 2727 31
1396 2679 1420 2728 10
1441 2678 1522 2738 „Har-

167 2768 250 2816 monia”
271 2774 404 2816 occurrunt
422 2768 517 2816 rerbis:

242 2855 296 2930 ,Si
313 2857 516 2935 supervixero,
542 2857 642 2937 quoad
658 2855 844 2917 astronomia
858 2874 943 2916 suam
962 2855 1124 2935 puritatem
1148 2862 1179 2914 et
1201 2854 1417 2933 perfectionem
1441 2876 1519 2917 nan-

169 2943 293 3019 eiscatur,
320 2953 354 3006 ut
378 2944 406 3005 in
432 2965 533 3018 causa,
561 2965 651 3025 quarn
674 2945 702 3006 in
728 2936 907 3006 illo'libello
932 2944 970 3004 ad
995 2943 1058 3021 ejus
1078 2943 1208 3004 tribunal
1233 2944 1361 3012 devolvi,
1386 2962 1518 3022 pronun·

169 3031 225 3095 cirri
246 3034 357 3113 possit,
381 3035 526 3114 polliceor
551 3035 666 3108 lectori,
692 3053 738 3094 me
763 3033 897 3094 libellum
913 3033 995 3093 illurn
1011 3039 1254 3105 retractatorum,
1280 3040 1311 3092 el
1326 3032 1517 3108 confirmatis,

171 3138 228 3198 quae
251 3142 326 3184 vera
350 3123 547 3201 deprehendi,
572 3123 702 3202 reliqua,
729 3141 805 3202 quae
829 3141 917 3183 secus
940 3121 1067 3192 habeut,
1094 3120 1223 3182 fideliter
1246 3121 1465 3183 detectorum.“

224 3261 253 3312 In
270 3263 331 3312 libro
345 3262 377 3312 IL
391 3278 460 3327 prop.
474 3261 507 3313 25
531 3263 716 3322 ,Harmoniae“
731 3264 816 3327 paucis
830 3277 1024 3313 commemorans
1036 3261 1192 3320 „Prodromi“
1214 3269 1397 3327 argumentum,
1414 3246 1518 3322 „nihiL

173 3330 260 3413 inquit,
285 3335 478 3414 plausibilius
492 3336 586 3398 videri
602 3337 709 3415 potuit,
736 3355 824 3414 quam
840 3355 894 3396 sex
912 3334 1089 3395 coelestium
1109 3335 1224 3396 orbium
1243 3335 1405 3396 intervalla
1430 3336 1518 3414 quin·

174 3439 213 3498 que
236 3442 272 3484 ex
297 3425 426 3504 quinque
458 3425 559 3503 liguris
593 3425 797 3504 (corporibus)
829 3444 896 3485 esse
930 3425 1070 3484 desumta
1103 3444 1122 3484 a
1150 3432 1286 3484 creatore
1433 3424 1519 3486 Haec
1566 3451 1571 3462 ·

174 3509 329 3574 distributio
355 3512 485 3574 numeris
510 3514 659 3592 explorari
683 3520 796 3592 potest,
820 3512 1035 3575 necessitatem
1059 3512 1158 3584 infert,
1184 3529 1340 3591 corporum
1363 3532 1518 3575 numerum

176 3615 217 3660 000
239 3601 388 3682 conquirit
412 3591 510 3675 auxie,
536 3604 587 3664 sed
610 3604 764 3664 inventum
784 3611 926 3681 occupat;
952 3601 1078 3680 denique
1103 3602 1145 3662 sic
1170 3610 1218 3662 est
1241 3601 1397 3676 instructa,
1424 3611 1457 3663 ut
1480 3601 1518 3664 ab

176 3684 207 3748 his
228 3690 312 3752 aunis
337 3688 380 3751 22
405 3709 461 3750 000
488 3700 606 3751 tanturn
631 3692 743 3752 nullum
767 3691 914 3752 iurauerit
943 3700 1199 3769 oppugnatorem,
1234 3691 1288 3751 sed
1317 3691 1409 3751 etiam
1438 3690 1520 3769 ipsos

177 3771 259 3851 Remi,
288 3779 503 3841 inconsiderati
533 3781 671 3859 magistri
697 3790 729 3841 et
750 3779 1039 3857 Euclideomastigis
1070 3780 1233 3857 discipulos
1254 3773 1297 3850 ²⁸)
1326 3779 1519 3858 pertraxerit,

178 3860 301 3948 hodieque
326 3877 391 3929 tarn
415 3869 525 3929 multos
549 3870 721 3948 pertrahat,
747 3876 780 3930 ut
801 3869 863 3948 jam
888 3869 998 3930 dudum
1022 3869 1185 3929 secundam
1209 3867 1371 3928 editionem
1394 3869 1519 3948 flagita·

179 3956 254 4018 verint
277 3957 516 4018 mathematici.“

229 4060 300 4126 liano
319 4063 453 4113 editionem
472 4063 608 4113 secundam
626 4064 678 4126 ipse
692 4061 815 4125 Keplerus
835 4063 930 4111 curarit
949 4076 1015 4110 auno
1036 4059 1113 4115 1021.
1132 4075 1211 4124 eaque
1230 4060 1299 4111 nulla
1315 4067 1386 4124 parte
1406 4062 1488 4113 differt
1505 4078 1523 4113 a

180 4146 249 4207 idom,
274 4153 321 4202 nisi
341 4151 407 4216 quod
426 4152 528 4200 additae
547 4159 604 4200 sunt
622 4151 814 4206 annotationes,
841 4165 896 4199 cunr
922 4151 954 4199 ad
974 4166 1012 4200 res
1036 4149 1187 4199 obscuriores
1210 4149 1385 4210 illustrandas,
1411 4158 1465 4201 tum
1489 4151 1522 4201 ad

182 4245 261 4297 10033,
280 4242 321 4305 qni
336 4242 421 4302 juveni
441 4240 615 4303 obrepserant,
640 4239 800 4303 detegendos.
840 4240 1021 4288 annotationes
1045 4238 1091 4287 has
1110 4238 1212 4302 Kepleri
1231 4239 1400 4302 subjunximus
1419 4241 1521 4306 singulis

181 4315 279 4378 Pithoni
298 4329 422 4392 capitibus
440 4330 552 4393 signatas
570 4330 647 4378 literis
668 4341 698 4388 3,
717 4328 731 4376 0
752 4325 805 4383 aa,
826 4334 922 4376 nostras
941 4343 997 4377 vero
1016 4328 1060 4376 sub
1080 4326 1154 4375 00300
1173 4327 1226 4376 libri
1246 4328 1363 4379 collectas
1383 4330 1520 4379 addidimus

184 4407 268 4473 lilitatae
284 4419 394 4467 numeris
413 4420 544 4467 continuis.

234 4503 284 4564 003
296 4509 393 4556 nunno
406 4507 494 4556 ductm
507 4522 558 4556 rem
572 4508 609 4556 ita
620 4507 753 4555 instituerit
763 4504 886 4568 Keplems
899 4506 951 4568 ipse
964 4505 1018 4564 illis,
1038 4505 1124 4569 quibus
1143 4506 1278 4556 secundam
1297 4505 1431 4556 editimem
1450 4502 1517 4554 dedi·

186 4591 242 4649 eane,
262 4595 468 4652 ,Provincialibos
486 4595 599 4644 Ducatus
619 4594 734 4658 Styriae“
756 4595 848 4643 elarius
867 4593 968 4643 indicat.

234 4682 333 4743 l'ornra,
359 4699 410 4750 qua
427 4684 517 4748 prodiit
535 4684 645 4734 secunda
664 4684 755 4741 editio,
781 4682 863 4732 differt
881 4696 897 4731 3
915 4684 994 4733 forma
1011 4682 1112 4745 prioris;
1139 4681 1200 4731 liber
1222 4682 1249 4730 in
1274 4680 1331 4731 lolio
1349 4691 1453 4729 excusus
1472 4685 1518 4737 est,

188 4764 251 4820 000
261 4774 332 4841 plane
344 4773 516 4842 magnitudine
529 4787 580 4839 qua
593 4771 773 4833 ,Harmonia“‚
793 4785 867 4837 quum
885 4773 949 4839 prior
967 4773 1042 4823 editio
1061 4771 1141 4838 quarti
1160 4769 1264 4821 sormam
1276 4767 1392 4821 exhibeat
1409 4768 1518 4823 minoris.
