3366 5482
788 274 1121 342 mcum

274 448 355 499 sunt
403 435 551 517 Optarem
574 450 674 497 autem
699 439 714 507 ί
715 438 961 516 quemadmodum
987 458 1033 497 me
1056 457 1157 498 coram
1181 440 1296 500 dixisse
1324 439 1496 501 meminisse
1519 428 1635 521 potes),

275 524 475 605 Copernicum
497 526 714 587 dimensionum
737 527 843 587 barum
867 528 1059 588 dindimeuta
1083 547 1142 588 nou
1162 529 1313 608 antiquas,
1337 529 1391 589 sed
1413 548 1511 589 noras
1528 529 1636 591 obser·

274 616 414 675 vationes
438 615 631 692 assumsisse.
679 613 802 675 Grande
827 617 908 676 euim
931 630 962 675 et
987 619 1115 676 immane
1137 619 1324 696 postulatum
1346 618 1422 678 illud
1436 626 1485 678 est
1508 618 1578 690 (lib.
1596 618 1635 680 V.

273 721 340 782 cap.
365 699 435 774 30.)
460 724 526 764 cum
556 703 792 775 concedendum,
816 706 929 783 inquit,
948 720 1104 783 putamus.
1127 708 1433 768 commensuratioues
1457 706 1636 767 circulorum

273 793 423 853 mansisse
452 812 471 851 a
497 792 673 853 Ptolemaeo
696 795 878 853 etiamnunc.
929 794 1009 855 Nam
1046 794 1113 873 ipsa
1145 796 1278 856 Terrena
1305 796 1519 857 ecceutricitas
1546 795 1635 857 dimi·

274 894 349 942 nuta
379 881 457 942 alios
486 901 625 942 numeros
657 881 837 959 postulasti.
884 883 949 943 Nec
983 884 1062 942 euim
1090 903 1193 944 rerum
1222 894 1284 957 est,
1317 884 1397 964 quod
1425 882 1579 946 Rbeticus
1606 883 1637 945 in

274 970 446 1030 narratione
469 970 553 1040 dicit,
576 970 655 1050 quod
678 971 706 1030 iu
730 971 880 1031 Mercurio
905 973 988 1032 nulla
1011 992 1128 1052 quoqne
1150 974 1229 1034 sient
1253 975 1281 1034 in
1304 973 1382 1034 Jore
1406 973 1560 1035 sentiatur
1581 991 1636 1035 oc·

274 1059 474 1119 centricitatis
503 1060 646 1120 mutatio:
680 1078 748 1119 nam
781 1079 840 1120 non
871 1061 1009 1121 similiter
1038 1060 1119 1122 Solis
1147 1064 1276 1141 apogaei
1308 1064 1389 1124 latus
1416 1081 1472 1123 suo
1499 1079 1637 1142 apogaeo

181 1146 188 1155 '
274 1147 400 1208 claudit.
447 1147 513 1208 Huc
536 1149 664 1220 accedit,
690 1149 769 1228 quod
787 1149 992 1210 Ptolemaicae
1016 1151 1244 1211 observationes
1267 1153 1346 1211 satis
1367 1170 1493 1213 crassae
1516 1160 1548 1211 et
1561 1166 1636 1228 par·

276 1236 348 1297 tiles
371 1246 450 1309 sunt,
475 1255 550 1315 quas
573 1238 692 1297 omnino
714 1239 948 1316 praecisionbus
971 1239 1121 1317 corrigere
1141 1241 1311 1319 oportebat
1358 1239 1421 1302 Sed
1444 1240 1483 1300 de
1506 1239 1555 1300 bis
1576 1239 1638 1319 jam

274 1324 388 1386 frustm
411 1328 551 1405 conqueri
576 1327 655 1386 licet„
705 1328 739 1386 lu
762 1338 815 1386 tuo
839 1338 939 1387 autem
963 1329 1134 1407 proposito,
1166 1330 1191 1387 si
1215 1330 1328 1390 numeri
1351 1329 1382 1390 hi
1404 1337 1558 1408 utcunque
1580 1326 1637 1389 tibi

274 1413 487 1492 respondeant,
513 1430 543 1475 te
567 1424 655 1492 putes
670 1415 769 1475 officio
784 1430 836 1476 tno
856 1418 978 1495 egregie
999 1418 1141 1488 tunctum,
1165 1419 1281 1496 tibique
1305 1418 1560 1497 quemadmodum
1573 1414 1637 1480 Co-

273 1502 413 1582 pernicus
443 1503 523 1582 apud
550 1502 711 1567 Rheticum
739 1506 769 1565 in
798 1507 929 1585 epistola
956 1506 1151 1567 vehementer
1178 1506 1355 1585 gratuleris,
1382 1506 1556 1568 certissima
1583 1522 1638 1585 spe

273 1590 379 1661 fretus,
403 1591 578 1670 propediem
602 1594 681 1666 rore,
714 1604 747 1653 ut
770 1595 928 1654 occasione
953 1595 1072 1666 borum,
1105 1614 1182 1674 quae
1206 1606 1278 1656 ate
1303 1595 1544 1676 ingeniosissime
1567 1600 1642 1656 sunt

275 1678 411 1753 inventa,
434 1689 538 1741 cetera
562 1701 693 1762 quoque,
717 1701 794 1762 quae
813 1685 880 1761 jam
903 1684 1001 1742 adbuc
1025 1683 1222 1757 dubitarunt,
1246 1695 1278 1745 et
1301 1694 1542 1746 astronomorum
1565 1701 1640 1746 coo-

271 1776 337 1829 tum
361 1787 420 1829 uon
443 1788 550 1849 parum
573 1781 724 1850 torquent,
749 1772 927 1852 planissima
950 1773 1011 1832 sint
1035 1773 1201 1843 intura“·).

655 1948 697 2008 {N
721 1947 861 2011 cartu
884 1948 1084 2012 Dsscnrnr
1104 1948 1259 2012 NONUM

800 2072 914 2122 sorar
933 2070 1111 2122 sucuoms.

353 2173 385 2235 al
408 2177 601 2231 Retractiones
624 2181 769 2234 stellarum
792 2184 920 2251 appellat
942 2184 1036 2251 Tpcbo
1059 2182 1194 2241 Breucos,
1218 2181 1264 2250 qui
1287 2181 1358 2232 banc
1381 2181 1525 2234 doctrinae
1547 2188 1649 2236 utro-

269 2256 395 2310 nomicae
418 2268 527 2327 partem
551 2260 695 2313 constituit
719 2264 911 2331 excoluitque.
937 2263 986 2314 lib.
1012 2264 1304 2332 Progymnasmatum,
1325 2261 1372 2331 qni
1394 2279 1430 2314 ex
1454 2279 1490 2312 eo
1511 2268 1649 2331 tempore

271 2337 373 2405 prodiit
396 2338 424 2392 in
448 2339 544 2402 lucem,
569 2356 651 2410 quam
665 2341 749 2395 etiam
770 2356 879 2411 partem
901 2343 952 2396 feci
967 2343 1151 2395 astronomiae
1167 2340 1258 2392 Partis
1273 2340 1391 2410 Opticae
1414 2349 1481 2394 ante
1501 2340 1535 2393 15
1550 2354 1649 2395 nuo·

273 2416 376 2480 editae,
401 2419 522 2490 aurique
546 2420 572 2473 in
596 2421 672 2490 Epit.
696 2426 772 2475 Astr.
797 2424 844 2476 lib.
869 2424 891 2476 1.

353 2493 385 2563 b)
411 2500 454 2553 lta
475 2501 608 2553 creditum
631 2511 673 2553 est
698 2503 839 2572 bucusque
863 2506 896 2555 de
919 2501 1070 2559 Mercurim
1095 2519 1144 2553 uec
1165 2517 1247 2570 nego.
1271 2515 1401 2568 magnam
1423 2517 1487 2552 esse
1510 2515 1648 2554 verorum

272 2577 357 2632 etiam
373 2578 434 2647 ejus
449 2590 572 2633 motuum
586 2581 783 2645 diversitatem,
806 2585 855 2635 sed
869 2600 940 2652 quae
960 2582 1125 2650 quantitatis
1146 2590 1190 2632 est
1213 2597 1267 2632 non
1290 2581 1394 2633 formae
1417 2596 1468 2633 seu
1489 2580 1648 2650 principio·

271 2675 340 2720 rum,
364 2668 396 2711 ut
420 2660 554 2712 hactenus
578 2662 757 2723 docebamur;
781 2664 824 2716 his
848 2663 919 2716 enirn
942 2661 1083 2731 principiis
1107 2660 1154 2713 ille
1176 2661 1244 2713 nihil
1266 2660 1356 2712 differt
1377 2675 1396 2712 a
1418 2661 1530 2714 ceteris.

356 2736 382 2802 c)
406 2740 550 2809 Sequebar
564 2741 590 2793 id
605 2743 736 2811 temporis
751 2760 918 2796 communem
933 2743 1098 2812 opinionem,
1123 2740 1287 2793 Mercurium
1301 2747 1398 2792 ventos
1422 2739 1451 2792 in
1465 2740 1562 2810 specis
1576 2757 1646 2795 oon·

273 2817 361 2872 citare
375 2836 443 2889 prae
458 2820 557 2873 ceteris
571 2822 702 2889 planetis.
740 2828 779 2875 At
800 2841 842 2875 me
865 2824 1012 2875 multorum
1035 2838 1167 2873 annorum
1190 2821 1281 2872 docuit
1295 2820 1481 2888 experientis,
1506 2838 1563 2874 uon
1576 2836 1645 2875 aare

270 2896 433 2953 distn’butas
449 2901 631 2954 mutationum
646 2919 733 2955 aurae
747 2904 849 2956 formas
864 2905 937 2956 inter
950 2904 1095 2971 planetas;
1120 2903 1168 2952 sed
1183 2900 1355 2970 generaliter
1377 2899 1489 2953 incitari
1508 2909 1643 2955 natum

268 2979 447 3034 sublunarem
463 2982 499 3033 ab
514 2982 673 3050 aspectibus
698 2982 823 3036 binorum
837 2985 882 3036 rel
905 3000 923 3035 a
937 2981 1105 3035 stationibus
1126 2981 1310 3050 singulorum:
1333 2987 1365 3032 ut
1389 2979 1430 3032 ita
1448 2981 1573 3035 exsudat
1591 2997 1642 3035 ra·

268 3076 351 3129 porea
374 3067 425 3114 aut
449 3060 536 3114 tomos
561 3080 597 3114 ex
619 3063 757 3115 montibus
781 3072 810 3115 et
834 3063 948 3116 officinis
973 3061 1169 3122 subterraneis,
1194 3061 1240 3130 qui
1261 3076 1381 3128 vapores
1403 3072 1434 3111 et
1457 3059 1525 3113 fumi
1549 3062 1597 3114 rel
1610 3060 1641 3115 iu

268 3139 390 3212 pluvias,
414 3142 459 3193 rel
483 3141 510 3193 in
530 3141 616 3203 nives,
641 3142 686 3195 vel
710 3143 864 3205 chasmata,
889 3145 933 3196 rel
948 3143 1071 3202 fulmina,
1096 3142 1141 3194 rel
1155 3140 1315 3211 grandines,
1334 3140 1380 3191 rel
1394 3147 1493 3193 ventos
1514 3142 1639 3212 degene-

268 3227 339 3283 rent,
354 3236 405 3291 pro
420 3221 632 3275 circumstantiis
657 3223 778 3276 locorum
801 3232 829 3276 et
845 3232 1006 3292 temporum.
1042 3222 1126 3274 Venti
1149 3230 1224 3273 certe
1252 3219 1346 3290 magni
1370 3219 1415 3272 rel
1430 3236 1574 3291 nunquam
1592 3220 1639 3275 rel

268 3300 408 3355 rarissime
432 3306 497 3354 sunt
520 3301 585 3354 suli:
609 3303 705 3370 pluria
729 3304 814 3356 omnis
841 3316 907 3357 ante
930 3322 960 3355 se
976 3311 1072 3355 ventos
1096 3301 1166 3372 agit,
1191 3318 1251 3353 cum
1271 3300 1385 3369 primum
1399 3298 1508 3370 ingruit
1530 3300 1639 3371 impetu

272 3387 353 3443 acta3
367 3390 473 3434 etcum
489 3381 635 3449 plurimum
650 3383 845 3437 subintrent.
860 3384 886 3436 id
902 3383 1028 3436 indicium
1043 3390 1086 3435 est
1100 3381 1229 3434 humidae
1243 3379 1449 3432 constitutionis
1463 3381 1540 3434 anni.
1579 3384 1640 3436 Aut

269 3460 342 3513 anim
356 3459 383 3514 in
397 3462 536 3514 montanis
550 3462 631 3532 pluit,
657 3464 728 3515 unde
742 3464 817 3516 renti
841 3465 957 3533 spirant,
982 3470 1030 3516 aut
1055 3462 1102 3514 nix
1126 3462 1163 3515 ibi
1187 3461 1311 3517 solvitur.
1336 3466 1386 3513 aut
1399 3475 1490 3529 rapot·
1508 3461 1639 3516 umidus

268 3540 374 3609 impetu
388 3557 496 3594 sursum
509 3541 585 3595 latus
600 3542 668 3595 alibi
683 3543 710 3595 in
724 3550 822 3613 guttas
838 3547 956 3614 cogitur.
981 3543 1049 3595 alibi
1064 3548 1196 3595 aestuans
1220 3541 1247 3592 in
1262 3556 1410 3608 supernum
1424 3540 1515 3611 frigus
1537 3542 1638 3612 impin·

269 3619 348 3692 gitur
369 3620 530 3690 resilitque3
554 3638 626 3692 quae
648 3623 755 3692 quidem
778 3624 864 3677 etiam
887 3624 957 3677 lenis
979 3639 1065 3676 aurae
1088 3622 1201 3692 genesis
1223 3630 1276 3680 est,
1300 3635 1360 3673 cum
1379 3620 1482 3679 ebullit
1495 3634 1640 3691 rapurex

269 3700 363 3769 aliquo
374 3709 475 3763 moute,
491 3703 731 3772 repercutit-mque
745 3711 775 3756 et
788 3705 883 3758 defluit
904 3704 931 3756 in
947 3720 1040 3756 omues
1058 3702 1230 3754 circumcirca
1255 3700 1366 3771 plagas.
1407 3701 1461 3753 Est
1483 3700 1531 3754 ubi
1547 3700 1639 3755 omnis
1676 3744 1679 3749 .

270 3786 322 3834 adr
334 3797 386 3850 per
399 3788 475 3834 totas
490 3782 663 3835 continentes
681 3792 816 3838 extensus
839 3783 975 3853 principio
993 3789 1083 3836 motus
1097 3783 1164 3834 dato
1188 3782 1215 3834 in
1234 3780 1371 3833 montanis
1385 3780 1505 3833 omnium
1527 3780 1641 3835 altissi-

269 3861 319 3915 mis
334 3862 362 3915 in
376 3862 452 3914 lluxn
467 3862 653 3915 constituitur.
695 3865 740 3917 lta
754 3865 840 3916 omnis
854 3871 953 3916 ventus
975 3864 1011 3917 ab
1025 3862 1150 3914 omnibus
1170 3861 1324 3930 promiscue
1345 3860 1438 3913 causis
1452 3861 1499 3913 rel
1519 3859 1643 3915 inresti-

268 3940 429 4011 gatiunibus
457 3949 577 3995 naturae
604 3943 736 3997 concitari
764 3951 869 4012 potest;
900 3961 951 3996 nec
977 3943 1066 3996 solum
1095 3941 1220 3994 incusare
1245 3938 1338 4009 potest
1362 3940 1526 3994 Mercurium
1557 3948 1646 3995 ortu·

269 4030 422 4074 ventorum.

351 4103 379 4164 dt
403 4101 495 4170 Supra
513 4102 623 4163 dictum,
648 4103 673 4155 id
689 4120 743 4156 nou
757 4119 818 4155 esse
839 4102 993 4172 probabile,
1019 4119 1068 4154 nec
1092 4109 1149 4154 tam
1163 4105 1308 4154 accuratas
1323 4106 1448 4153 ueterum
1461 4098 1656 4154 observatiu-v

271 4196 320 4235 nes
335 4182 370 4232 ad
385 4181 436 4233 boc
461 4183 632 4250 probandum
646 4183 804 4253 requisitas,
828 4193 859 4235 ut
878 4181 1075 4235 demonstratio
1093 4182 1230 4234 efficiatur
1244 4179 1409 4233 necessaria.
1454 4181 1553 4250 ltaque
1578 4195 1662 4234 ω’

272 4258 380 4329 plector
393 4260 506 4314 axioma
521 4262 663 4331 Cupernici
679 4263 723 4316 hic
736 4262 864 4331 positum,
892 4263 1110 4322 ,concedendum
1124 4278 1161 4314 sc.
1177 4260 1456 4314 commensurationes
1471 4259 1668 4315 circulorum

271 4337 433 4393 rrtonsissc.u
461 4340 490 4393 Id
513 4341 585 4394 enim
609 4345 709 4396 suadet
730 4342 799 4395 coeli
824 4334 926 4396 natur‘a
947 4349 974 4394 et
999 4341 1120 4395 inductio
1143 4358 1161 4393 a
1184 4339 1307 4409 planetis
1331 4341 1441 4393 ceteris.

350 4412 380 4485 c)
403 4419 447 4472 lta
461 4426 526 4473 tunc
547 4421 595 4474 illc
609 4423 721 4476 solebat
735 4422 786 4475 bas
801 4423 880 4476 dictis
896 4422 1017 4475 animare
1033 4438 1137 4490 speque
1151 4436 1241 4482 curas,
1264 4419 1309 4489 qui
1320 4421 1383 4483 etsi,
1405 4422 1498 4490 quoad
1511 4427 1641 4490 templu
1653 4442 1673 4465 ο

269 4514 320 4569 spe
343 4498 456 4562 excidit,
480 4517 531 4553 nec
544 4502 616 4555 enirn
640 4503 832 4572 „propediem“
849 4510 902 4564 est,
927 4504 997 4571 quod
1012 4501 1111 4573 viginti
1126 4507 1245 4570 quatuor
1265 4500 1344 4553 annis
1358 4501 1498 4571 aequitum
1521 4496 1679 4555 tande&

270 4586 364 4633 umen
385 4578 444 4648 spei
466 4596 534 4633 suae
555 4599 665 4652 compos
686 4589 729 4636 est
751 4583 842 4636 lactum
864 4600 913 4651 per
934 4598 1022 4634 meum
1044 4598 1112 4649 opus
1135 4581 1336 4634 Harmonicum.
