3366 5482
158 186 206 255 *η
758 187 923 239 ἡ*

159 347 454 415 mnes-'s
501 343 1065 426 mnne-pucriles,
1093 341 1527 426 sismusinum·

159 438 287 510 aban,
310 437 451 497 motione
473 454 541 496 cnm
564 434 707 515 'sycarus
730 436 819 515 inque
841 435 980 495 convictu
1003 435 1068 512 ejus
1090 434 1163 494 riri.

248 524 767 587 monumemtum
796 522 1074 601 (deprirnaeoim
1101 521 1525 593 nananonentisonrrat)

158 612 464 695 perminimis
497 611 607 671 adme
638 612 760 690 scriptia
786 612 894 672 literis
940 609 1076 671 Sedeas
1102 609 1346 688 egoliterasd
1376 608 1523 672 l0.Jnn.

161 700 445 765 denuntiem
467 700 497 760 in
525 700 624 760 radim
658 700 772 778 accepi
822 697 876 760 Sic
902 718 973 778 ergo
1005 718 1063 758 non
1090 712 1209 759 uatum
1239 708 1348 776 gratus
1381 698 1438 759 sed
1468 717 1526 759 ex-

159 798 303 872 pectatos
332 789 426 850 etiam
458 787 812 850 luitadreutusmeus.
857 785 1524 866 Quaeriderim,quaedidicerim,nimis

156 877 687 959 jnloagumeaaetrecensere.
746 873 904 937 Summam
938 874 1527 953 narrationisipsemilridel'measti

159 964 792 1036 rairoimisrerbiunonmetumesse,
826 976 859 1025 nt
891 963 1280 1043 mepoeniteatitiueris
1320 964 1526 1026 Nametde

161 1052 1525 1124 ubamamnncwwmessenihivoluicnrniuiuen,etuerisuno

160 1141 202 1205 ad
223 1140 353 1204 reditum
376 1142 549 1204 mario
571 1141 724 1202 Viennam
746 1161 840 1219 usqne
862 1142 1028 1221 prospexit
1078 1140 1203 1202 Sumn
1229 1159 1302 1201 sero
1328 1143 1527 1203 tractationis

160 1240 285 1294 mac
308 1229 368 1292 luit
387 1228 474 1301 baec,
496 1240 532 1291 nt
551 1242 729 1308 procuraret
751 1229 824 1291 mibi
847 1231 949 1311 Tycbo
973 1231 1078 1291 literas
1101 1228 1257 1302 Caesaris,
1280 1230 1389 1308 quibus
1412 1238 1446 1291 et
1467 1228 1525 1292 r'o·

160 1336 247 1383 m
268 1318 300 1380 iri
323 1317 474 1380 biennium
497 1318 527 1378 in
549 1317 744 1391 Bobemiam‚
770 1318 957 1379 maturandis
971 1318 1123 1399 Tycbonis
1146 1317 1341 1391 editionibus,
1360 1326 1393 1379 et
1411 1318 1526 1381 nibilo-

160 1406 260 1470 urinas
288 1406 433 1469 ιιΙηὶιω
462 1425 561 1469 meum
588 1406 618 1467 in
646 1404 752 1488 Styria
778 1407 913 1468 obtinere
941 1426 1082 1486 possem:
1113 1405 1324 1486 suppeditaret
1350 1416 1384 1468 et
1407 1416 1527 1470 sumtm

160 1494 263 1558 itineri
284 1495 474 1558 msan’ns
496 1494 536 1557 ad
559 1495 704 1558 familiam
731 1495 995 1556 transferendam:
1024 1496 1132 1575 qubus
1155 1515 1176 1555 a
1205 1514 1253 1555 me
1280 1496 1448 1576 propositis
1476 1497 1527 1557 ia·

163 1601 254 1664 uper
275 1583 390 1663 adjecit
415 1594 589 1647 curaturum
614 1604 664 1658 se,
687 1594 722 1646 nt
744 1583 898 1645 minimum
924 1581 988 1646 100
1009 1584 1132 1664 insuper
1154 1583 1290 1645 thaleros
1318 1585 1349 1644 in
1376 1584 1529 1646 Boltemia

162 1691 327 1825 Ἤ
358 1751 463 1824 natio
499 1770 590 1842 pacto
623 1780 682 1822 non
706 1760 812 1822 dubito
843 1761 914 1840 qnin
943 1761 1060 1822 lareas.
1106 1759 1222 1821 i'erum
1250 1779 1320 1822 eoee
1343 1763 1401 1824 tibi
1425 1763 1526 1843 imps-

162 1849 329 1914 dimentum
351 1859 385 1912 et
407 1849 515 1911 laciem
538 1868 637 1912 rerum
669 1869 803 1911 mearum
831 1852 921 1928 plane
948 1849 1142 1911 contrariam.
1186 1848 1286 1909 Domo
1313 1849 1427 1912 diocesi
1458 1870 1527 1914 coar

160 1938 250 2002 rmia
270 1939 470 2020 magistratus
492 1939 572 2013 mei;
595 1939 723 2001 reditum
747 1956 845 2000 meum
862 1938 913 1998 nbi
932 1939 994 2000 illis
1008 1936 1185 2013 significavi,
1202 1937 1389 2015 diligentiam
1404 1941 1526 2021 quidem

161 2026 390 2099 collaudarent,
415 2035 548 2088 ceterum
571 2028 754 2088 verbotenus
777 2035 957 2097 suaserunt,
990 2046 1022 2087 re
1049 2027 1117 2106 ipsa
1140 2025 1196 2086 sub
1219 2026 1404 2090 dimissionis
1428 2030 1526 2092 inter-

162 2115 327 2177 minatione
349 2115 551 2193 imperarunt,
586 2123 622 2175 nt
644 2113 779 2193 reposita
806 2115 836 2174 in
858 2132 1005 2193 praesens
1034 2115 1220 2176 astronomia
1248 2115 1428 2179 medicinam
1457 2138 1526 2180 am·

163 2203 332 2284 plecterer,
357 2201 547 2282 animmnqne
570 2225 590 2264 a
617 2202 874 2282 speculationibus
906 2204 1040 2282 pulchris
1067 2205 1165 2281 magis
1206 2223 1295 2283 qnam
1326 2206 1382 2266 boc
1410 2207 1525 2269 difficili

162 2300 298 2373 tempore
320 2290 506 2354 salutaribus
537 2292 577 2353 ad
599 2310 702 2353 curam
723 2291 867 2353 utilitatis
889 2293 1029 2370 publicae
1052 2293 1250 2354 traducerem.

248 2379 294 2443 ue
316 2379 388 2460 qnia
409 2381 614 2459 experimento
636 2380 845 2459 probaveram,
869 2399 960 2460 posse
984 2401 1033 2443 me
1056 2381 1146 2442 domo
1169 2400 1237 2457 mea
1260 2399 1375 2455 carere,
1399 2381 1524 2446 brnen·

160 2469 244 2534 sibus
267 2469 376 2532 itinere
398 2468 563 2531 Bobemico
590 2470 774 2542 consumtis,
813 2479 992 2538 suaserunt,
1030 2480 1065 2531 nt
1095 2470 1152 2530 snb
1179 2471 1315 2532 autumni
1343 2480 1465 2550 tempus
1495 2473 1525 2534 in

161 2558 284 2621 ltaliam
306 2557 390 2630 irem,
414 2558 582 2621 medicinae
605 2578 708 2620 cansa.
754 2556 790 2620 Si
813 2577 923 2620 causas
946 2578 1050 2620 omnes
1078 2559 1231 2638 explicare
1257 2559 1387 2632 vellem,
1416 2561 1525 2639 quibus

159 2646 226 2726 jam
248 2646 279 2708 in
301 2645 479 2707 Bohemiam
502 2648 613 2727 rapior,
633 2647 700 2727 jam
723 2647 753 2708 in
776 2647 909 2719 Italiam,
931 2656 1051 2724 tempus
1074 2658 1212 2708 tererem.
1257 2646 1383 2708 Summa
1405 2649 1523 2710 delibe-

160 2733 288 2798 rationis
310 2753 397 2796 meae
419 2736 495 2797 haec
518 2747 586 2797 est:
619 2736 706 2816 cupio
738 2736 836 2798 adhuc
866 2755 962 2798 annos
984 2737 1100 2816 aliquot
1121 2735 1152 2796 in
1176 2736 1387 2798 astronomicis
1410 2756 1523 2800 consu-

161 2841 253 2898 mere,
275 2830 401 2904 propter
423 2824 596 2905 Tychonem
619 2824 801 2886 ditissimum
825 2843 922 2886 rernm
945 2826 1051 2887 harum
1073 2843 1303 2904 possessorem:
1326 2825 1391 2886 sive
1419 2826 1450 2887 id
1472 2828 1526 2888 liat

161 2912 192 2974 in
214 2910 378 2981 Bobemia‚
401 2913 475 2988 sive,
501 2915 581 2994 qnod
603 2913 722 2987 malim,
745 2912 794 2973 bic
819 2912 950 2976 Graetii.
996 2915 1119 2975 Interea
1140 2913 1301 2993 paullatim
1324 2913 1355 2975 in
1378 2915 1527 2977 medicina

159 3000 369 3080 progrederer.
415 3002 466 3063 Ad
499 3003 555 3063 boc
585 3002 757 3063 institutam
784 3021 859 3082 opns
883 3003 955 3064 mibi
983 3012 1032 3063 est
1059 3002 1284 3064 continuatione
1306 3003 1420 3076 salarii,
1446 3005 1524 3086 qnod

160 3088 200 3151 ab
222 3086 388 3152 Ordinibus
409 3090 499 3170 hnjns
521 3091 692 3171 provinciae
716 3090 822 3165 haben,
844 3109 919 3169 opns
942 3101 974 3153 et
987 3092 1152 3153 securitate
1171 3092 1199 3151 in
1219 3091 1374 3170 religionis
1388 3094 1523 3171 negotio,

160 3195 249 3259 quam
271 3186 431 3257 praestare
452 3179 593 3259 princeps
614 3186 733 3259 potest,
762 3180 842 3259 quali
866 3181 958 3242 etiam
981 3179 1085 3262 Tycha
1108 3180 1163 3240 snb
1187 3177 1323 3241 Caesare
1347 3180 1456 3243 lruitnr
1479 3181 1525 3254 (in

161 3284 263 3347 marg:
286 3267 425 3347 utrinqne
449 3287 496 3329 me
516 3277 603 3330 extra
626 3276 738 3329 metum
761 3288 829 3329 esse
853 3272 1000 3349 oportet).

247 3353 279 3417 Δ
301 3362 333 3417 te
355 3373 438 3430 vero,
461 3357 506 3419 Μ.
531 3357 602 3430 Vir,
626 3356 683 3417 hoo
705 3364 797 3436 peto,
819 3359 946 3439 primum
969 3366 1004 3420 nt
1025 3357 1180 3419 consultor
1202 3356 1274 3418 mihi
1298 3357 1431 3436 optimus
1455 3376 1524 3420 esse

158 3441 250 3517 velis,
275 3442 397 3518 deinde,
421 3445 487 3506 sive
510 3444 606 3517 alind,
630 3445 696 3506 sive
718 3445 791 3518 hoc,
816 3447 894 3527 qnod
918 3466 974 3526 ego
999 3446 1096 3527 elegi,
1120 3445 1266 3518 suaseris,
1301 3446 1346 3507 nti
1369 3447 1470 3508 media
1493 3454 1525 3509 et

159 3530 274 3592 indices
298 3541 331 3593 et
352 3532 581 3607 subministres,
606 3552 730 3615 qnorum
754 3535 882 3596 alterum
904 3536 996 3616 probe
1020 3536 1115 3610 nosti,
1141 3535 1268 3595 alterum
1291 3535 1388 3614 polles
1412 3534 1523 3601 illustri

159 3618 226 3681 loco
248 3621 444 3696 constitutos,
467 3621 497 3683 in
522 3621 579 3683 hac
601 3623 781 3702 praesertim
803 3624 1044 3693 Monachiensis‚
1069 3622 1252 3685 Graezensis
1286 3633 1318 3684 et
1340 3618 1523 3686 Bohemicae

159 3708 248 3771 aulae
271 3715 376 3772 mutua
398 3711 582 3772 connexione
606 3719 638 3772 et
659 3712 880 3789 praestantium
903 3714 1066 3776 autoritate
1091 3712 1221 3773 virorum
1244 3712 1363 3773 notitia.

248 3794 391 3872 Quaeris,
416 3797 459 3872 si,
485 3800 562 3878 qnod
593 3800 641 3861 hic
674 3799 771 3861 habeo
794 3802 950 3876 salarium,
985 3822 1051 3863 cnm
1075 3819 1217 3862 caesareo
1247 3802 1348 3862 forsan
1378 3801 1523 3882 ampliore

160 3892 414 3961 commutaretur,
447 3886 497 3967 qni
528 3887 558 3948 id
592 3887 663 3950 mihi
696 3888 737 3949 sit
771 3898 928 3969 acceptum
957 3890 1111 3953 futurum?
1155 3888 1288 3951 Primum
1317 3909 1478 3970 separarer
1505 3911 1524 3952 a

164 3970 280 4056 styria,
306 3975 353 4038 cni
376 3995 443 4038 snm
467 3976 611 4038 astrictus
634 3977 736 4038 multis
759 3978 1040 4042 necessitudinibus.
1064 3979 1100 4041 Id
1123 3976 1273 4040 vinculum
1296 3978 1326 4041 in
1349 3998 1443 4041 uxore
1458 4000 1525 4041 mea

160 4061 286 4143 ejusque
318 4063 406 4127 bonis
438 4064 606 4145 stringitur.
653 4066 770 4127 Deinde
802 4086 850 4127 me
882 4069 1013 4147 vestigia
1042 4075 1166 4128 terrent.
1213 4067 1334 4148 Tycho,
1368 4069 1416 4130 vir
1445 4067 1523 4131 tanti

159 4150 299 4224 nominis,
323 4159 412 4215 mota
435 4150 580 4216 Caesaris
603 4154 713 4233 gratia,
740 4173 837 4216 annno
861 4175 915 4218 sno
939 4156 1089 4237 stipendio
1112 4155 1244 4216 maxima
1259 4176 1325 4217 cnm
1344 4157 1522 4220 difficultate

160 4238 211 4301 vix
234 4240 368 4319 potitur,
392 4261 428 4303 ac
452 4260 525 4302 sane
550 4243 671 4317 nescio,
695 4263 732 4304 an
756 4243 871 4322 potitus
896 4245 956 4307 sit:
990 4265 1066 4326 qnae
1097 4265 1190 4306 cansa
1219 4245 1432 4307 meditationes
1457 4247 1522 4327 ejus

159 4327 354 4392 vehementer
376 4329 489 4391 turbat.
537 4329 616 4401 Quid
647 4350 718 4410 ergo
750 4333 786 4393 de
809 4352 856 4393 me
881 4333 1010 4396 lntnrnm
1039 4334 1146 4395 esset?
1191 4336 1322 4396 Annon
1348 4354 1395 4395 me
1419 4354 1521 4396 mens·

159 4434 216 4499 quc
242 4417 270 4478 in
295 4425 448 4479 extremas
472 4420 628 4499 angustias
652 4421 717 4482 loco
740 4422 898 4501 peregrino
922 4423 1130 4501 conjicerent?
1167 4423 1251 4484 Haec
1275 4443 1369 4485 cansa
1391 4432 1450 4497 est,
1470 4443 1522 4486 cnr

159 4512 213 4571 aut
236 4504 377 4567 solariam
401 4504 571 4589 Styriacnm
596 4509 818 4590 quibuscunque
851 4513 972 4573 tandmn
1005 4512 1102 4573 rnodis
1135 4512 1374 4586 defendendum,
1400 4521 1470 4586 ant,
1495 4512 1521 4574 si

161 4611 220 4676 qun
243 4594 412 4658 necessitas
435 4605 561 4673 urgeat,
594 4597 710 4677 longius
741 4599 837 4661 adhuc
861 4600 889 4660 in
916 4599 1109 4662 Germaniam
1138 4601 1351 4661 discedendum
1375 4607 1519 4661 statuam.

249 4680 295 4746 De
322 4682 488 4748 Werneri
512 4686 773 4750 observationibus
797 4688 860 4748 lieri
882 4697 1000 4768 potest,
1031 4698 1063 4751 nt
1087 4709 1134 4753 me
1159 4689 1249 4751 sallat
1272 4689 1428 4764 memoria,
1454 4708 1520 4751 cum
