<?xml version="1.0" encoding="UTF-8"?>
<!DOCTYPE html PUBLIC "-//W3C//DTD XHTML 1.0 Transitional//EN"
    "http://www.w3.org/TR/xhtml1/DTD/xhtml1-transitional.dtd">
<html xmlns="http://www.w3.org/1999/xhtml" xml:lang="en" lang="en">
 <head>
  <title>
</title>
<meta http-equiv="Content-Type" content="text/html;charset=utf-8" />
  <meta name='ocr-system' content='tesseract 3.04.00' />
  <meta name='ocr-capabilities' content='ocr_page ocr_carea ocr_par ocr_line ocrx_word'/>
</head>
<body>
  <div class='ocr_page' id='page_1' title='image "./joanniskepleria04frisgoog_0098.png"; bbox 0 0 3366 5482; ppageno 0'>
   <div class='ocr_carea' id='block_1_1' title="bbox 760 244 1523 313">
    <p class='ocr_par' dir='ltr' id='par_1_1' title="bbox 760 244 1523 313">
     <span class='ocr_line' id='line_1_1' title="bbox 760 244 1523 313; baseline 0.001 -1"><span class='ocrx_word' id='word_1_1' title='bbox 760 244 1054 301; x_wconf 56' lang='lat' dir='ltr'><strong>Pmlm&#39;</strong></span> <span class='ocrx_word' id='word_1_2' title='bbox 1479 245 1523 313; x_wconf 80' lang='lat' dir='ltr'><strong>te</strong></span> 
     </span>
    </p>
   </div>
   <div class='ocr_carea' id='block_1_2' title="bbox 160 405 1524 928">
    <p class='ocr_par' dir='ltr' id='par_1_2' title="bbox 160 405 1524 928">
     <span class='ocr_line' id='line_1_2' title="bbox 162 405 1522 488; baseline 0 -22"><span class='ocrx_word' id='word_1_3' title='bbox 162 405 189 466; x_wconf 89' lang='lat' dir='ltr'><strong>in</strong></span> <span class='ocrx_word' id='word_1_4' title='bbox 210 406 384 468; x_wconf 82' lang='lat' dir='ltr'><strong>mercedem</strong></span> <span class='ocrx_word' id='word_1_5' title='bbox 408 414 548 486; x_wconf 75' lang='lat' dir='ltr'><strong>erogetur</strong></span> <span class='ocrx_word' id='word_1_6' title='bbox 575 424 653 468; x_wconf 85' lang='lat' dir='ltr'><strong>novo</strong></span> <span class='ocrx_word' id='word_1_7' title='bbox 677 408 803 483; x_wconf 75' lang='lat' dir='ltr'><strong>artifici,</strong></span> <span class='ocrx_word' id='word_1_8' title='bbox 832 409 944 488; x_wconf 88' lang='lat' dir='ltr'><strong>quiex</strong></span> <span class='ocrx_word' id='word_1_9' title='bbox 966 426 1037 469; x_wconf 79' lang='lat' dir='ltr'><strong>aere</strong></span> <span class='ocrx_word' id='word_1_10' title='bbox 1065 426 1139 487; x_wconf 89' lang='lat' dir='ltr'><strong>opus</strong></span> <span class='ocrx_word' id='word_1_11' title='bbox 1173 408 1327 480; x_wconf 72' lang='lat' dir='ltr'><strong>conficiet:</strong></span> <span class='ocrx_word' id='word_1_12' title='bbox 1355 406 1522 485; x_wconf 90' lang='lat' dir='ltr'><strong>cujusmodi</strong></span> 
     </span>
     <span class='ocr_line' id='line_1_3' title="bbox 162 493 1524 576; baseline -0.001 -20"><span class='ocrx_word' id='word_1_13' title='bbox 162 493 307 556; x_wconf 88' lang='lat' dir='ltr'><strong>bominem</strong></span> <span class='ocrx_word' id='word_1_14' title='bbox 329 494 598 574; x_wconf 80' lang='lat' dir='ltr'><strong>horologiopaenm</strong></span> <span class='ocrx_word' id='word_1_15' title='bbox 621 496 678 557; x_wconf 84' lang='lat' dir='ltr'><strong>bac</strong></span> <span class='ocrx_word' id='word_1_16' title='bbox 702 495 731 557; x_wconf 88' lang='lat' dir='ltr'><strong>in</strong></span> <span class='ocrx_word' id='word_1_17' title='bbox 755 496 827 558; x_wconf 89' lang='lat' dir='ltr'><strong>urbe</strong></span> <span class='ocrx_word' id='word_1_18' title='bbox 850 505 1044 576; x_wconf 80' lang='lat' dir='ltr'><strong>praesentem</strong></span> <span class='ocrx_word' id='word_1_19' title='bbox 1066 496 1178 568; x_wconf 86' lang='lat' dir='ltr'><strong>babeo,</strong></span> <span class='ocrx_word' id='word_1_20' title='bbox 1201 496 1287 575; x_wconf 85' lang='lat' dir='ltr'><strong>cnjus</strong></span> <span class='ocrx_word' id='word_1_21' title='bbox 1306 495 1377 556; x_wconf 89' lang='lat' dir='ltr'><strong>mibi</strong></span> <span class='ocrx_word' id='word_1_22' title='bbox 1400 494 1524 574; x_wconf 77' lang='lat' dir='ltr'><strong>placent</strong></span> 
     </span>
     <span class='ocr_line' id='line_1_4' title="bbox 162 579 1523 665; baseline 0.001 -23"><span class='ocrx_word' id='word_1_23' title='bbox 162 600 258 662; x_wconf 71' lang='lat' dir='ltr'><strong>opera</strong></span> <span class='ocrx_word' id='word_1_24' title='bbox 306 579 410 646; x_wconf 90' lang='lat' dir='ltr'><strong>Globo</strong></span> <span class='ocrx_word' id='word_1_25' title='bbox 434 601 505 647; x_wconf 88' lang='lat' dir='ltr'><strong>vero</strong></span> <span class='ocrx_word' id='word_1_26' title='bbox 529 583 601 663; x_wconf 89' lang='lat' dir='ltr'><strong>quid</strong></span> <span class='ocrx_word' id='word_1_27' title='bbox 624 584 742 664; x_wconf 91' lang='lat' dir='ltr'><strong>sculpto</strong></span> <span class='ocrx_word' id='word_1_28' title='bbox 761 603 837 663; x_wconf 90' lang='lat' dir='ltr'><strong>opns</strong></span> <span class='ocrx_word' id='word_1_29' title='bbox 861 585 930 646; x_wconf 88' lang='lat' dir='ltr'><strong>est?</strong></span> <span class='ocrx_word' id='word_1_30' title='bbox 974 583 1137 664; x_wconf 83' lang='lat' dir='ltr'><strong>Pingstur,</strong></span> <span class='ocrx_word' id='word_1_31' title='bbox 1161 593 1196 645; x_wconf 88' lang='lat' dir='ltr'><strong>ut</strong></span> <span class='ocrx_word' id='word_1_32' title='bbox 1213 583 1284 658; x_wconf 88' lang='lat' dir='ltr'><strong>ille,</strong></span> <span class='ocrx_word' id='word_1_33' title='bbox 1309 600 1397 665; x_wconf 87' lang='lat' dir='ltr'><strong>quem</strong></span> <span class='ocrx_word' id='word_1_34' title='bbox 1410 583 1523 644; x_wconf 87' lang='lat' dir='ltr'><strong>Mona-</strong></span> 
     </span>
     <span class='ocr_line' id='line_1_5' title="bbox 161 670 1523 746; baseline 0 -14"><span class='ocrx_word' id='word_1_35' title='bbox 161 670 215 732; x_wconf 81' lang='lat' dir='ltr'><strong>ehii</strong></span> <span class='ocrx_word' id='word_1_36' title='bbox 236 670 321 743; x_wconf 79' lang='lat' dir='ltr'><strong>vidi,</strong></span> <span class='ocrx_word' id='word_1_37' title='bbox 356 674 443 739; x_wconf 72' lang='lat' dir='ltr'><strong>(Innio</strong></span> <span class='ocrx_word' id='word_1_38' title='bbox 462 694 486 731; x_wconf 75' lang='lat' dir='ltr'><strong>a</strong></span> <span class='ocrx_word' id='word_1_39' title='bbox 508 676 589 737; x_wconf 80' lang='lat'><strong>1596,</strong></span> <span class='ocrx_word' id='word_1_40' title='bbox 613 680 772 746; x_wconf 75' lang='lat' dir='ltr'><strong>stuttgmdis</strong></span> <span class='ocrx_word' id='word_1_41' title='bbox 789 681 902 732; x_wconf 75' lang='lat' dir='ltr'><strong>(iretim</strong></span> <span class='ocrx_word' id='word_1_42' title='bbox 927 681 1064 745; x_wconf 83' lang='lat' dir='ltr'><strong>proiectus,</strong></span> <span class='ocrx_word' id='word_1_43' title='bbox 1087 679 1248 733; x_wconf 84' lang='lat' dir='ltr'><strong>Monacbium</strong></span> <span class='ocrx_word' id='word_1_44' title='bbox 1270 683 1360 732; x_wconf 81' lang='lat' dir='ltr'><strong>transit</strong></span> <span class='ocrx_word' id='word_1_45' title='bbox 1377 679 1523 745; x_wconf 84' lang='lat' dir='ltr'><strong>Ksplerns.)</strong></span> 
     </span>
     <span class='ocr_line' id='line_1_6' title="bbox 161 759 1522 843; baseline 0.002 -23"><span class='ocrx_word' id='word_1_46' title='bbox 161 759 296 838; x_wconf 80' lang='lat' dir='ltr'><strong>dpieni</strong></span> <span class='ocrx_word' id='word_1_47' title='bbox 319 777 415 843; x_wconf 86' lang='lat' dir='ltr'><strong>opus,</strong></span> <span class='ocrx_word' id='word_1_48' title='bbox 440 761 489 841; x_wconf 88' lang='lat' dir='ltr'><strong>qni</strong></span> <span class='ocrx_word' id='word_1_49' title='bbox 513 761 630 841; x_wconf 89' lang='lat' dir='ltr'><strong>quidem</strong></span> <span class='ocrx_word' id='word_1_50' title='bbox 654 764 747 825; x_wconf 88' lang='lat' dir='ltr'><strong>etiam</strong></span> <span class='ocrx_word' id='word_1_51' title='bbox 769 764 876 826; x_wconf 86' lang='lat' dir='ltr'><strong>stellas</strong></span> <span class='ocrx_word' id='word_1_52' title='bbox 901 763 974 824; x_wconf 82' lang='lat' dir='ltr'><strong>fecit</strong></span> <span class='ocrx_word' id='word_1_53' title='bbox 996 763 1154 824; x_wconf 83' lang='lat' dir='ltr'><strong>exemtiles</strong></span> <span class='ocrx_word' id='word_1_54' title='bbox 1179 770 1306 842; x_wconf 89' lang='lat' dir='ltr'><strong>propter</strong></span> <span class='ocrx_word' id='word_1_55' title='bbox 1329 763 1522 842; x_wconf 84' lang='lat' dir='ltr'><strong>praecessio-</strong></span> 
     </span>
     <span class='ocr_line' id='line_1_7' title="bbox 160 848 516 928; baseline 0.008 -20"><span class='ocrx_word' id='word_1_56' title='bbox 160 866 224 924; x_wconf 87' lang='lat' dir='ltr'><strong>nem</strong></span> <span class='ocrx_word' id='word_1_57' title='bbox 248 848 516 928; x_wconf 81' lang='lat' dir='ltr'><strong>aequinoctiorum</strong></span> 
     </span>
    </p>
   </div>
   <div class='ocr_carea' id='block_1_3' title="bbox 159 990 1522 2348">
    <p class='ocr_par' dir='ltr' id='par_1_3' title="bbox 159 990 1522 2348">
     <span class='ocr_line' id='line_1_8' title="bbox 225 990 1522 1073; baseline 0.002 -17"><span class='ocrx_word' id='word_1_58' title='bbox 225 1005 302 1056; x_wconf 79' lang='lat' dir='ltr'><strong>Esne</strong></span> <span class='ocrx_word' id='word_1_59' title='bbox 321 990 425 1071; x_wconf 74' lang='lat' dir='ltr'><strong>Kepleri</strong></span> <span class='ocrx_word' id='word_1_60' title='bbox 443 1007 594 1057; x_wconf 83' lang='lat' dir='ltr'><strong>sententiam</strong></span> <span class='ocrx_word' id='word_1_61' title='bbox 614 1007 644 1056; x_wconf 92' lang='lat' dir='ltr'><strong>de</strong></span> <span class='ocrx_word' id='word_1_62' title='bbox 663 1008 805 1058; x_wconf 82' lang='lat' dir='ltr'><strong>innovanda</strong></span> <span class='ocrx_word' id='word_1_63' title='bbox 823 1009 921 1072; x_wconf 88' lang='lat' dir='ltr'><strong>penitus</strong></span> <span class='ocrx_word' id='word_1_64' title='bbox 941 1023 985 1059; x_wconf 90' lang='lat' dir='ltr'><strong>eeu</strong></span> <span class='ocrx_word' id='word_1_65' title='bbox 1004 1007 1160 1058; x_wconf 77' lang='lat' dir='ltr'><strong>dissolvenda</strong></span> <span class='ocrx_word' id='word_1_66' title='bbox 1179 1007 1296 1057; x_wconf 73' lang='lat' dir='ltr'><strong>machine</strong></span> <span class='ocrx_word' id='word_1_67' title='bbox 1309 1008 1418 1066; x_wconf 84' lang='lat' dir='ltr'><strong>coelesti,</strong></span> <span class='ocrx_word' id='word_1_68' title='bbox 1438 1023 1522 1073; x_wconf 80' lang='lat' dir='ltr'><strong>quam,</strong></span> 
     </span>
     <span class='ocr_line' id='line_1_9' title="bbox 160 1075 1522 1143; baseline 0.002 -17"><span class='ocrx_word' id='word_1_69' title='bbox 160 1083 185 1126; x_wconf 89' lang='lat' dir='ltr'><strong>nt</strong></span> <span class='ocrx_word' id='word_1_70' title='bbox 201 1091 215 1126; x_wconf 89' lang='lat' dir='ltr'><strong>e</strong></span> <span class='ocrx_word' id='word_1_71' title='bbox 233 1075 367 1127; x_wconf 64' lang='lat' dir='ltr'><strong>idmstlini</strong></span> <span class='ocrx_word' id='word_1_72' title='bbox 381 1077 476 1139; x_wconf 79' lang='lat' dir='ltr'><strong>judicio</strong></span> <span class='ocrx_word' id='word_1_73' title='bbox 495 1090 570 1141; x_wconf 87' lang='lat' dir='ltr'><strong>supra</strong></span> <span class='ocrx_word' id='word_1_74' title='bbox 588 1079 711 1141; x_wconf 87' lang='lat' dir='ltr'><strong>proposito</strong></span> <span class='ocrx_word' id='word_1_75' title='bbox 730 1087 756 1127; x_wconf 89' lang='lat' dir='ltr'><strong>et</strong></span> <span class='ocrx_word' id='word_1_76' title='bbox 775 1094 788 1129; x_wconf 91' lang='lat' dir='ltr'><strong>e</strong></span> <span class='ocrx_word' id='word_1_77' title='bbox 807 1079 966 1142; x_wconf 73' lang='lat' dir='ltr'><strong>sequentibus</strong></span> <span class='ocrx_word' id='word_1_78' title='bbox 984 1079 1088 1143; x_wconf 81' lang='lat' dir='ltr'><strong>patebit,</strong></span> <span class='ocrx_word' id='word_1_79' title='bbox 1106 1079 1180 1143; x_wconf 85' lang='lat' dir='ltr'><strong>plene</strong></span> <span class='ocrx_word' id='word_1_80' title='bbox 1199 1078 1319 1128; x_wconf 75' lang='lat' dir='ltr'><strong>divertam</strong></span> <span class='ocrx_word' id='word_1_81' title='bbox 1340 1080 1371 1128; x_wconf 87' lang='lat' dir='ltr'><strong>ab</strong></span> <span class='ocrx_word' id='word_1_82' title='bbox 1390 1092 1429 1136; x_wconf 86' lang='lat' dir='ltr'><strong>ee,</strong></span> <span class='ocrx_word' id='word_1_83' title='bbox 1448 1094 1522 1143; x_wconf 86' lang='lat' dir='ltr'><strong>qusm</strong></span> 
     </span>
     <span class='ocr_line' id='line_1_10' title="bbox 161 1148 1522 1214; baseline 0.002 -17"><span class='ocrx_word' id='word_1_84' title='bbox 161 1161 231 1212; x_wconf 70' lang='lat' dir='ltr'><strong>snpra</strong></span> <span class='ocrx_word' id='word_1_85' title='bbox 247 1149 356 1213; x_wconf 80' lang='lat' dir='ltr'><strong>principi</strong></span> <span class='ocrx_word' id='word_1_86' title='bbox 373 1149 521 1212; x_wconf 85' lang='lat' dir='ltr'><strong>scripserat,</strong></span> <span class='ocrx_word' id='word_1_87' title='bbox 547 1149 726 1198; x_wconf 84' lang='lat' dir='ltr'><strong>conficiendam</strong></span> <span class='ocrx_word' id='word_1_88' title='bbox 745 1155 884 1207; x_wconf 88' lang='lat' dir='ltr'><strong>statuerat,</strong></span> <span class='ocrx_word' id='word_1_89' title='bbox 909 1149 1056 1200; x_wconf 82' lang='lat' dir='ltr'><strong>Maeetlinue</strong></span> <span class='ocrx_word' id='word_1_90' title='bbox 1075 1163 1151 1214; x_wconf 82' lang='lat' dir='ltr'><strong>segre</strong></span> <span class='ocrx_word' id='word_1_91' title='bbox 1168 1149 1280 1206; x_wconf 73' lang='lat' dir='ltr'><strong>ferebat,</strong></span> <span class='ocrx_word' id='word_1_92' title='bbox 1306 1150 1441 1214; x_wconf 81' lang='lat' dir='ltr'><strong>anxiusque</strong></span> <span class='ocrx_word' id='word_1_93' title='bbox 1458 1148 1522 1200; x_wconf 89' lang='lat' dir='ltr'><strong>bsec</strong></span> 
     </span>
     <span class='ocr_line' id='line_1_11' title="bbox 160 1215 1521 1286; baseline 0.001 -17"><span class='ocrx_word' id='word_1_94' title='bbox 160 1221 281 1283; x_wconf 70' lang='lat' dir='ltr'><strong>metipsis</strong></span> <span class='ocrx_word' id='word_1_95' title='bbox 300 1216 338 1281; x_wconf 83' lang='lat' dir='ltr'><strong>(d.</strong></span> <span class='ocrx_word' id='word_1_96' title='bbox 358 1215 472 1269; x_wconf 75' lang='lat' dir='ltr'><strong>enne.</strong></span> <span class='ocrx_word' id='word_1_97' title='bbox 486 1215 523 1281; x_wconf 87' lang='lat'><strong>(9.</strong></span> <span class='ocrx_word' id='word_1_98' title='bbox 536 1216 613 1281; x_wconf 78' lang='lat' dir='ltr'><strong>Nor)</strong></span> <span class='ocrx_word' id='word_1_99' title='bbox 631 1216 727 1280; x_wconf 75' lang='grc' dir='ltr'><strong>1597)ε</strong></span> <span class='ocrx_word' id='word_1_100' title='bbox 751 1219 789 1270; x_wconf 87' lang='lat' dir='ltr'><strong>De</strong></span> <span class='ocrx_word' id='word_1_101' title='bbox 806 1235 879 1283; x_wconf 91' lang='lat' dir='ltr'><strong>opere</strong></span> <span class='ocrx_word' id='word_1_102' title='bbox 899 1228 1017 1286; x_wconf 70' lang='lat' dir='ltr'><strong>argenteo</strong></span> <span class='ocrx_word' id='word_1_103' title='bbox 1036 1221 1094 1284; x_wconf 90' lang='lat' dir='ltr'><strong>quid</strong></span> <span class='ocrx_word' id='word_1_104' title='bbox 1111 1219 1218 1270; x_wconf 78' lang='lat' dir='ltr'><strong>scribam</strong></span> <span class='ocrx_word' id='word_1_105' title='bbox 1236 1220 1411 1284; x_wconf 89' lang='lat' dir='ltr'><strong>propemodum</strong></span> <span class='ocrx_word' id='word_1_106' title='bbox 1428 1221 1521 1277; x_wconf 88' lang='lat' dir='ltr'><strong>nescio,</strong></span> 
     </span>
     <span class='ocr_line' id='line_1_12' title="bbox 161 1290 1522 1357; baseline 0.001 -18"><span class='ocrx_word' id='word_1_107' title='bbox 161 1303 307 1354; x_wconf 75' lang='lat' dir='ltr'><strong>quemquem</strong></span> <span class='ocrx_word' id='word_1_108' title='bbox 325 1290 458 1340; x_wconf 82' lang='lat' dir='ltr'><strong>scribendo</strong></span> <span class='ocrx_word' id='word_1_109' title='bbox 475 1290 554 1340; x_wconf 86' lang='lat' dir='ltr'><strong>multa</strong></span> <span class='ocrx_word' id='word_1_110' title='bbox 572 1290 696 1339; x_wconf 89' lang='lat' dir='ltr'><strong>haberem.</strong></span> <span class='ocrx_word' id='word_1_111' title='bbox 735 1290 807 1350; x_wconf 84' lang='lat' dir='ltr'><strong>Quae</strong></span> <span class='ocrx_word' id='word_1_112' title='bbox 830 1293 899 1340; x_wconf 89' lang='lat' dir='ltr'><strong>initio</strong></span> <span class='ocrx_word' id='word_1_113' title='bbox 922 1292 1064 1341; x_wconf 69' lang='lat' dir='ltr'><strong>metuebam</strong></span> <span class='ocrx_word' id='word_1_114' title='bbox 1087 1297 1113 1339; x_wconf 87' lang='lat' dir='ltr'><strong>et</strong></span> <span class='ocrx_word' id='word_1_115' title='bbox 1135 1292 1227 1340; x_wconf 74' lang='lat' dir='ltr'><strong>troitus</strong></span> <span class='ocrx_word' id='word_1_116' title='bbox 1252 1305 1348 1341; x_wconf 91' lang='lat' dir='ltr'><strong>mecum</strong></span> <span class='ocrx_word' id='word_1_117' title='bbox 1372 1292 1522 1357; x_wconf 76' lang='lat' dir='ltr'><strong>cogltsbsm,</strong></span> 
     </span>
     <span class='ocr_line' id='line_1_13' title="bbox 161 1360 1521 1428; baseline 0.002 -18"><span class='ocrx_word' id='word_1_118' title='bbox 161 1360 292 1410; x_wconf 54' lang='lat' dir='ltr'><strong>&amp;herere</strong></span> <span class='ocrx_word' id='word_1_119' title='bbox 312 1369 399 1411; x_wconf 84' lang='lat' dir='ltr'><strong>autem</strong></span> <span class='ocrx_word' id='word_1_120' title='bbox 420 1375 495 1411; x_wconf 82' lang='lat' dir='ltr'><strong>susus</strong></span> <span class='ocrx_word' id='word_1_121' title='bbox 513 1375 563 1409; x_wconf 94' lang='lat' dir='ltr'><strong>non</strong></span> <span class='ocrx_word' id='word_1_122' title='bbox 583 1360 626 1417; x_wconf 86' lang='lat' dir='ltr'><strong>lui,</strong></span> <span class='ocrx_word' id='word_1_123' title='bbox 646 1365 746 1424; x_wconf 83' lang='lat' dir='ltr'><strong>sejam</strong></span> <span class='ocrx_word' id='word_1_124' title='bbox 765 1364 889 1412; x_wconf 81' lang='lat' dir='ltr'><strong>eveniunt.</strong></span> <span class='ocrx_word' id='word_1_125' title='bbox 927 1362 1025 1420; x_wconf 87' lang='lat' dir='ltr'><strong>Metui,</strong></span> <span class='ocrx_word' id='word_1_126' title='bbox 1044 1362 1140 1428; x_wconf 86' lang='lat' dir='ltr'><strong>oblique</strong></span> <span class='ocrx_word' id='word_1_127' title='bbox 1159 1364 1234 1412; x_wconf 84' lang='lat' dir='ltr'><strong>etiam</strong></span> <span class='ocrx_word' id='word_1_128' title='bbox 1254 1362 1316 1419; x_wconf 82' lang='lat' dir='ltr'><strong>dixi,</strong></span> <span class='ocrx_word' id='word_1_129' title='bbox 1336 1363 1457 1411; x_wconf 75' lang='lat' dir='ltr'><strong>immanes</strong></span> <span class='ocrx_word' id='word_1_130' title='bbox 1474 1376 1521 1413; x_wconf 88' lang='lat' dir='ltr'><strong>nee</strong></span> 
     </span>
     <span class='ocr_line' id='line_1_14' title="bbox 161 1431 1521 1497; baseline 0.001 -17"><span class='ocrx_word' id='word_1_131' title='bbox 161 1431 299 1482; x_wconf 69' lang='lat' dir='ltr'><strong>tolerabiles</strong></span> <span class='ocrx_word' id='word_1_132' title='bbox 317 1432 378 1481; x_wconf 90' lang='lat' dir='ltr'><strong>illud</strong></span> <span class='ocrx_word' id='word_1_133' title='bbox 396 1439 491 1481; x_wconf 86' lang='lat' dir='ltr'><strong>sumtus</strong></span> <span class='ocrx_word' id='word_1_134' title='bbox 509 1433 688 1495; x_wconf 84' lang='lat' dir='ltr'><strong>requisiturum.</strong></span> <span class='ocrx_word' id='word_1_135' title='bbox 728 1432 879 1483; x_wconf 74' lang='lat' dir='ltr'><strong>Dissuadere</strong></span> <span class='ocrx_word' id='word_1_136' title='bbox 898 1447 972 1484; x_wconf 83' lang='lat' dir='ltr'><strong>eosne</strong></span> <span class='ocrx_word' id='word_1_137' title='bbox 990 1449 1039 1483; x_wconf 90' lang='lat' dir='ltr'><strong>non</strong></span> <span class='ocrx_word' id='word_1_138' title='bbox 1058 1433 1106 1490; x_wconf 82' lang='lat' dir='ltr'><strong>iul,</strong></span> <span class='ocrx_word' id='word_1_139' title='bbox 1130 1448 1162 1482; x_wconf 91' lang='lat' dir='ltr'><strong>ne</strong></span> <span class='ocrx_word' id='word_1_140' title='bbox 1181 1432 1248 1482; x_wconf 82' lang='lat' dir='ltr'><strong>aliud</strong></span> <span class='ocrx_word' id='word_1_141' title='bbox 1266 1448 1306 1483; x_wconf 88' lang='lat' dir='ltr'><strong>me</strong></span> <span class='ocrx_word' id='word_1_142' title='bbox 1324 1446 1442 1497; x_wconf 76' lang='lat' dir='ltr'><strong>quaerere</strong></span> <span class='ocrx_word' id='word_1_143' title='bbox 1461 1434 1521 1482; x_wconf 89' lang='lat' dir='ltr'><strong>tuis·</strong></span> 
     </span>
     <span class='ocr_line' id='line_1_15' title="bbox 161 1501 1520 1579; baseline 0 -27"><span class='ocrx_word' id='word_1_144' title='bbox 161 1516 201 1566; x_wconf 83' lang='lat' dir='ltr'><strong>qne</strong></span> <span class='ocrx_word' id='word_1_145' title='bbox 219 1503 355 1579; x_wconf 62' lang='lat' dir='ltr'><strong>boncm’bus</strong></span> <span class='ocrx_word' id='word_1_146' title='bbox 374 1503 432 1567; x_wconf 87' lang='lat' dir='ltr'><strong>quid</strong></span> <span class='ocrx_word' id='word_1_147' title='bbox 451 1501 580 1552; x_wconf 78' lang='lat' dir='ltr'><strong>detrebere</strong></span> <span class='ocrx_word' id='word_1_148' title='bbox 598 1502 660 1551; x_wconf 85' lang='lat' dir='ltr'><strong>velle</strong></span> <span class='ocrx_word' id='word_1_149' title='bbox 679 1504 787 1560; x_wconf 81' lang='lat' dir='ltr'><strong>viderer,</strong></span> <span class='ocrx_word' id='word_1_150' title='bbox 811 1505 955 1567; x_wconf 87' lang='lat' dir='ltr'><strong>praesertim</strong></span> <span class='ocrx_word' id='word_1_151' title='bbox 981 1518 1036 1553; x_wconf 88' lang='lat' dir='ltr'><strong>cum</strong></span> <span class='ocrx_word' id='word_1_152' title='bbox 1062 1518 1101 1552; x_wconf 87' lang='lat' dir='ltr'><strong>res</strong></span> <span class='ocrx_word' id='word_1_153' title='bbox 1123 1505 1179 1567; x_wconf 84' lang='lat' dir='ltr'><strong>ipsa</strong></span> <span class='ocrx_word' id='word_1_154' title='bbox 1202 1502 1261 1552; x_wconf 89' lang='lat' dir='ltr'><strong>mihi</strong></span> <span class='ocrx_word' id='word_1_155' title='bbox 1280 1505 1379 1569; x_wconf 74' lang='lat' dir='ltr'><strong>egregie</strong></span> <span class='ocrx_word' id='word_1_156' title='bbox 1397 1503 1520 1566; x_wconf 87' lang='lat' dir='ltr'><strong>probetur,</strong></span> 
     </span>
     <span class='ocr_line' id='line_1_16' title="bbox 161 1573 1520 1638; baseline 0.001 -14"><span class='ocrx_word' id='word_1_157' title='bbox 161 1581 182 1623; x_wconf 85' lang='lat' dir='ltr'><strong>et</strong></span> <span class='ocrx_word' id='word_1_158' title='bbox 198 1576 329 1624; x_wconf 79' lang='grc' dir='ltr'>ἰιιιιιιιιιιιι</span> <span class='ocrx_word' id='word_1_159' title='bbox 353 1574 471 1625; x_wconf 80' lang='lat' dir='ltr'><strong>videlicet</strong></span> <span class='ocrx_word' id='word_1_160' title='bbox 493 1574 523 1622; x_wconf 89' lang='lat' dir='ltr'><strong>de</strong></span> <span class='ocrx_word' id='word_1_161' title='bbox 548 1573 597 1622; x_wconf 89' lang='lat' dir='ltr'><strong>hac</strong></span> <span class='ocrx_word' id='word_1_162' title='bbox 622 1574 768 1624; x_wconf 83' lang='lat' dir='ltr'><strong>admiranda</strong></span> <span class='ocrx_word' id='word_1_163' title='bbox 793 1576 885 1624; x_wconf 91' lang='lat' dir='ltr'><strong>orbium</strong></span> <span class='ocrx_word' id='word_1_164' title='bbox 910 1576 995 1624; x_wconf 89' lang='lat' dir='ltr'><strong>mundi</strong></span> <span class='ocrx_word' id='word_1_165' title='bbox 1020 1576 1174 1638; x_wconf 88' lang='lat' dir='ltr'><strong>proportione</strong></span> <span class='ocrx_word' id='word_1_166' title='bbox 1197 1574 1298 1624; x_wconf 79' lang='lat' dir='ltr'><strong>mirifice</strong></span> <span class='ocrx_word' id='word_1_167' title='bbox 1324 1574 1384 1623; x_wconf 86' lang='lat' dir='ltr'><strong>mihi</strong></span> <span class='ocrx_word' id='word_1_168' title='bbox 1411 1574 1520 1637; x_wconf 75' lang='lat' dir='ltr'><strong>placent</strong></span> 
     </span>
     <span class='ocr_line' id='line_1_17' title="bbox 161 1642 1519 1717; baseline 0.002 -24"><span class='ocrx_word' id='word_1_169' title='bbox 161 1642 227 1695; x_wconf 87' lang='lat' dir='ltr'><strong>Unde</strong></span> <span class='ocrx_word' id='word_1_170' title='bbox 247 1660 296 1710; x_wconf 80' lang='lat' dir='ltr'><strong>ego</strong></span> <span class='ocrx_word' id='word_1_171' title='bbox 315 1645 347 1694; x_wconf 88' lang='lat' dir='ltr'><strong>de</strong></span> <span class='ocrx_word' id='word_1_172' title='bbox 365 1659 425 1694; x_wconf 85' lang='lat' dir='ltr'><strong>mea</strong></span> <span class='ocrx_word' id='word_1_173' title='bbox 444 1647 570 1694; x_wconf 82' lang='lat' dir='ltr'><strong>sententis</strong></span> <span class='ocrx_word' id='word_1_174' title='bbox 591 1646 722 1711; x_wconf 85' lang='lat' dir='ltr'><strong>requisitus</strong></span> <span class='ocrx_word' id='word_1_175' title='bbox 748 1647 914 1709; x_wconf 71' lang='lat' dir='ltr'><strong>maximopere</strong></span> <span class='ocrx_word' id='word_1_176' title='bbox 938 1643 998 1706; x_wconf 91' lang='lat' dir='ltr'><strong>(nee</strong></span> <span class='ocrx_word' id='word_1_177' title='bbox 1018 1643 1151 1717; x_wconf 79' lang='lat' dir='ltr'><strong>immep‘to)</strong></span> <span class='ocrx_word' id='word_1_178' title='bbox 1169 1645 1216 1694; x_wconf 88' lang='lat' dir='ltr'><strong>boc</strong></span> <span class='ocrx_word' id='word_1_179' title='bbox 1234 1651 1304 1694; x_wconf 88' lang='lat' dir='ltr'><strong>tunm</strong></span> <span class='ocrx_word' id='word_1_180' title='bbox 1322 1647 1449 1694; x_wconf 85' lang='lat' dir='ltr'><strong>inventum</strong></span> <span class='ocrx_word' id='word_1_181' title='bbox 1469 1645 1519 1696; x_wconf 92' lang='lat' dir='ltr'><strong>col·</strong></span> 
     </span>
     <span class='ocr_line' id='line_1_18' title="bbox 159 1713 1519 1780; baseline -0.001 -15"><span class='ocrx_word' id='word_1_182' title='bbox 159 1713 263 1769; x_wconf 77' lang='lat' dir='ltr'><strong>leuderi.</strong></span> <span class='ocrx_word' id='word_1_183' title='bbox 296 1715 347 1780; x_wconf 88' lang='lat' dir='ltr'><strong>Spe</strong></span> <span class='ocrx_word' id='word_1_184' title='bbox 365 1723 450 1765; x_wconf 81' lang='lat' dir='ltr'><strong>eutem</strong></span> <span class='ocrx_word' id='word_1_185' title='bbox 469 1730 500 1765; x_wconf 85' lang='lat' dir='ltr'><strong>ea</strong></span> <span class='ocrx_word' id='word_1_186' title='bbox 517 1716 625 1774; x_wconf 77' lang='lat' dir='ltr'><strong>fruebar,</strong></span> <span class='ocrx_word' id='word_1_187' title='bbox 645 1731 705 1780; x_wconf 85' lang='lat' dir='ltr'><strong>opus</strong></span> <span class='ocrx_word' id='word_1_188' title='bbox 723 1716 782 1765; x_wconf 89' lang='lat' dir='ltr'><strong>illud</strong></span> <span class='ocrx_word' id='word_1_189' title='bbox 801 1718 942 1767; x_wconf 87' lang='lat' dir='ltr'><strong>coniectum</strong></span> <span class='ocrx_word' id='word_1_190' title='bbox 960 1718 990 1765; x_wconf 91' lang='lat' dir='ltr'><strong>iri</strong></span> <span class='ocrx_word' id='word_1_191' title='bbox 1008 1725 1034 1766; x_wconf 88' lang='lat' dir='ltr'><strong>te</strong></span> <span class='ocrx_word' id='word_1_192' title='bbox 1052 1719 1104 1780; x_wconf 91' lang='lat' dir='ltr'><strong>ipso</strong></span> <span class='ocrx_word' id='word_1_193' title='bbox 1127 1716 1238 1764; x_wconf 83' lang='lat' dir='ltr'><strong>dictante</strong></span> <span class='ocrx_word' id='word_1_194' title='bbox 1256 1723 1283 1765; x_wconf 89' lang='lat' dir='ltr'><strong>et</strong></span> <span class='ocrx_word' id='word_1_195' title='bbox 1299 1722 1440 1780; x_wconf 77' lang='lat' dir='ltr'><strong>prosecute,</strong></span> <span class='ocrx_word' id='word_1_196' title='bbox 1459 1716 1519 1780; x_wconf 84' lang='lat' dir='ltr'><strong>quie</strong></span> 
     </span>
     <span class='ocr_line' id='line_1_19' title="bbox 161 1785 1518 1851; baseline -0.001 -14"><span class='ocrx_word' id='word_1_197' title='bbox 161 1789 238 1837; x_wconf 83' lang='lat' dir='ltr'><strong>mnis</strong></span> <span class='ocrx_word' id='word_1_198' title='bbox 264 1789 342 1851; x_wconf 77' lang='lat' dir='ltr'><strong>etism</strong></span> <span class='ocrx_word' id='word_1_199' title='bbox 368 1787 533 1836; x_wconf 76' lang='lat' dir='ltr'><strong>minutissime</strong></span> <span class='ocrx_word' id='word_1_200' title='bbox 557 1801 573 1836; x_wconf 90' lang='lat' dir='ltr'><strong>a</strong></span> <span class='ocrx_word' id='word_1_201' title='bbox 598 1794 624 1836; x_wconf 89' lang='lat' dir='ltr'><strong>te</strong></span> <span class='ocrx_word' id='word_1_202' title='bbox 650 1788 712 1836; x_wconf 90' lang='lat' dir='ltr'><strong>bene</strong></span> <span class='ocrx_word' id='word_1_203' title='bbox 739 1788 921 1851; x_wconf 86' lang='lat' dir='ltr'><strong>praemeditata</strong></span> <span class='ocrx_word' id='word_1_204' title='bbox 946 1802 1000 1836; x_wconf 88' lang='lat' dir='ltr'><strong>esse</strong></span> <span class='ocrx_word' id='word_1_205' title='bbox 1020 1786 1099 1836; x_wconf 82' lang='lat' dir='ltr'><strong>allate</strong></span> <span class='ocrx_word' id='word_1_206' title='bbox 1117 1795 1198 1836; x_wconf 85' lang='lat' dir='ltr'><strong>certus</strong></span> <span class='ocrx_word' id='word_1_207' title='bbox 1217 1800 1293 1835; x_wconf 88' lang='lat' dir='ltr'><strong>eram.</strong></span> <span class='ocrx_word' id='word_1_208' title='bbox 1330 1785 1405 1836; x_wconf 82' lang='lat' dir='ltr'><strong>Nunc</strong></span> <span class='ocrx_word' id='word_1_209' title='bbox 1424 1792 1518 1843; x_wconf 85' lang='lat' dir='ltr'><strong>antem,</strong></span> 
     </span>
     <span class='ocr_line' id='line_1_20' title="bbox 161 1856 1520 1922; baseline 0 -15"><span class='ocrx_word' id='word_1_210' title='bbox 161 1871 210 1907; x_wconf 79' lang='lat' dir='ltr'><strong>mm</strong></span> <span class='ocrx_word' id='word_1_211' title='bbox 229 1857 263 1907; x_wconf 71' lang='lat' dir='ltr'><strong>sd</strong></span> <span class='ocrx_word' id='word_1_212' title='bbox 281 1872 323 1907; x_wconf 92' lang='lat' dir='ltr'><strong>me</strong></span> <span class='ocrx_word' id='word_1_213' title='bbox 343 1857 483 1907; x_wconf 79' lang='lat' dir='ltr'><strong>devolutum</strong></span> <span class='ocrx_word' id='word_1_214' title='bbox 501 1858 548 1915; x_wconf 89' lang='lat' dir='ltr'><strong>slt,</strong></span> <span class='ocrx_word' id='word_1_215' title='bbox 573 1865 599 1906; x_wconf 89' lang='grc' dir='ltr'><strong>ιι</strong></span> <span class='ocrx_word' id='word_1_216' title='bbox 617 1873 663 1922; x_wconf 76' lang='lat' dir='ltr'><strong>ego</strong></span> <span class='ocrx_word' id='word_1_217' title='bbox 682 1873 722 1908; x_wconf 88' lang='lat' dir='ltr'><strong>me</strong></span> <span class='ocrx_word' id='word_1_218' title='bbox 741 1860 859 1922; x_wconf 87' lang='lat' dir='ltr'><strong>imparem</strong></span> <span class='ocrx_word' id='word_1_219' title='bbox 885 1859 997 1916; x_wconf 81' lang='lat' dir='ltr'><strong>rideam,</strong></span> <span class='ocrx_word' id='word_1_220' title='bbox 1024 1864 1054 1906; x_wconf 98' lang='grc' dir='ltr'><strong>ιιι</strong></span> <span class='ocrx_word' id='word_1_221' title='bbox 1076 1858 1133 1906; x_wconf 89' lang='lat' dir='ltr'><strong>huic</strong></span> <span class='ocrx_word' id='word_1_222' title='bbox 1152 1856 1256 1906; x_wconf 88' lang='lat' dir='ltr'><strong>Veneris</strong></span> <span class='ocrx_word' id='word_1_223' title='bbox 1283 1858 1358 1921; x_wconf 89' lang='lat' dir='ltr'><strong>capiti</strong></span> <span class='ocrx_word' id='word_1_224' title='bbox 1382 1857 1413 1906; x_wconf 88' lang='lat' dir='ltr'><strong>ab</strong></span> <span class='ocrx_word' id='word_1_225' title='bbox 1435 1857 1520 1922; x_wconf 80' lang='lat' dir='ltr'><strong>Apelle</strong></span> 
     </span>
     <span class='ocr_line' id='line_1_21' title="bbox 160 1928 1520 1993; baseline 0 -15"><span class='ocrx_word' id='word_1_226' title='bbox 160 1936 242 1993; x_wconf 87' lang='lat' dir='ltr'><strong>coepto</strong></span> <span class='ocrx_word' id='word_1_227' title='bbox 261 1929 383 1993; x_wconf 81' lang='lat' dir='ltr'><strong>reliquum</strong></span> <span class='ocrx_word' id='word_1_228' title='bbox 402 1942 490 1992; x_wconf 90' lang='lat' dir='ltr'><strong>corpus</strong></span> <span class='ocrx_word' id='word_1_229' title='bbox 509 1929 656 1993; x_wconf 80' lang='lat' dir='ltr'><strong>appingsm.</strong></span> <span class='ocrx_word' id='word_1_230' title='bbox 681 1930 746 1992; x_wconf 93' lang='lat' dir='ltr'><strong>quod</strong></span> <span class='ocrx_word' id='word_1_231' title='bbox 763 1936 893 1979; x_wconf 84' lang='lat' dir='ltr'><strong>venustate</strong></span> <span class='ocrx_word' id='word_1_232' title='bbox 913 1937 939 1978; x_wconf 90' lang='grc' dir='ltr'><strong>ιι</strong></span> <span class='ocrx_word' id='word_1_233' title='bbox 958 1928 1061 1979; x_wconf 83' lang='lat' dir='ltr'><strong>artificio</strong></span> <span class='ocrx_word' id='word_1_234' title='bbox 1081 1928 1285 1991; x_wconf 79' lang='lat' dir='ltr'><strong>correspondent,</strong></span> <span class='ocrx_word' id='word_1_235' title='bbox 1305 1929 1393 1978; x_wconf 87' lang='lat' dir='ltr'><strong>dubius</strong></span> <span class='ocrx_word' id='word_1_236' title='bbox 1411 1929 1520 1992; x_wconf 81' lang='lat' dir='ltr'><strong>protecto</strong></span> 
     </span>
     <span class='ocr_line' id='line_1_22' title="bbox 159 1998 1519 2065; baseline -0.002 -15"><span class='ocrx_word' id='word_1_237' title='bbox 159 2015 223 2056; x_wconf 79' lang='lat' dir='ltr'><strong>sun,</strong></span> <span class='ocrx_word' id='word_1_238' title='bbox 247 2001 395 2065; x_wconf 78' lang='lat' dir='ltr'><strong>pracsertim</strong></span> <span class='ocrx_word' id='word_1_239' title='bbox 419 2014 476 2048; x_wconf 91' lang='lat' dir='ltr'><strong>cum</strong></span> <span class='ocrx_word' id='word_1_240' title='bbox 494 2000 594 2048; x_wconf 85' lang='lat' dir='ltr'><strong>artificis</strong></span> <span class='ocrx_word' id='word_1_241' title='bbox 612 2014 700 2048; x_wconf 83' lang='lat' dir='ltr'><strong>manns</strong></span> <span class='ocrx_word' id='word_1_242' title='bbox 719 2002 744 2048; x_wconf 90' lang='lat' dir='ltr'><strong>in</strong></span> <span class='ocrx_word' id='word_1_243' title='bbox 763 2001 841 2050; x_wconf 87' lang='lat' dir='ltr'><strong>stellis</strong></span> <span class='ocrx_word' id='word_1_244' title='bbox 859 1999 1000 2064; x_wconf 87' lang='lat' dir='ltr'><strong>sculpendis</strong></span> <span class='ocrx_word' id='word_1_245' title='bbox 1018 2014 1120 2064; x_wconf 75' lang='lat' dir='ltr'><strong>segnem</strong></span> <span class='ocrx_word' id='word_1_246' title='bbox 1139 2013 1166 2048; x_wconf 88' lang='lat' dir='ltr'><strong>se</strong></span> <span class='ocrx_word' id='word_1_247' title='bbox 1184 1999 1326 2062; x_wconf 86' lang='lat' dir='ltr'><strong>prodiderit.</strong></span> <span class='ocrx_word' id='word_1_248' title='bbox 1364 1999 1463 2049; x_wconf 79' lang='lat' dir='ltr'><strong>Etenim</strong></span> <span class='ocrx_word' id='word_1_249' title='bbox 1480 1998 1519 2048; x_wconf 93' lang='lat' dir='ltr'><strong>lll.</strong></span> 
     </span>
     <span class='ocr_line' id='line_1_23' title="bbox 160 2070 1519 2137; baseline -0.001 -17"><span class='ocrx_word' id='word_1_250' title='bbox 160 2073 292 2134; x_wconf 85' lang='lat' dir='ltr'><strong>principem</strong></span> <span class='ocrx_word' id='word_1_251' title='bbox 312 2070 433 2121; x_wconf 77' lang='lat' dir='ltr'><strong>offensum</strong></span> <span class='ocrx_word' id='word_1_252' title='bbox 452 2071 480 2118; x_wconf 91' lang='lat' dir='ltr'><strong>iri</strong></span> <span class='ocrx_word' id='word_1_253' title='bbox 500 2071 658 2120; x_wconf 85' lang='lat' dir='ltr'><strong>vehementer</strong></span> <span class='ocrx_word' id='word_1_254' title='bbox 675 2078 774 2128; x_wconf 89' lang='lat' dir='ltr'><strong>metno;</strong></span> <span class='ocrx_word' id='word_1_255' title='bbox 798 2074 817 2120; x_wconf 86' lang='lat' dir='ltr'><strong>si</strong></span> <span class='ocrx_word' id='word_1_256' title='bbox 838 2073 902 2120; x_wconf 88' lang='lat' dir='ltr'><strong>enim</strong></span> <span class='ocrx_word' id='word_1_257' title='bbox 921 2073 946 2119; x_wconf 90' lang='lat' dir='ltr'><strong>in</strong></span> <span class='ocrx_word' id='word_1_258' title='bbox 965 2073 1094 2135; x_wconf 76' lang='lat' dir='ltr'><strong>spongiam</strong></span> <span class='ocrx_word' id='word_1_259' title='bbox 1114 2071 1203 2124; x_wconf 84' lang='lat' dir='ltr'><strong>abeat,</strong></span> <span class='ocrx_word' id='word_1_260' title='bbox 1221 2070 1279 2134; x_wconf 91' lang='lat' dir='ltr'><strong>quid</strong></span> <span class='ocrx_word' id='word_1_261' title='bbox 1298 2071 1418 2120; x_wconf 86' lang='lat' dir='ltr'><strong>dicturum</strong></span> <span class='ocrx_word' id='word_1_262' title='bbox 1436 2076 1519 2137; x_wconf 71' lang='lat' dir='ltr'><strong>putsq,</strong></span> 
     </span>
     <span class='ocr_line' id='line_1_24' title="bbox 160 2139 1520 2209; baseline -0.001 -18"><span class='ocrx_word' id='word_1_263' title='bbox 160 2150 209 2206; x_wconf 85' lang='lat' dir='ltr'><strong>post</strong></span> <span class='ocrx_word' id='word_1_264' title='bbox 226 2150 314 2192; x_wconf 82' lang='lat' dir='ltr'><strong>tantos</strong></span> <span class='ocrx_word' id='word_1_265' title='bbox 329 2145 383 2204; x_wconf 86' lang='lat' dir='ltr'><strong>jam</strong></span> <span class='ocrx_word' id='word_1_266' title='bbox 402 2143 482 2190; x_wconf 83' lang='lat' dir='ltr'><strong>iactos</strong></span> <span class='ocrx_word' id='word_1_267' title='bbox 500 2148 595 2190; x_wconf 87' lang='lat' dir='ltr'><strong>sumtus</strong></span> <span class='ocrx_word' id='word_1_268' title='bbox 614 2144 638 2190; x_wconf 95' lang='lat' dir='ltr'><strong>in</strong></span> <span class='ocrx_word' id='word_1_269' title='bbox 657 2144 770 2198; x_wconf 85' lang='lat' dir='ltr'><strong>invento,</strong></span> <span class='ocrx_word' id='word_1_270' title='bbox 798 2150 850 2191; x_wconf 86' lang='lat' dir='ltr'><strong>tarn</strong></span> <span class='ocrx_word' id='word_1_271' title='bbox 869 2158 885 2191; x_wconf 85' lang='lat' dir='ltr'><strong>s</strong></span> <span class='ocrx_word' id='word_1_272' title='bbox 911 2147 952 2197; x_wconf 91' lang='lat' dir='ltr'><strong>te,</strong></span> <span class='ocrx_word' id='word_1_273' title='bbox 979 2156 1053 2207; x_wconf 89' lang='lat' dir='ltr'><strong>qnam</strong></span> <span class='ocrx_word' id='word_1_274' title='bbox 1072 2156 1088 2190; x_wconf 93' lang='lat' dir='ltr'><strong>a</strong></span> <span class='ocrx_word' id='word_1_275' title='bbox 1106 2156 1145 2190; x_wconf 91' lang='lat' dir='ltr'><strong>me</strong></span> <span class='ocrx_word' id='word_1_276' title='bbox 1164 2140 1355 2204; x_wconf 88' lang='lat' dir='ltr'><strong>supramodum</strong></span> <span class='ocrx_word' id='word_1_277' title='bbox 1375 2139 1520 2209; x_wconf 72' lang='lat' dir='ltr'><strong>celebrato?</strong></span> 
     </span>
     <span class='ocr_line' id='line_1_25' title="bbox 161 2210 1518 2278; baseline -0.001 -17"><span class='ocrx_word' id='word_1_278' title='bbox 161 2210 262 2278; x_wconf 80' lang='lat' dir='ltr'><strong>Sicpus</strong></span> <span class='ocrx_word' id='word_1_279' title='bbox 280 2214 447 2276; x_wconf 83' lang='lat' dir='ltr'><strong>producatur,</strong></span> <span class='ocrx_word' id='word_1_280' title='bbox 467 2219 493 2261; x_wconf 89' lang='lat' dir='ltr'><strong>et</strong></span> <span class='ocrx_word' id='word_1_281' title='bbox 511 2214 575 2261; x_wconf 85' lang='lat' dir='ltr'><strong>sicut</strong></span> <span class='ocrx_word' id='word_1_282' title='bbox 593 2220 707 2276; x_wconf 87' lang='lat' dir='ltr'><strong>coeptum</strong></span> <span class='ocrx_word' id='word_1_283' title='bbox 725 2220 779 2269; x_wconf 87' lang='lat' dir='ltr'><strong>est,</strong></span> <span class='ocrx_word' id='word_1_284' title='bbox 798 2214 971 2270; x_wconf 83' lang='lat' dir='ltr'><strong>continuetur,</strong></span> <span class='ocrx_word' id='word_1_285' title='bbox 991 2226 1038 2262; x_wconf 90' lang='lat' dir='ltr'><strong>nee</strong></span> <span class='ocrx_word' id='word_1_286' title='bbox 1057 2212 1176 2261; x_wconf 87' lang='lat' dir='ltr'><strong>sumtibus</strong></span> <span class='ocrx_word' id='word_1_287' title='bbox 1195 2216 1240 2260; x_wconf 89' lang='lat' dir='ltr'><strong>aut</strong></span> <span class='ocrx_word' id='word_1_288' title='bbox 1258 2211 1363 2261; x_wconf 75' lang='lat' dir='ltr'><strong>anticio</strong></span> <span class='ocrx_word' id='word_1_289' title='bbox 1381 2213 1457 2262; x_wconf 83' lang='lat' dir='ltr'><strong>etism</strong></span> <span class='ocrx_word' id='word_1_290' title='bbox 1477 2227 1518 2260; x_wconf 83' lang='lat' dir='ltr'><strong>ex·</strong></span> 
     </span>
     <span class='ocr_line' id='line_1_26' title="bbox 160 2281 1518 2348; baseline -0.001 -16"><span class='ocrx_word' id='word_1_291' title='bbox 160 2285 293 2346; x_wconf 69' lang='grc' dir='ltr'>μιιιιιοιιί</span> <span class='ocrx_word' id='word_1_292' title='bbox 305 2283 463 2347; x_wconf 81' lang='lat' dir='ltr'><strong>respondeat,</strong></span> <span class='ocrx_word' id='word_1_293' title='bbox 482 2284 540 2347; x_wconf 86' lang='lat' dir='ltr'><strong>quid</strong></span> <span class='ocrx_word' id='word_1_294' title='bbox 552 2284 659 2332; x_wconf 78' lang='lat' dir='ltr'><strong>intnrnm</strong></span> <span class='ocrx_word' id='word_1_295' title='bbox 671 2283 831 2347; x_wconf 78' lang='lat' dir='ltr'><strong>putabimus?</strong></span> <span class='ocrx_word' id='word_1_296' title='bbox 860 2283 903 2335; x_wconf 84' lang='lat' dir='ltr'><strong>Sin</strong></span> <span class='ocrx_word' id='word_1_297' title='bbox 922 2284 948 2332; x_wconf 89' lang='lat' dir='ltr'><strong>ln</strong></span> <span class='ocrx_word' id='word_1_298' title='bbox 969 2281 1076 2341; x_wconf 82' lang='lat' dir='ltr'><strong>„chaos“</strong></span> <span class='ocrx_word' id='word_1_299' title='bbox 1097 2282 1232 2348; x_wconf 77' lang='lat' dir='ltr'><strong>redigetur,</strong></span> <span class='ocrx_word' id='word_1_300' title='bbox 1251 2288 1281 2332; x_wconf 90' lang='lat' dir='ltr'><strong>ut</strong></span> <span class='ocrx_word' id='word_1_301' title='bbox 1297 2298 1387 2332; x_wconf 86' lang='lat' dir='ltr'><strong>norum</strong></span> <span class='ocrx_word' id='word_1_302' title='bbox 1406 2290 1518 2346; x_wconf 75' lang='lat' dir='ltr'><strong>exurgat,</strong></span> 
     </span>
    </p>
   </div>
   <div class='ocr_carea' id='block_1_4' title="bbox 161 2353 1640 2419">
    <p class='ocr_par' dir='ltr' id='par_1_4' title="bbox 161 2353 1640 2419">
     <span class='ocr_line' id='line_1_27' title="bbox 161 2353 1640 2419; baseline -0.002 -14"><span class='ocrx_word' id='word_1_303' title='bbox 161 2357 208 2418; x_wconf 82' lang='lat' dir='ltr'><strong>quis</strong></span> <span class='ocrx_word' id='word_1_304' title='bbox 226 2361 325 2405; x_wconf 80' lang='lat' dir='ltr'><strong>sumtus</strong></span> <span class='ocrx_word' id='word_1_305' title='bbox 341 2358 396 2417; x_wconf 78' lang='lat' dir='ltr'><strong>jem</strong></span> <span class='ocrx_word' id='word_1_306' title='bbox 414 2354 494 2403; x_wconf 82' lang='lat' dir='ltr'><strong>iactos</strong></span> <span class='ocrx_word' id='word_1_307' title='bbox 512 2353 595 2404; x_wconf 84' lang='lat' dir='ltr'><strong>leret?</strong></span> <span class='ocrx_word' id='word_1_308' title='bbox 614 2383 646 2391; x_wconf 93' lang='lat'><em>-</em></span> <span class='ocrx_word' id='word_1_309' title='bbox 672 2354 746 2404; x_wconf 75' lang='lat' dir='ltr'><strong>Nunc</strong></span> <span class='ocrx_word' id='word_1_310' title='bbox 764 2363 849 2404; x_wconf 86' lang='lat' dir='ltr'><strong>autem</strong></span> <span class='ocrx_word' id='word_1_311' title='bbox 867 2354 942 2410; x_wconf 87' lang='lat' dir='ltr'><strong>mibi,</strong></span> <span class='ocrx_word' id='word_1_312' title='bbox 962 2354 1020 2418; x_wconf 90' lang='lat' dir='ltr'><strong>quid</strong></span> <span class='ocrx_word' id='word_1_313' title='bbox 1038 2353 1163 2419; x_wconf 75' lang='lat' dir='ltr'><strong>agendum</strong></span> <span class='ocrx_word' id='word_1_314' title='bbox 1181 2355 1228 2411; x_wconf 87' lang='lat' dir='ltr'><strong>sit,</strong></span> <span class='ocrx_word' id='word_1_315' title='bbox 1248 2354 1444 2417; x_wconf 85' lang='lat' dir='ltr'><strong>respondendum</strong></span> <span class='ocrx_word' id='word_1_316' title='bbox 1463 2359 1516 2410; x_wconf 68' lang='lat' dir='ltr'><strong>estc</strong></span> <span class='ocrx_word' id='word_1_317' title='bbox 1595 2381 1600 2392; x_wconf 80' lang='lat'><em>‹</em></span> <span class='ocrx_word' id='word_1_318' title='bbox 1637 2368 1640 2379; x_wconf 74' lang='lat'>¹</span> 
     </span>
    </p>
   </div>
   <div class='ocr_carea' id='block_1_5' title="bbox 112 2424 1568 2845">
    <p class='ocr_par' dir='ltr' id='par_1_5' title="bbox 112 2424 1568 2845">
     <span class='ocr_line' id='line_1_28' title="bbox 161 2424 1518 2490; baseline -0.002 -14"><span class='ocrx_word' id='word_1_319' title='bbox 161 2439 212 2475; x_wconf 77' lang='lat' dir='ltr'><strong>nem</strong></span> <span class='ocrx_word' id='word_1_320' title='bbox 231 2427 265 2476; x_wconf 84' lang='lat' dir='ltr'><strong>eb</strong></span> <span class='ocrx_word' id='word_1_321' title='bbox 284 2425 451 2475; x_wconf 83' lang='lat' dir='ltr'><strong>illustrissime</strong></span> <span class='ocrx_word' id='word_1_322' title='bbox 470 2427 609 2489; x_wconf 90' lang='lat' dir='ltr'><strong>nuperrime</strong></span> <span class='ocrx_word' id='word_1_323' title='bbox 629 2426 659 2475; x_wconf 94' lang='lat' dir='ltr'><strong>de</strong></span> <span class='ocrx_word' id='word_1_324' title='bbox 678 2440 794 2490; x_wconf 84' lang='lat' dir='ltr'><strong>responso</strong></span> <span class='ocrx_word' id='word_1_325' title='bbox 813 2426 953 2476; x_wconf 76' lang='lat' dir='ltr'><strong>admonitus</strong></span> <span class='ocrx_word' id='word_1_326' title='bbox 972 2440 1033 2475; x_wconf 84' lang='lat' dir='ltr'><strong>eum.</strong></span> <span class='ocrx_word' id='word_1_327' title='bbox 1072 2424 1195 2473; x_wconf 83' lang='lat' dir='ltr'><strong>Constitui</strong></span> <span class='ocrx_word' id='word_1_328' title='bbox 1211 2424 1286 2489; x_wconf 75' lang='lat' dir='ltr'><strong>igitur</strong></span> <span class='ocrx_word' id='word_1_329' title='bbox 1307 2440 1348 2474; x_wconf 89' lang='lat' dir='ltr'><strong>rne</strong></span> <span class='ocrx_word' id='word_1_330' title='bbox 1371 2425 1405 2474; x_wconf 87' lang='lat' dir='ltr'><strong>ed</strong></span> <span class='ocrx_word' id='word_1_331' title='bbox 1421 2431 1518 2489; x_wconf 78' lang='lat' dir='ltr'><strong>purtem</strong></span> 
     </span>
     <span class='ocr_line' id='line_1_29' title="bbox 161 2494 1518 2561; baseline 0.002 -17"><span class='ocrx_word' id='word_1_332' title='bbox 161 2494 261 2546; x_wconf 84' lang='lat' dir='ltr'><strong>Domino</strong></span> <span class='ocrx_word' id='word_1_333' title='bbox 275 2496 309 2547; x_wconf 89' lang='lat' dir='ltr'><strong>D.</strong></span> <span class='ocrx_word' id='word_1_334' title='bbox 325 2496 496 2561; x_wconf 81' lang='lat' dir='ltr'><strong>Eieengreinio</strong></span> <span class='ocrx_word' id='word_1_335' title='bbox 508 2497 655 2561; x_wconf 85' lang='lat' dir='ltr'><strong>respondere</strong></span> <span class='ocrx_word' id='word_1_336' title='bbox 674 2497 745 2554; x_wconf 81' lang='lat' dir='ltr'><strong>velle,</strong></span> <span class='ocrx_word' id='word_1_337' title='bbox 766 2503 792 2546; x_wconf 90' lang='lat' dir='ltr'><strong>et</strong></span> <span class='ocrx_word' id='word_1_338' title='bbox 809 2502 888 2553; x_wconf 89' lang='lat' dir='ltr'><strong>tuum,</strong></span> <span class='ocrx_word' id='word_1_339' title='bbox 907 2496 972 2560; x_wconf 90' lang='lat' dir='ltr'><strong>quod</strong></span> <span class='ocrx_word' id='word_1_340' title='bbox 990 2497 1053 2546; x_wconf 89' lang='lat' dir='ltr'><strong>binis</strong></span> <span class='ocrx_word' id='word_1_341' title='bbox 1071 2495 1147 2544; x_wconf 87' lang='lat' dir='ltr'><strong>literis</strong></span> <span class='ocrx_word' id='word_1_342' title='bbox 1166 2495 1225 2545; x_wconf 90' lang='lat' dir='ltr'><strong>mihi</strong></span> <span class='ocrx_word' id='word_1_343' title='bbox 1243 2497 1370 2560; x_wconf 87' lang='lat' dir='ltr'><strong>scripsisti,</strong></span> <span class='ocrx_word' id='word_1_344' title='bbox 1389 2496 1518 2547; x_wconf 79' lang='lat' dir='ltr'><strong>consilium</strong></span> 
     </span>
     <span class='ocr_line' id='line_1_30' title="bbox 162 2565 1517 2653; baseline -0.001 -35"><span class='ocrx_word' id='word_1_345' title='bbox 162 2569 296 2653; x_wconf 75' lang='lat' dir='ltr'><strong>explicere,</strong></span> <span class='ocrx_word' id='word_1_346' title='bbox 324 2581 447 2633; x_wconf 86' lang='lat' dir='ltr'><strong>eumque,</strong></span> <span class='ocrx_word' id='word_1_347' title='bbox 472 2567 530 2630; x_wconf 90' lang='lat' dir='ltr'><strong>quid</strong></span> <span class='ocrx_word' id='word_1_348' title='bbox 547 2582 618 2631; x_wconf 91' lang='lat' dir='ltr'><strong>porro</strong></span> <span class='ocrx_word' id='word_1_349' title='bbox 637 2567 778 2618; x_wconf 79' lang='lat' dir='ltr'><strong>laciendum</strong></span> <span class='ocrx_word' id='word_1_350' title='bbox 796 2574 884 2633; x_wconf 89' lang='lat' dir='ltr'><strong>putet,</strong></span> <span class='ocrx_word' id='word_1_351' title='bbox 910 2581 1016 2632; x_wconf 79' lang='lat' dir='ltr'><strong>rogere,</strong></span> <span class='ocrx_word' id='word_1_352' title='bbox 1042 2569 1079 2616; x_wconf 85' lang='lat' dir='ltr'><strong>lte</strong></span> <span class='ocrx_word' id='word_1_353' title='bbox 1101 2573 1130 2616; x_wconf 93' lang='lat' dir='ltr'><strong>ut</strong></span> <span class='ocrx_word' id='word_1_354' title='bbox 1152 2565 1272 2616; x_wconf 84' lang='lat' dir='ltr'><strong>offensam</strong></span> <span class='ocrx_word' id='word_1_355' title='bbox 1290 2568 1406 2633; x_wconf 88' lang='lat' dir='ltr'><strong>principis</strong></span> <span class='ocrx_word' id='word_1_356' title='bbox 1424 2567 1517 2618; x_wconf 75' lang='lat' dir='ltr'><strong>evitare</strong></span> 
     </span>
     <span class='ocr_line' id='line_1_31' title="bbox 112 2652 1568 2775; baseline 0.001 -16"><span class='ocrx_word' id='word_1_357' title='bbox 112 2743 116 2752; x_wconf 83' lang='lat'><em>·</em></span> <span class='ocrx_word' id='word_1_358' title='bbox 161 2652 283 2775; x_wconf 47' lang='lat' dir='ltr'><strong>muge·</strong></span> <span class='ocrx_word' id='word_1_359' title='bbox 303 2709 372 2758; x_wconf 85' lang='lat' dir='ltr'><strong>Deus</strong></span> <span class='ocrx_word' id='word_1_360' title='bbox 392 2709 458 2757; x_wconf 77' lang='lat' dir='ltr'><strong>adsit</strong></span> <span class='ocrx_word' id='word_1_361' title='bbox 477 2710 587 2772; x_wconf 89' lang='lat' dir='ltr'><strong>coeptis!</strong></span> <span class='ocrx_word' id='word_1_362' title='bbox 624 2709 696 2758; x_wconf 86' lang='lat' dir='ltr'><strong>Haec</strong></span> <span class='ocrx_word' id='word_1_363' title='bbox 722 2710 924 2759; x_wconf 79' lang='lat' dir='ltr'><strong>festinantissime</strong></span> <span class='ocrx_word' id='word_1_364' title='bbox 951 2709 1062 2766; x_wconf 83' lang='lat' dir='ltr'><strong>calamo,</strong></span> <span class='ocrx_word' id='word_1_365' title='bbox 1091 2709 1155 2758; x_wconf 87' lang='lat' dir='ltr'><strong>sicut</strong></span> <span class='ocrx_word' id='word_1_366' title='bbox 1178 2714 1231 2758; x_wconf 90' lang='lat' dir='ltr'><strong>tute</strong></span> <span class='ocrx_word' id='word_1_367' title='bbox 1256 2709 1357 2758; x_wconf 84' lang='lat' dir='ltr'><strong>videbis.</strong></span> <span class='ocrx_word' id='word_1_368' title='bbox 1394 2706 1515 2767; x_wconf 80' lang='lat' dir='ltr'><strong>Proxime,</strong></span> <span class='ocrx_word' id='word_1_369' title='bbox 1551 2734 1568 2761; x_wconf 71' lang='grc' dir='ltr'><strong>ο</strong></span> 
     </span>
     <span class='ocr_line' id='line_1_32' title="bbox 163 2778 907 2845; baseline -0.001 -16"><span class='ocrx_word' id='word_1_370' title='bbox 163 2780 252 2831; x_wconf 77' lang='lat' dir='ltr'><strong>niente</strong></span> <span class='ocrx_word' id='word_1_371' title='bbox 270 2781 341 2837; x_wconf 88' lang='lat' dir='ltr'><strong>Deo,</strong></span> <span class='ocrx_word' id='word_1_372' title='bbox 360 2780 440 2844; x_wconf 81' lang='lat' dir='ltr'><strong>plura.</strong></span> <span class='ocrx_word' id='word_1_373' title='bbox 477 2778 617 2830; x_wconf 81' lang='lat' dir='ltr'><strong>Volesum</strong></span> <span class='ocrx_word' id='word_1_374' title='bbox 636 2783 741 2845; x_wconf 78' lang='lat' dir='ltr'><strong>conjuge</strong></span> <span class='ocrx_word' id='word_1_375' title='bbox 760 2780 907 2830; x_wconf 81' lang='lat' dir='ltr'><strong>felicissime.</strong></span> 
     </span>
    </p>
   </div>
   <div class='ocr_carea' id='block_1_6' title="bbox 224 2952 1302 3022">
    <p class='ocr_par' dir='ltr' id='par_1_6' title="bbox 224 2952 1302 3022">
     <span class='ocr_line' id='line_1_33' title="bbox 224 2952 1302 3022; baseline -0.005 -15"><span class='ocrx_word' id='word_1_376' title='bbox 224 2956 265 3008; x_wconf 75' lang='lat' dir='ltr'><strong>Ad</strong></span> <span class='ocrx_word' id='word_1_377' title='bbox 283 2958 348 3007; x_wconf 76' lang='lat' dir='ltr'><strong>baec</strong></span> <span class='ocrx_word' id='word_1_378' title='bbox 366 2957 493 3022; x_wconf 87' lang='lat' dir='ltr'><strong>respondit</strong></span> <span class='ocrx_word' id='word_1_379' title='bbox 510 2956 633 3022; x_wconf 86' lang='lat' dir='ltr'><strong>Keplerue</strong></span> <span class='ocrx_word' id='word_1_380' title='bbox 652 2957 676 3006; x_wconf 94' lang='lat' dir='ltr'><strong>d.</strong></span> <span class='ocrx_word' id='word_1_381' title='bbox 699 2956 738 3006; x_wconf 84' lang='lat'><strong>15.</strong></span> <span class='ocrx_word' id='word_1_382' title='bbox 758 2956 844 3006; x_wconf 81' lang='lat' dir='ltr'><strong>Martii</strong></span> <span class='ocrx_word' id='word_1_383' title='bbox 865 2952 934 3004; x_wconf 83' lang='grc'><strong>1598</strong></span> <span class='ocrx_word' id='word_1_384' title='bbox 951 2956 1038 3019; x_wconf 82' lang='lat' dir='ltr'><strong>paucis</strong></span> <span class='ocrx_word' id='word_1_385' title='bbox 1056 2953 1123 3004; x_wconf 88' lang='lat' dir='ltr'><strong>huno</strong></span> <span class='ocrx_word' id='word_1_386' title='bbox 1141 2954 1168 3003; x_wconf 90' lang='lat' dir='ltr'><strong>in</strong></span> <span class='ocrx_word' id='word_1_387' title='bbox 1185 2953 1302 3004; x_wconf 88' lang='lat' dir='ltr'><strong>modum:</strong></span> 
     </span>
    </p>
   </div>
   <div class='ocr_carea' id='block_1_7' title="bbox 164 3076 1516 4316">
    <p class='ocr_par' dir='ltr' id='par_1_7' title="bbox 164 3076 1516 3514">
     <span class='ocr_line' id='line_1_34' title="bbox 242 3076 1514 3161; baseline -0.002 -19"><span class='ocrx_word' id='word_1_388' title='bbox 242 3082 379 3143; x_wconf 84' lang='lat' dir='ltr'><strong>Transeo</strong></span> <span class='ocrx_word' id='word_1_389' title='bbox 404 3080 443 3140; x_wconf 87' lang='lat' dir='ltr'><strong>ad</strong></span> <span class='ocrx_word' id='word_1_390' title='bbox 457 3081 626 3161; x_wconf 86' lang='lat' dir='ltr'><strong>Penelopes</strong></span> <span class='ocrx_word' id='word_1_391' title='bbox 649 3081 754 3142; x_wconf 87' lang='lat' dir='ltr'><strong>telam.</strong></span> <span class='ocrx_word' id='word_1_392' title='bbox 792 3080 834 3141; x_wconf 86' lang='lat' dir='ltr'><strong>Et</strong></span> <span class='ocrx_word' id='word_1_393' title='bbox 854 3099 960 3141; x_wconf 88' lang='lat' dir='ltr'><strong>manco</strong></span> <span class='ocrx_word' id='word_1_394' title='bbox 985 3079 1013 3140; x_wconf 88' lang='lat' dir='ltr'><strong>in</strong></span> <span class='ocrx_word' id='word_1_395' title='bbox 1034 3077 1166 3158; x_wconf 89' lang='lat' dir='ltr'><strong>pristina</strong></span> <span class='ocrx_word' id='word_1_396' title='bbox 1184 3078 1345 3139; x_wconf 87' lang='lat' dir='ltr'><strong>sententia.</strong></span> <span class='ocrx_word' id='word_1_397' title='bbox 1392 3076 1427 3139; x_wconf 87' lang='lat' dir='ltr'><strong>Si</strong></span> <span class='ocrx_word' id='word_1_398' title='bbox 1442 3078 1514 3140; x_wconf 89' lang='lat' dir='ltr'><strong>mihi</strong></span> 
     </span>
     <span class='ocr_line' id='line_1_35' title="bbox 164 3166 1515 3250; baseline -0.001 -21"><span class='ocrx_word' id='word_1_399' title='bbox 164 3168 207 3231; x_wconf 84' lang='lat' dir='ltr'><strong>ills</strong></span> <span class='ocrx_word' id='word_1_400' title='bbox 227 3188 334 3231; x_wconf 88' lang='lat' dir='ltr'><strong>massa</strong></span> <span class='ocrx_word' id='word_1_401' title='bbox 357 3169 476 3250; x_wconf 84' lang='lat' dir='ltr'><strong>argenti</strong></span> <span class='ocrx_word' id='word_1_402' title='bbox 501 3171 636 3246; x_wconf 86' lang='lat' dir='ltr'><strong>daretur,</strong></span> <span class='ocrx_word' id='word_1_403' title='bbox 669 3169 748 3230; x_wconf 94' lang='lat' dir='ltr'><strong>unde</strong></span> <span class='ocrx_word' id='word_1_404' title='bbox 773 3168 983 3231; x_wconf 84' lang='lat' dir='ltr'><strong>automatariie</strong></span> <span class='ocrx_word' id='word_1_405' title='bbox 1008 3166 1202 3247; x_wconf 87' lang='lat' dir='ltr'><strong>suppeditare</strong></span> <span class='ocrx_word' id='word_1_406' title='bbox 1224 3185 1359 3246; x_wconf 88' lang='lat' dir='ltr'><strong>possem,</strong></span> <span class='ocrx_word' id='word_1_407' title='bbox 1384 3167 1515 3228; x_wconf 86' lang='lat' dir='ltr'><strong>instrue-</strong></span> 
     </span>
     <span class='ocr_line' id='line_1_36' title="bbox 164 3256 1516 3338; baseline -0.001 -20"><span class='ocrx_word' id='word_1_408' title='bbox 164 3275 215 3319; x_wconf 85' lang='lat' dir='ltr'><strong>rem</strong></span> <span class='ocrx_word' id='word_1_409' title='bbox 238 3259 429 3338; x_wconf 82' lang='lat' dir='ltr'><strong>horologium</strong></span> <span class='ocrx_word' id='word_1_410' title='bbox 453 3259 601 3332; x_wconf 89' lang='lat' dir='ltr'><strong>coelestc;</strong></span> <span class='ocrx_word' id='word_1_411' title='bbox 629 3267 737 3337; x_wconf 84' lang='lat' dir='ltr'><strong>postea</strong></span> <span class='ocrx_word' id='word_1_412' title='bbox 760 3265 878 3319; x_wconf 88' lang='lat' dir='ltr'><strong>tantum</strong></span> <span class='ocrx_word' id='word_1_413' title='bbox 901 3257 995 3331; x_wconf 88' lang='lat' dir='ltr'><strong>filum,</strong></span> <span class='ocrx_word' id='word_1_414' title='bbox 1026 3256 1065 3317; x_wconf 89' lang='lat' dir='ltr'><strong>nd</strong></span> <span class='ocrx_word' id='word_1_415' title='bbox 1094 3256 1352 3335; x_wconf 83' lang='lat' dir='ltr'><strong>repraesentanda</strong></span> <span class='ocrx_word' id='word_1_416' title='bbox 1380 3274 1516 3336; x_wconf 87' lang='lat' dir='ltr'><strong>corpora,</strong></span> 
     </span>
     <span class='ocr_line' id='line_1_37' title="bbox 165 3344 1516 3425; baseline 0.001 -20"><span class='ocrx_word' id='word_1_417' title='bbox 165 3346 418 3409; x_wconf 86' lang='lat' dir='ltr'><strong>circumducerem.</strong></span> <span class='ocrx_word' id='word_1_418' title='bbox 465 3346 558 3409; x_wconf 86' lang='lat' dir='ltr'><strong>Esset</strong></span> <span class='ocrx_word' id='word_1_419' title='bbox 581 3355 682 3408; x_wconf 88' lang='lat' dir='ltr'><strong>antem</strong></span> <span class='ocrx_word' id='word_1_420' title='bbox 705 3346 778 3408; x_wconf 92' lang='lat' dir='ltr'><strong>illud</strong></span> <span class='ocrx_word' id='word_1_421' title='bbox 798 3346 876 3420; x_wconf 87' lang='lat' dir='ltr'><strong>tale,</strong></span> <span class='ocrx_word' id='word_1_422' title='bbox 908 3354 957 3421; x_wconf 92' lang='lat' dir='ltr'><strong>ut,</strong></span> <span class='ocrx_word' id='word_1_423' title='bbox 992 3345 1017 3406; x_wconf 88' lang='lat' dir='ltr'><strong>si</strong></span> <span class='ocrx_word' id='word_1_424' title='bbox 1042 3364 1079 3406; x_wconf 82' lang='lat' dir='ltr'><strong>ex</strong></span> <span class='ocrx_word' id='word_1_425' title='bbox 1101 3346 1171 3425; x_wconf 93' lang='lat' dir='ltr'><strong>polo</strong></span> <span class='ocrx_word' id='word_1_426' title='bbox 1195 3345 1354 3425; x_wconf 84' lang='lat' dir='ltr'><strong>eclipticas</strong></span> <span class='ocrx_word' id='word_1_427' title='bbox 1378 3345 1443 3425; x_wconf 88' lang='lat' dir='ltr'><strong>quis</strong></span> <span class='ocrx_word' id='word_1_428' title='bbox 1466 3344 1516 3406; x_wconf 91' lang='lat' dir='ltr'><strong>in-</strong></span> 
     </span>
     <span class='ocr_line' id='line_1_38' title="bbox 166 3435 873 3514; baseline 0 -17"><span class='ocrx_word' id='word_1_429' title='bbox 166 3435 303 3514; x_wconf 80' lang='lat' dir='ltr'><strong>spiceret,</strong></span> <span class='ocrx_word' id='word_1_430' title='bbox 328 3436 446 3497; x_wconf 80' lang='lat' dir='ltr'><strong>videret</strong></span> <span class='ocrx_word' id='word_1_431' title='bbox 464 3436 605 3514; x_wconf 85' lang='lat' dir='ltr'><strong>planetas</strong></span> <span class='ocrx_word' id='word_1_432' title='bbox 628 3436 657 3496; x_wconf 90' lang='lat' dir='ltr'><strong>in</strong></span> <span class='ocrx_word' id='word_1_433' title='bbox 682 3437 744 3497; x_wconf 89' lang='lat' dir='ltr'><strong>suis</strong></span> <span class='ocrx_word' id='word_1_434' title='bbox 768 3435 873 3512; x_wconf 80' lang='lat' dir='ltr'><strong>signis.</strong></span> 
     </span>
    </p>

    <p class='ocr_par' dir='ltr' id='par_1_8' title="bbox 168 3521 1516 4316">
     <span class='ocr_line' id='line_1_39' title="bbox 242 3521 1515 3604; baseline -0.004 -17"><span class='ocrx_word' id='word_1_435' title='bbox 242 3524 333 3596; x_wconf 84' lang='lat' dir='ltr'><strong>Quod</strong></span> <span class='ocrx_word' id='word_1_436' title='bbox 362 3533 464 3586; x_wconf 88' lang='lat' dir='ltr'><strong>eutem</strong></span> <span class='ocrx_word' id='word_1_437' title='bbox 495 3524 601 3587; x_wconf 88' lang='lat' dir='ltr'><strong>literas</strong></span> <span class='ocrx_word' id='word_1_438' title='bbox 631 3525 676 3585; x_wconf 88' lang='lat' dir='ltr'><strong>ita</strong></span> <span class='ocrx_word' id='word_1_439' title='bbox 699 3524 829 3604; x_wconf 86' lang='lat' dir='ltr'><strong>scriptas</strong></span> <span class='ocrx_word' id='word_1_440' title='bbox 853 3523 913 3595; x_wconf 85' lang='lat' dir='ltr'><strong>ais,</strong></span> <span class='ocrx_word' id='word_1_441' title='bbox 945 3528 1059 3582; x_wconf 88' lang='lat' dir='ltr'><strong>utnon</strong></span> <span class='ocrx_word' id='word_1_442' title='bbox 1088 3521 1208 3600; x_wconf 87' lang='lat' dir='ltr'><strong>possint</strong></span> <span class='ocrx_word' id='word_1_443' title='bbox 1230 3521 1396 3600; x_wconf 86' lang='lat' dir='ltr'><strong>isengrinio</strong></span> <span class='ocrx_word' id='word_1_444' title='bbox 1424 3521 1515 3597; x_wconf 85' lang='lat' dir='ltr'><strong>tradi,</strong></span> 
     </span>
     <span class='ocr_line' id='line_1_40' title="bbox 168 3609 1515 3694; baseline -0.002 -19"><span class='ocrx_word' id='word_1_445' title='bbox 168 3630 229 3693; x_wconf 77' lang='lat' dir='ltr'><strong>ege,</strong></span> <span class='ocrx_word' id='word_1_446' title='bbox 262 3614 393 3676; x_wconf 85' lang='lat' dir='ltr'><strong>oblitera</strong></span> <span class='ocrx_word' id='word_1_447' title='bbox 418 3613 482 3686; x_wconf 82' lang='lat' dir='ltr'><strong>ills,</strong></span> <span class='ocrx_word' id='word_1_448' title='bbox 515 3634 591 3694; x_wconf 91' lang='lat' dir='ltr'><strong>qnae</strong></span> <span class='ocrx_word' id='word_1_449' title='bbox 615 3630 774 3692; x_wconf 88' lang='lat' dir='ltr'><strong>personam</strong></span> <span class='ocrx_word' id='word_1_450' title='bbox 799 3613 864 3692; x_wconf 81' lang='lat' dir='ltr'><strong>ejus</strong></span> <span class='ocrx_word' id='word_1_451' title='bbox 888 3611 1038 3682; x_wconf 84' lang='lat' dir='ltr'><strong>attinent,</strong></span> <span class='ocrx_word' id='word_1_452' title='bbox 1061 3617 1222 3689; x_wconf 82' lang='lat' dir='ltr'><strong>praetextu</strong></span> <span class='ocrx_word' id='word_1_453' title='bbox 1246 3609 1335 3671; x_wconf 81' lang='lat' dir='ltr'><strong>facile</strong></span> <span class='ocrx_word' id='word_1_454' title='bbox 1353 3611 1396 3672; x_wconf 86' lang='lat' dir='ltr'><strong>uli</strong></span> <span class='ocrx_word' id='word_1_455' title='bbox 1415 3619 1515 3689; x_wconf 85' lang='lat' dir='ltr'><strong>potes.</strong></span> 
     </span>
     <span class='ocr_line' id='line_1_41' title="bbox 168 3698 1514 3780; baseline -0.001 -18"><span class='ocrx_word' id='word_1_456' title='bbox 168 3698 236 3780; x_wconf 78' lang='lat' dir='ltr'><strong>Ego,</strong></span> <span class='ocrx_word' id='word_1_457' title='bbox 260 3703 317 3764; x_wconf 86' lang='lat' dir='ltr'><strong>nisi</strong></span> <span class='ocrx_word' id='word_1_458' title='bbox 343 3713 395 3765; x_wconf 91' lang='lat' dir='ltr'><strong>tuo</strong></span> <span class='ocrx_word' id='word_1_459' title='bbox 415 3703 539 3765; x_wconf 86' lang='lat' dir='ltr'><strong>consilio</strong></span> <span class='ocrx_word' id='word_1_460' title='bbox 564 3702 607 3763; x_wconf 88' lang='lat' dir='ltr'><strong>uti</strong></span> <span class='ocrx_word' id='word_1_461' title='bbox 632 3703 811 3773; x_wconf 78' lang='lat' dir='ltr'><strong>voluissem,</strong></span> <span class='ocrx_word' id='word_1_462' title='bbox 836 3719 909 3761; x_wconf 85' lang='lat' dir='ltr'><strong>sane</strong></span> <span class='ocrx_word' id='word_1_463' title='bbox 931 3699 1080 3778; x_wconf 82' lang='lat' dir='ltr'><strong>adipsum</strong></span> <span class='ocrx_word' id='word_1_464' title='bbox 1100 3699 1290 3778; x_wconf 88' lang='lat' dir='ltr'><strong>scripsissem</strong></span> <span class='ocrx_word' id='word_1_465' title='bbox 1308 3698 1514 3778; x_wconf 85' lang='lat' dir='ltr'><strong>lseugrinium.</strong></span> 
     </span>
     <span class='ocr_line' id='line_1_42' title="bbox 169 3785 1515 3872; baseline -0.002 -21"><span class='ocrx_word' id='word_1_466' title='bbox 169 3785 225 3851; x_wconf 82' lang='lat' dir='ltr'><strong>lem</strong></span> <span class='ocrx_word' id='word_1_467' title='bbox 255 3803 327 3872; x_wconf 90' lang='lat' dir='ltr'><strong>post</strong></span> <span class='ocrx_word' id='word_1_468' title='bbox 359 3793 469 3852; x_wconf 79' lang='lat' dir='ltr'><strong>festum</strong></span> <span class='ocrx_word' id='word_1_469' title='bbox 502 3792 633 3853; x_wconf 85' lang='lat' dir='ltr'><strong>scribere</strong></span> <span class='ocrx_word' id='word_1_470' title='bbox 662 3810 721 3851; x_wconf 89' lang='lat' dir='ltr'><strong>non</strong></span> <span class='ocrx_word' id='word_1_471' title='bbox 754 3809 887 3870; x_wconf 89' lang='lat' dir='ltr'><strong>possum.</strong></span> <span class='ocrx_word' id='word_1_472' title='bbox 935 3788 1035 3849; x_wconf 75' lang='lat' dir='ltr'><strong>Nolim</strong></span> <span class='ocrx_word' id='word_1_473' title='bbox 1066 3795 1180 3860; x_wconf 87' lang='lat' dir='ltr'><strong>temen,</strong></span> <span class='ocrx_word' id='word_1_474' title='bbox 1215 3806 1309 3867; x_wconf 90' lang='lat' dir='ltr'><strong>neque</strong></span> <span class='ocrx_word' id='word_1_475' title='bbox 1343 3787 1388 3848; x_wconf 92' lang='lat' dir='ltr'><strong>his</strong></span> <span class='ocrx_word' id='word_1_476' title='bbox 1420 3807 1515 3867; x_wconf 88' lang='lat' dir='ltr'><strong>neque</strong></span> 
     </span>
     <span class='ocr_line' id='line_1_43' title="bbox 173 3875 1515 3958; baseline -0.001 -19"><span class='ocrx_word' id='word_1_477' title='bbox 173 3881 361 3957; x_wconf 80' lang='lat' dir='ltr'><strong>superioribus</strong></span> <span class='ocrx_word' id='word_1_478' title='bbox 386 3888 501 3955; x_wconf 90' lang='lat' dir='ltr'><strong>motus,</strong></span> <span class='ocrx_word' id='word_1_479' title='bbox 532 3879 688 3942; x_wconf 87' lang='lat' dir='ltr'><strong>abstineas</strong></span> <span class='ocrx_word' id='word_1_480' title='bbox 713 3881 751 3940; x_wconf 93' lang='lat' dir='ltr'><strong>ab</strong></span> <span class='ocrx_word' id='word_1_481' title='bbox 779 3898 829 3952; x_wconf 90' lang='grc' dir='ltr'><strong>ιο,</strong></span> <span class='ocrx_word' id='word_1_482' title='bbox 864 3877 941 3958; x_wconf 91' lang='lat' dir='ltr'><strong>qnod</strong></span> <span class='ocrx_word' id='word_1_483' title='bbox 970 3875 1023 3938; x_wconf 89' lang='lat' dir='ltr'><strong>tibi</strong></span> <span class='ocrx_word' id='word_1_484' title='bbox 1048 3877 1160 3938; x_wconf 84' lang='lat' dir='ltr'><strong>iactum</strong></span> <span class='ocrx_word' id='word_1_485' title='bbox 1191 3876 1334 3955; x_wconf 88' lang='lat' dir='ltr'><strong>optimum</strong></span> <span class='ocrx_word' id='word_1_486' title='bbox 1357 3876 1515 3938; x_wconf 85' lang='lat' dir='ltr'><strong>videbitur.</strong></span> 
     </span>
     <span class='ocr_line' id='line_1_44' title="bbox 174 3962 1515 4051; baseline -0.004 -20"><span class='ocrx_word' id='word_1_487' title='bbox 174 3962 249 4042; x_wconf 74' lang='lat' dir='ltr'><strong>Nom,</strong></span> <span class='ocrx_word' id='word_1_488' title='bbox 272 3971 322 4051; x_wconf 92' lang='lat' dir='ltr'><strong>qui</strong></span> <span class='ocrx_word' id='word_1_489' title='bbox 346 3970 384 4030; x_wconf 89' lang='lat' dir='ltr'><strong>de</strong></span> <span class='ocrx_word' id='word_1_490' title='bbox 408 3978 461 4031; x_wconf 87' lang='lat' dir='ltr'><strong>tna</strong></span> <span class='ocrx_word' id='word_1_491' title='bbox 483 3968 694 4031; x_wconf 82' lang='lat' dir='ltr'><strong>benevolentis</strong></span> <span class='ocrx_word' id='word_1_492' title='bbox 716 3968 868 4047; x_wconf 81' lang='lat' dir='ltr'><strong>rpinimnm</strong></span> <span class='ocrx_word' id='word_1_493' title='bbox 892 3985 950 4027; x_wconf 93' lang='lat' dir='ltr'><strong>non</strong></span> <span class='ocrx_word' id='word_1_494' title='bbox 974 3965 1092 4036; x_wconf 89' lang='lat' dir='ltr'><strong>dubito,</strong></span> <span class='ocrx_word' id='word_1_495' title='bbox 1116 3984 1173 4026; x_wconf 91' lang='lat' dir='ltr'><strong>non</strong></span> <span class='ocrx_word' id='word_1_496' title='bbox 1193 3982 1316 4045; x_wconf 87' lang='lat' dir='ltr'><strong>possum</strong></span> <span class='ocrx_word' id='word_1_497' title='bbox 1339 3983 1397 4026; x_wconf 88' lang='lat' dir='ltr'><strong>non</strong></span> <span class='ocrx_word' id='word_1_498' title='bbox 1420 3965 1515 4026; x_wconf 88' lang='lat' dir='ltr'><strong>vehe-</strong></span> 
     </span>
     <span class='ocr_line' id='line_1_45' title="bbox 175 4052 1516 4139; baseline 0.002 -27"><span class='ocrx_word' id='word_1_499' title='bbox 175 4066 272 4120; x_wconf 86' lang='lat' dir='ltr'><strong>menter</strong></span> <span class='ocrx_word' id='word_1_500' title='bbox 293 4058 438 4139; x_wconf 86' lang='lat' dir='ltr'><strong>probare,</strong></span> <span class='ocrx_word' id='word_1_501' title='bbox 462 4057 604 4138; x_wconf 89' lang='lat' dir='ltr'><strong>quidquid</strong></span> <span class='ocrx_word' id='word_1_502' title='bbox 628 4058 751 4119; x_wconf 87' lang='lat' dir='ltr'><strong>tandem</strong></span> <span class='ocrx_word' id='word_1_503' title='bbox 775 4055 932 4118; x_wconf 86' lang='lat' dir='ltr'><strong>statueris.</strong></span> <span class='ocrx_word' id='word_1_504' title='bbox 978 4055 1084 4134; x_wconf 86' lang='lat' dir='ltr'><strong>Neque</strong></span> <span class='ocrx_word' id='word_1_505' title='bbox 1107 4055 1215 4132; x_wconf 82' lang='lat' dir='ltr'><strong>exiguo</strong></span> <span class='ocrx_word' id='word_1_506' title='bbox 1234 4052 1332 4132; x_wconf 86' lang='lat' dir='ltr'><strong>majus</strong></span> <span class='ocrx_word' id='word_1_507' title='bbox 1350 4062 1411 4128; x_wconf 88' lang='lat' dir='ltr'><strong>est,</strong></span> <span class='ocrx_word' id='word_1_508' title='bbox 1437 4054 1516 4134; x_wconf 88' lang='lat' dir='ltr'><strong>qnod</strong></span> 
     </span>
     <span class='ocr_line' id='line_1_46' title="bbox 177 4140 1516 4228; baseline -0.001 -22"><span class='ocrx_word' id='word_1_509' title='bbox 177 4140 249 4207; x_wconf 78' lang='lat' dir='ltr'><strong>lete</strong></span> <span class='ocrx_word' id='word_1_510' title='bbox 275 4166 381 4228; x_wconf 89' lang='lat' dir='ltr'><strong>spero,</strong></span> <span class='ocrx_word' id='word_1_511' title='bbox 411 4165 499 4227; x_wconf 84' lang='lat' dir='ltr'><strong>qnam</strong></span> <span class='ocrx_word' id='word_1_512' title='bbox 528 4147 565 4208; x_wconf 91' lang='lat' dir='ltr'><strong>de</strong></span> <span class='ocrx_word' id='word_1_513' title='bbox 589 4146 771 4225; x_wconf 81' lang='lat' dir='ltr'><strong>lsengrinio,</strong></span> <span class='ocrx_word' id='word_1_514' title='bbox 805 4144 943 4226; x_wconf 71' lang='lat' dir='ltr'><strong>quemvis</strong></span> <span class='ocrx_word' id='word_1_515' title='bbox 973 4143 1056 4205; x_wconf 91' lang='lat' dir='ltr'><strong>illum</strong></span> <span class='ocrx_word' id='word_1_516' title='bbox 1090 4143 1162 4204; x_wconf 88' lang='lat' dir='ltr'><strong>mihi</strong></span> <span class='ocrx_word' id='word_1_517' title='bbox 1186 4142 1288 4204; x_wconf 83' lang='lat' dir='ltr'><strong>favere</strong></span> <span class='ocrx_word' id='word_1_518' title='bbox 1313 4143 1403 4215; x_wconf 89' lang='lat' dir='ltr'><strong>diois,</strong></span> <span class='ocrx_word' id='word_1_519' title='bbox 1437 4143 1516 4224; x_wconf 87' lang='lat' dir='ltr'><strong>quod</strong></span> 
     </span>
     <span class='ocr_line' id='line_1_47' title="bbox 178 4224 655 4316; baseline 0.008 -24"><span class='ocrx_word' id='word_1_520' title='bbox 178 4234 224 4292; x_wconf 86' lang='lat' dir='ltr'><strong>trte</strong></span> <span class='ocrx_word' id='word_1_521' title='bbox 246 4239 355 4316; x_wconf 92' lang='lat' dir='ltr'><strong>optime</strong></span> <span class='ocrx_word' id='word_1_522' title='bbox 380 4254 469 4297; x_wconf 88' lang='lat' dir='ltr'><strong>nosse</strong></span> <span class='ocrx_word' id='word_1_523' title='bbox 493 4235 617 4315; x_wconf 89' lang='lat' dir='ltr'><strong>poteris.</strong></span> <span class='ocrx_word' id='word_1_524' title='bbox 649 4224 655 4235; x_wconf 75' lang='grc'><em>’</em></span> 
     </span>
    </p>
   </div>
   <div class='ocr_carea' id='block_1_8' title="bbox 179 4388 1516 4744">
    <p class='ocr_par' dir='ltr' id='par_1_9' title="bbox 179 4388 1516 4744">
     <span class='ocr_line' id='line_1_48' title="bbox 230 4388 1516 4460; baseline -0.005 -15"><span class='ocrx_word' id='word_1_525' title='bbox 230 4394 290 4448; x_wconf 82' lang='lat' dir='ltr'><strong>Huic</strong></span> <span class='ocrx_word' id='word_1_526' title='bbox 300 4395 406 4460; x_wconf 88' lang='lat' dir='ltr'><strong>Kepleri</strong></span> <span class='ocrx_word' id='word_1_527' title='bbox 419 4395 539 4459; x_wconf 84' lang='lat' dir='ltr'><strong>epistolae</strong></span> <span class='ocrx_word' id='word_1_528' title='bbox 555 4395 720 4459; x_wconf 82' lang='lat' dir='ltr'><strong>praecessisse</strong></span> <span class='ocrx_word' id='word_1_529' title='bbox 738 4392 834 4441; x_wconf 86' lang='lat' dir='ltr'><strong>ridetur</strong></span> <span class='ocrx_word' id='word_1_530' title='bbox 851 4389 910 4440; x_wconf 84' lang='lat' dir='ltr'><strong>slia-</strong></span> <span class='ocrx_word' id='word_1_531' title='bbox 921 4388 1052 4452; x_wconf 82' lang='lat' dir='ltr'><strong>explicatio</strong></span> <span class='ocrx_word' id='word_1_532' title='bbox 1069 4388 1201 4440; x_wconf 84' lang='lat' dir='ltr'><strong>machinae</strong></span> <span class='ocrx_word' id='word_1_533' title='bbox 1219 4403 1280 4440; x_wconf 82' lang='lat' dir='ltr'><strong>suae</strong></span> <span class='ocrx_word' id='word_1_534' title='bbox 1300 4390 1424 4445; x_wconf 82' lang='lat' dir='ltr'><strong>coelestis,</strong></span> <span class='ocrx_word' id='word_1_535' title='bbox 1442 4404 1516 4455; x_wconf 86' lang='lat' dir='ltr'><strong>quarn</strong></span> 
     </span>
     <span class='ocr_line' id='line_1_49' title="bbox 180 4461 1515 4532; baseline -0.007 -14"><span class='ocrx_word' id='word_1_536' title='bbox 180 4474 238 4527; x_wconf 76' lang='lat' dir='ltr'><strong>ecque</strong></span> <span class='ocrx_word' id='word_1_537' title='bbox 252 4468 278 4518; x_wconf 87' lang='lat' dir='ltr'><strong>in</strong></span> <span class='ocrx_word' id='word_1_538' title='bbox 293 4466 441 4524; x_wconf 73' lang='lat' dir='ltr'><strong>nunechio,</strong></span> <span class='ocrx_word' id='word_1_539' title='bbox 460 4482 541 4532; x_wconf 89' lang='lat' dir='ltr'><strong>neque</strong></span> <span class='ocrx_word' id='word_1_540' title='bbox 559 4467 624 4516; x_wconf 87' lang='lat' dir='ltr'><strong>inter</strong></span> <span class='ocrx_word' id='word_1_541' title='bbox 641 4465 810 4526; x_wconf 85' lang='lat' dir='ltr'><strong>manuscripta</strong></span> <span class='ocrx_word' id='word_1_542' title='bbox 827 4461 1015 4526; x_wconf 77' lang='lat' dir='ltr'><strong>stuttgartianc</strong></span> <span class='ocrx_word' id='word_1_543' title='bbox 1032 4461 1256 4524; x_wconf 84' lang='lat' dir='ltr'><strong>deprehendimus,</strong></span> <span class='ocrx_word' id='word_1_544' title='bbox 1275 4467 1515 4526; x_wconf 82' lang='lat' dir='ltr'><strong>quamque-secutus</strong></span> 
     </span>
     <span class='ocr_line' id='line_1_50' title="bbox 180 4527 1513 4602; baseline -0.008 -13"><span class='ocrx_word' id='word_1_545' title='bbox 180 4527 301 4588; x_wconf 70' lang='lat' dir='ltr'><strong>lismona</strong></span> <span class='ocrx_word' id='word_1_546' title='bbox 325 4538 447 4602; x_wconf 85' lang='lat' dir='ltr'><strong>judicium</strong></span> <span class='ocrx_word' id='word_1_547' title='bbox 475 4553 546 4589; x_wconf 88' lang='lat' dir='ltr'><strong>suum</strong></span> <span class='ocrx_word' id='word_1_548' title='bbox 574 4551 648 4600; x_wconf 75' lang='lat' dir='ltr'><strong>supra</strong></span> <span class='ocrx_word' id='word_1_549' title='bbox 674 4536 825 4600; x_wconf 88' lang='lat' dir='ltr'><strong>propositum</strong></span> <span class='ocrx_word' id='word_1_550' title='bbox 851 4528 887 4593; x_wconf 84' lang='lat' dir='ltr'><strong>(d.</strong></span> <span class='ocrx_word' id='word_1_551' title='bbox 907 4531 931 4581; x_wconf 94' lang='lat' dir='ltr'><strong>d.</strong></span> <span class='ocrx_word' id='word_1_552' title='bbox 952 4529 993 4580; x_wconf 83' lang='lat'><strong>22.</strong></span> <span class='ocrx_word' id='word_1_553' title='bbox 1014 4532 1085 4582; x_wconf 78' lang='lat' dir='ltr'><strong>Febr.</strong></span> <span class='ocrx_word' id='word_1_554' title='bbox 1105 4528 1147 4580; x_wconf 86' lang='grc'><strong>98.</strong></span> <span class='ocrx_word' id='word_1_555' title='bbox 1173 4539 1222 4581; x_wconf 84' lang='lat' dir='ltr'><strong>vet.</strong></span> <span class='ocrx_word' id='word_1_556' title='bbox 1249 4529 1318 4594; x_wconf 84' lang='lat' dir='ltr'><strong>styli)</strong></span> <span class='ocrx_word' id='word_1_557' title='bbox 1345 4531 1513 4582; x_wconf 79' lang='lat' dir='ltr'><strong>condemnarit</strong></span> 
     </span>
     <span class='ocr_line' id='line_1_51' title="bbox 181 4599 1514 4674; baseline -0.008 -15"><span class='ocrx_word' id='word_1_558' title='bbox 181 4599 270 4659; x_wconf 69' lang='lat' dir='ltr'><strong>leem</strong></span> <span class='ocrx_word' id='word_1_559' title='bbox 287 4608 421 4674; x_wconf 78' lang='lat' dir='ltr'><strong>Keplerus‚</strong></span> <span class='ocrx_word' id='word_1_560' title='bbox 440 4624 502 4658; x_wconf 82' lang='lat' dir='ltr'><strong>noro</strong></span> <span class='ocrx_word' id='word_1_561' title='bbox 521 4613 595 4674; x_wconf 84' lang='lat' dir='ltr'><strong>capto</strong></span> <span class='ocrx_word' id='word_1_562' title='bbox 613 4609 721 4672; x_wconf 82' lang='lat' dir='ltr'><strong>impetu.</strong></span> <span class='ocrx_word' id='word_1_563' title='bbox 740 4621 791 4657; x_wconf 85' lang='lat' dir='ltr'><strong>rem</strong></span> <span class='ocrx_word' id='word_1_564' title='bbox 811 4603 917 4654; x_wconf 64' lang='lat' dir='ltr'><strong>macrim</strong></span> <span class='ocrx_word' id='word_1_565' title='bbox 935 4603 1009 4666; x_wconf 88' lang='lat' dir='ltr'><strong>paulo</strong></span> <span class='ocrx_word' id='word_1_566' title='bbox 1028 4609 1084 4667; x_wconf 87' lang='lat' dir='ltr'><strong>post</strong></span> <span class='ocrx_word' id='word_1_567' title='bbox 1103 4616 1234 4668; x_wconf 76' lang='lat' dir='ltr'><strong>eggressus</strong></span> <span class='ocrx_word' id='word_1_568' title='bbox 1253 4610 1300 4660; x_wconf 83' lang='lat' dir='ltr'><strong>est,</strong></span> <span class='ocrx_word' id='word_1_569' title='bbox 1319 4602 1427 4665; x_wconf 83' lang='lat' dir='ltr'><strong>pluribus</strong></span> <span class='ocrx_word' id='word_1_570' title='bbox 1444 4615 1514 4650; x_wconf 89' lang='lat' dir='ltr'><strong>men·</strong></span> 
     </span>
     <span class='ocr_line' id='line_1_52' title="bbox 179 4672 1513 4744; baseline -0.007 -12"><span class='ocrx_word' id='word_1_571' title='bbox 179 4678 216 4724; x_wconf 66' lang='lat' dir='ltr'><strong>ltu</strong></span> <span class='ocrx_word' id='word_1_572' title='bbox 229 4693 293 4731; x_wconf 74' lang='lat' dir='ltr'><strong>sum</strong></span> <span class='ocrx_word' id='word_1_573' title='bbox 311 4680 438 4744; x_wconf 78' lang='lat' dir='ltr'><strong>explicans</strong></span> <span class='ocrx_word' id='word_1_574' title='bbox 455 4680 533 4731; x_wconf 76' lang='lat' dir='ltr'><strong>itane</strong></span> <span class='ocrx_word' id='word_1_575' title='bbox 551 4681 577 4730; x_wconf 91' lang='lat' dir='ltr'><strong>d.</strong></span> <span class='ocrx_word' id='word_1_576' title='bbox 588 4679 613 4730; x_wconf 85' lang='lat' dir='ltr'><strong>d.</strong></span> <span class='ocrx_word' id='word_1_577' title='bbox 635 4678 675 4728; x_wconf 85' lang='lat' dir='ltr'><strong>ll.</strong></span> <span class='ocrx_word' id='word_1_578' title='bbox 688 4679 757 4729; x_wconf 81' lang='lat' dir='ltr'><strong>Jnnii</strong></span> <span class='ocrx_word' id='word_1_579' title='bbox 778 4673 855 4733; x_wconf 78' lang='lat'><strong>1598,</strong></span> <span class='ocrx_word' id='word_1_580' title='bbox 872 4688 943 4740; x_wconf 81' lang='lat' dir='ltr'><strong>ques,</strong></span> <span class='ocrx_word' id='word_1_581' title='bbox 961 4673 1049 4739; x_wconf 76' lang='lat' dir='ltr'><strong>liugos</strong></span> <span class='ocrx_word' id='word_1_582' title='bbox 1068 4674 1218 4724; x_wconf 79' lang='lat' dir='ltr'><strong>Gemanica</strong></span> <span class='ocrx_word' id='word_1_583' title='bbox 1233 4674 1300 4725; x_wconf 81' lang='lat' dir='ltr'><strong>bunc</strong></span> <span class='ocrx_word' id='word_1_584' title='bbox 1318 4675 1345 4725; x_wconf 85' lang='lat' dir='ltr'><strong>in</strong></span> <span class='ocrx_word' id='word_1_585' title='bbox 1361 4672 1437 4723; x_wconf 74' lang='lat' dir='ltr'><strong>inm</strong></span> <span class='ocrx_word' id='word_1_586' title='bbox 1454 4685 1513 4723; x_wconf 89' lang='lat' dir='ltr'><strong>oon-</strong></span> 
     </span>
    </p>
   </div>
   <div class='ocr_carea' id='block_1_9' title="bbox 179 4744 1136 4831">
    <p class='ocr_par' dir='ltr' id='par_1_10' title="bbox 179 4744 1136 4831">
     <span class='ocr_line' id='line_1_53' title="bbox 179 4744 1136 4831; baseline -0.014 -23"><span class='ocrx_word' id='word_1_587' title='bbox 179 4744 1136 4831; x_wconf 63' lang='lat' dir='ltr'><strong>eue‚renqersersonrnnasganeemmnm,numoa:</strong></span> 
     </span>
    </p>
   </div>
   <div class='ocr_carea' id='block_1_10' title="bbox 0 0 1689 5482">
    <p class='ocr_par' dir='ltr' id='par_1_11' title="bbox 0 0 1689 5482">
     <span class='ocr_line' id='line_1_54' title="bbox 0 0 1689 5482; baseline 0 0"><span class='ocrx_word' id='word_1_588' title='bbox 0 0 1689 5482; x_wconf 95' lang='lat' dir='ltr'><strong> </strong></span> 
     </span>
    </p>
   </div>
  </div>
 </body>
</html>
