3366 5482
755 258 839 323 caput
856 258 937 310 xvir.
960 281 964 289 ·
1165 316 1171 324 ¹
1472 257 1532 324 163

174 412 363 475 nihilomiuus
387 433 444 495 ego
468 434 526 478 uon
551 417 675 494 dubito,
710 418 778 498 quiu
809 427 929 480 creator
953 418 991 480 ad
1014 419 1128 496 figurae
1151 417 1237 496 hujus
1260 418 1478 498 praescriptum
1503 419 1531 479 iu

173 500 302 563 motibus
326 503 476 565 Mercurio
500 505 668 568 tribuendis
692 508 869 587 respexerit.
917 500 985 577 Quo
1009 506 1138 568 divinior
1160 505 1257 585 magis
1281 507 1436 587 magisque
1460 507 1533 569 mihi

172 598 202 650 et
225 592 413 654 astronomia
435 601 467 654 et
491 591 651 674 Copemici
673 595 789 675 placita
813 595 942 658 ethaeo
966 594 1033 674 ipsa
1056 592 1076 656 5
1101 613 1230 674 corpora
1252 595 1398 657 videntur.

259 676 418 749 Quaerant
441 681 502 757 alii,
527 683 577 762 qui
600 684 759 759 volueriut,
784 692 951 747 ceterarum
970 684 1062 744 etiam
1082 683 1343 747 ecceutricitatum
1362 703 1471 746 causas
1495 686 1533 745 ex'
1629 717 1630 721 =

173 767 234 829 suis
259 785 393 848 quasque
417 772 602 850 corporibus.
638 769 713 835 Cum
738 774 816 835 euim
839 791 935 853 neque
959 771 1016 833 hae
1040 771 1278 833 exorbitationes
1297 773 1396 834 aDeo
1420 782 1533 834 temere

172 866 202 917 et
225 856 289 918 sius
314 875 408 919 causa
435 867 541 922 mutae
569 861 694 941 siugulis
723 860 855 941 planetis
888 861 1023 923 indultas
1056 860 1138 922 sint:
1172 879 1230 921 nou
1264 860 1454 939 desperanda
1486 870 1534 922 est

171 962 265 1027 usquo
288 945 395 1008 harum
418 966 577 1011 causarum
600 950 805 1030 investigatio.
822 954 850 1023 ο)

256 1033 361 1109 Ροιιο,
387 1044 422 1096 ιιι
437 1039 571 1100 varietas
586 1039 727 1101 Mercurii
748 1040 785 1100 ad
810 1037 973 1100 ocuedrou
998 1036 1251 1109 accommodetur,
1277 1036 1320 1097 sic
1344 1037 1395 1116 agi
1418 1046 1533 1117 posset.

170 1120 346 1185 Sumerotur
368 1128 523 1206 proportio
547 1137 676 1191 ecceutr.
703 1132 724 1206 p
749 1129 786 1189 ad
812 1125 988 1189 distantiam
1012 1125 1143 1186 mediam
1173 1121 1255 1201 ιιΘ
1286 1142 1341 1205 pro
1373 1136 1470 1200 certa,
1500 1134 1536 1188 ut

170 1212 239 1292 quia
260 1213 291 1277 iu
316 1211 484 1293 Coperuico
513 1217 660 1278 distantia
688 1218 783 1288 (sicut
805 1217 892 1278 vides
914 1214 944 1275 iu
969 1214 1125 1275 schemate
1149 1210 1192 1276 23
1217 1221 1248 1273 et
1271 1211 1329 1288 24)
1359 1215 1535 1294 longissima

169 1311 217 1362 est
238 1297 325 1376 488,
358 1303 539 1367 brevissima
563 1303 646 1380 231,
678 1306 779 1367 media
806 1306 898 1384 igitur
921 1303 979 1365 erit
1004 1298 1088 1374 360,
1121 1311 1154 1362 et
1181 1303 1337 1364 crassities
1368 1311 1435 1365 tota
1457 1300 1533 1366 257.

171 1389 255 1452 llaec
273 1389 338 1468 jam
361 1394 521 1455 crassities
544 1394 746 1474 corrigeretur
775 1392 1058 1473 proportionaliter,
1091 1399 1125 1451 ut
1153 1391 1223 1470 quia
1245 1392 1375 1453 circulus
1399 1391 1534 1454 octaedri

170 1496 222 1558 pro
244 1474 329 1554 488,
353 1499 476 1543 numero
501 1480 682 1561 Coperuici,
713 1483 840 1563 largitur
864 1501 922 1542 uou
945 1481 1013 1559 plus
1036 1475 1115 1553 474,
1147 1497 1219 1558 ergo
1242 1479 1398 1541 crassities
1423 1481 1481 1542 erit
1503 1479 1532 1540 in

170 1566 224 1629 hac
252 1569 448 1649 proportione
472 1569 557 1647 250,
591 1579 624 1632 et
653 1572 752 1632 media
779 1580 917 1632 correcta
944 1568 1091 1630 distantia
1120 1562 1194 1630 349.
1242 1567 1312 1629 Jaru
1340 1569 1428 1644 vide,
1464 1567 1535 1650 quid

170 1657 249 1719 orbis
272 1658 303 1718 iu
327 1659 472 1721 octaedro
496 1660 649 1734 admittat,
674 1661 793 1723 scilicet
812 1656 887 1722 387.
926 1658 1106 1718 Differentia
1128 1656 1219 1734 igitur
1242 1657 1322 1717 iuter
1342 1652 1416 1732 387,
1442 1655 1532 1719 ultis·

170 1746 275 1807 simam
299 1746 380 1809 orbis
404 1757 437 1809 et
460 1744 524 1812 343
552 1751 701 1823 mediam,
734 1758 782 1811 est
806 1744 867 1820 38,
901 1755 933 1809 et
963 1746 1084 1825 duplum
1108 1742 1171 1818 76,
1203 1745 1360 1806 crassities
1389 1745 1470 1807 orbis
1494 1746 1533 1808 ad

170 1834 287 1896 modum
311 1843 497 1913 ceterorum,
529 1839 625 1917 major
649 1839 768 1918 quidem
793 1837 889 1898 adhuc
913 1853 1002 1916 quam
1026 1834 1175 1907 Veneris,
1204 1833 1257 1893 sed
1281 1842 1382 1894 tamen
1407 1854 1465 1895 nou
1489 1835 1534 1896 ita

170 1923 318 1985 immanis.
352 1923 491 2006 dialique
514 1927 683 1988 differentia
706 1927 786 1988 iuter
809 1925 989 1986 altissimam
1013 1922 1094 1984 orbis
1122 1920 1186 1986 387
1212 1930 1244 1983 et
1266 1921 1446 1984 altissimam
1471 1924 1532 1986 cir·

170 2013 226 2074 culi
249 2007 331 2087 474,
362 2031 438 2094 quae
463 2024 513 2077 est
535 2013 592 2090 87,
623 2016 750 2078 debetur
777 2013 922 2094 peculiari
946 2011 1159 2073 exorbitationi
1184 2011 1336 2072 Mercurii.
1383 2011 1449 2072 Hoc
1474 2010 1530 2074 ias·

169 2120 289 2182 perparca
313 2119 351 2162 au
375 2102 585 2184 abjiciendum,
610 2124 647 2166 au
672 2103 892 2167 conciliandum
915 2120 981 2162 cum
1004 2096 1145 2177 inodrmp
1170 2099 1265 2160 forma
1288 2107 1422 2161 motuum
1445 2101 1476 2160 iu
1499 2102 1529 2178 8,

169 2208 204 2250 su
233 2208 314 2253 nova
340 2200 474 2254 motuum
503 2193 581 2254 ratio
615 2192 844 2266 constituenda,
879 2190 1071 2253 considerent
1104 2189 1246 2250 artifices.
1293 2189 1358 2250 Neo
1382 2188 1460 2250 euim
1486 2188 1531 2250 ita

170 2278 241 2342 bene
256 2281 406 2359 explorati
421 2290 491 2342 suut
505 2301 621 2344 errores
636 2282 726 2362 hujus
745 2281 862 2354 sideris,
888 2288 922 2341 ut
944 2279 1009 2357 ejus
1033 2278 1114 2340 orbis
1138 2276 1325 2340 correctione
1345 2296 1402 2339 non
1428 2285 1527 2358 egeat.

514 2459 558 2521 IN
583 2457 724 2522 CAPUT
746 2456 943 2520 DECIMUM
967 2452 1183 2518 SEPTIMUM

695 2578 810 2629 uorsa
829 2576 1006 2629 sucronrs.

246 2682 279 2755 a)
301 2688 392 2751 Quale
423 2688 460 2742 sit
480 2688 562 2750 illud,
593 2691 664 2759 quod
695 2688 814 2743 artifices
844 2688 1025 2758 peculiariter
1054 2689 1214 2742 adscribunt
1240 2690 1389 2754 Mercurio,
1427 2691 1529 2745 rectius

167 2775 245 2838 petes
281 2785 318 2821 ex
348 2767 509 2822 Ptolemaeo
540 2769 613 2838 ipso,
648 2785 738 2838 exque
769 2767 917 2822 Purbaclrii
945 2775 974 2822 et
1003 2769 1145 2822 Maestlini
1175 2768 1328 2823 Theoricis:
1346 2764 1383 2839 ⁵⁸)
1414 2770 1529 2842 denique

167 2850 299 2918 quomodo
324 2846 491 2918 Copernicus
521 2849 588 2902 illud
619 2849 721 2918 duplici
748 2849 795 2902 via
825 2848 902 2918 (quia
930 2848 982 2902 sibi
1012 2848 1071 2917 ipse
1102 2866 1155 2901 uon
1176 2847 1327 2918 satisfecit)
1357 2851 1384 2904 iu
1416 2851 1529 2904 formam

166 2944 277 2982 suarum
296 2929 493 2998 hypothesium
514 2929 705 2991 transtulerit,
737 2946 767 2982 se
788 2929 877 2998 ipsum
898 2935 991 2982 tamen
1019 2929 1185 2992 confuderit,
1217 2930 1280 2997 plus
1312 2929 1414 3000 aliquid
1445 2946 1529 3000 prae·

164 3013 256 3062 staua
283 3007 346 3078 (per
375 3025 439 3062 suos
469 3015 559 3062 motus
594 3009 820 3080 triangulatiouis
856 3007 974 3078 alicujus
1010 3003 1147 3077 aemulos)
1179 3023 1261 3078 quam
1296 3026 1333 3062 ex
1367 3010 1528 3064 Ptolemaeo

163 3088 217 3143 sibi
244 3096 431 3159 proposuerat
458 3089 677 3158 exprimendum:
709 3089 736 3142 id
763 3096 850 3142 totum
877 3106 928 3141 uec
949 3091 1018 3142 adeo
1043 3087 1227 3141 necessarium
1252 3095 1296 3141 est
1316 3089 1368 3143 hoc
1395 3090 1456 3143 looo
1478 3101 1527 3143 ex·

160 3169 276 3239 plicari,
308 3184 369 3222 mum
394 3168 432 3222 sit
456 3170 489 3222 de
518 3168 690 3238 opinionibus
712 3168 862 3231 homiuum,
891 3186 944 3222 nou
966 3170 999 3221 de
1020 3168 1139 3222 veritate
1159 3184 1263 3230 rerum;
1295 3175 1325 3222 et
1344 3169 1368 3222 si
1389 3170 1451 3239 quid
1473 3170 1527 3223 uti-

159 3249 231 3304 liter
251 3249 305 3303 dici
327 3255 434 3319 potest,
466 3249 568 3303 rectius
590 3250 721 3304 aliorsum
742 3249 875 3318 rejicitur.
918 3249 949 3302 lu
969 3266 1000 3303 re
1020 3249 1101 3311 euim,
1123 3249 1176 3302 hoc
1196 3255 1253 3312 est,
1283 3251 1353 3319 quod
1373 3250 1525 3304 Mercurius

159 3329 236 3385 facit
256 3345 395 3383 enormem
424 3329 658 3384 eceeutricitatem
685 3330 780 3383 circuli
801 3329 842 3382 sui
872 3345 891 3382 a
911 3328 988 3392 Sole,
1021 3319 1100 3399 quem
1120 3328 1251 3383 circulum
1271 3330 1448 3385 Ptolemaeus
1469 3331 1526 3400 epi·

158 3410 287 3481 cyclum,
310 3425 365 3480 ego
386 3409 567 3463 ecoeutrioum
588 3411 660 3473 dico,
683 3411 809 3480 quodque
829 3409 856 3462 iu
878 3409 927 3462 illo
948 3408 1033 3462 etiam
1054 3409 1206 3463 ecceutrico
1227 3416 1352 3464 moretur
1371 3411 1525 3482 inaequali·

158 3497 216 3554 ter,
237 3491 274 3544 ad
295 3488 500 3559 proportionem
521 3490 745 3544 eccentricitatis.
786 3491 832 3542 Ex
852 3488 896 3542 his
917 3488 1057 3558 principiis
1080 3495 1110 3542 et
1129 3507 1166 3543 ex
1186 3489 1391 3545 ecceutrioitate
1407 3491 1525 3545 Telluris

160 3572 299 3641 quomodo
330 3569 449 3622 conflata
479 3569 516 3623 sit
544 3569 696 3638 phantasia
717 3570 768 3622 illa
788 3568 903 3639 duplicis
934 3569 962 3622 iu
983 3569 1119 3623 Mercurio
1149 3566 1289 3640 perigaei,
1322 3578 1351 3624 et
1376 3571 1415 3624 sic
1436 3578 1525 3625 motus

161 3650 244 3720 quasi
265 3648 462 3720 triangularis:
493 3649 520 3703 id
541 3650 728 3719 explicabitur
749 3649 776 3702 iu
797 3648 1032 3702 demonstratione
1053 3656 1174 3703 motuum
1195 3648 1339 3712 Mercurii,
1370 3668 1421 3704 nec
1440 3651 1525 3720 plane

164 3735 313 3798 praetereo
334 3743 466 3782 summam
487 3729 527 3782 rei
549 3730 576 3783 in
597 3729 673 3799 Epit.
694 3734 770 3783 Astr.
793 3729 841 3782 lib.
863 3728 910 3782 Vl.
952 3728 1060 3782 Sufficit
1080 3729 1132 3783 boc
1152 3729 1212 3781 loco
1233 3729 1302 3781 illud
1322 3746 1444 3793 monere,
1470 3747 1525 3783 non

168 3825 229 3862 esse
258 3808 343 3877 hujus
375 3807 581 3878 singularitatis
602 3809 774 3864 Mercurialis
797 3825 909 3863 causam
932 3808 1052 3879 aliquam
1084 3808 1292 3878 archetypicam
1324 3827 1359 3863 ex
1382 3811 1522 3872 octaedro,

169 3903 253 3960 eoque
273 3889 376 3944 mam
394 3889 478 3958 hujus
499 3888 599 3960 capitis
620 3890 803 3960 hypothesin:
831 3888 1058 3955 jucundissimam
1087 3894 1179 3942 tamen
1200 3889 1419 3943 recordationem
1440 3885 1523 3958 h'qjus

172 3960 382 4037 epichirematis,
413 3976 445 4022 ut
463 3976 614 4039 appareat,
642 3970 740 4039 quibus
761 3969 938 4040 ignorantiae
958 3969 1093 4042 gradibus
1116 3969 1150 4021 ad
1172 3969 1358 4023 astronomiae
1379 3970 1523 4024 scientiam

175 4053 201 4102 a
216 4048 440 4104 constitutionem
461 4050 638 4103 ascenderim.

243 4128 274 4196 b)
296 4129 392 4199 Neque
412 4130 466 4183 hoo
485 4130 660 4200 undiquaque
681 4129 721 4183 sic
740 4128 841 4183 habet:
873 4128 984 4182 Saturni
1006 4128 1113 4198 quidem
1134 4145 1202 4182 vera
1223 4129 1414 4184 ecceutricitas
1436 4129 1525 4199 major

179 4213 216 4260 est
229 4209 344 4274 loriali,
364 4208 441 4262 Joris
461 4226 527 4263 roro
548 4209 634 4263 multo
654 4209 742 4263 minor
761 4208 887 4262 Martiali
907 4209 1037 4262 inferiori.

244 4287 270 4355 c)
291 4290 378 4345 Nemo
408 4288 517 4353 extitit,
549 4289 595 4360 qui
616 4296 772 4361 quaereret.
815 4289 947 4350 Quaerite
978 4296 1007 4342 et
1036 4288 1191 4342 invenietis.
1235 4289 1378 4352 Quaesivi,
1410 4297 1439 4343 et
1460 4307 1523 4343 ecce

184 4361 266 4435 iuveni,
286 4368 334 4424 lib.
356 4369 391 4424 V.
411 4370 651 4433 Harmonicorum,
674 4385 772 4423 cauam
792 4362 1072 4438 praestantissimas(
1100 4371 1177 4422 Adeo
1199 4370 1300 4422 bonum
1321 4375 1351 4423 et
1369 4371 1451 4423 fidum
1472 4369 1525 4421 hoo

185 4457 246 4502 ouen
267 4449 337 4504 fuit:
366 4449 440 4504 Non
460 4451 661 4520 desperare:
690 4452 759 4503 adeo
780 4449 889 4518 pollens
910 4455 940 4502 et
961 4465 1120 4520 praegnans
1143 4449 1255 4503 axioma
1279 4448 1324 4502 hio
1345 4455 1522 4519 usurpatum:

184 4518 267 4583 llihil
286 4545 305 4584 a
324 4528 398 4584 Deo
419 4535 552 4584 temere
573 4529 813 4585 constitutum.

757 4757 929 4772 -——
