3366 5482
219 286 285 357 368
640 290 742 342 literae
758 290 862 357 [spleni
879 293 1032 359 aliorumque
1048 297 1152 343 mutuae

216 450 338 503 mae
356 461 415 499 mea
431 447 512 499 adhuc
531 449 670 512 acquiesco.
707 449 764 499 Nou
782 465 847 516 nego
867 459 969 508 nmen,
993 451 1143 515 Ksplm,
1167 454 1196 498 nt
1221 445 1455 499 excellentissimum
1477 461 1577 514 pome-

216 528 292 581 ω,
310 523 408 571 interea
425 519 524 568 modum
542 521 705 585 excogitasse,
726 535 775 585 quo
795 536 812 572 a
828 523 945 587 gradibus
964 521 1172 585 conjecturalibus
1189 519 1329 569 liberemur.
1366 519 1421 584 Ege
1438 526 1500 570 tnnc
1513 526 1578 570 tem-

216 594 282 658 poris
299 593 368 642 reiut
385 581 632 645 «braimensem
647 590 697 640 hac
715 592 850 649 facultate,
878 601 904 642 et
926 594 1084 658 geometricis
1111 590 1361 642 demonstrationibus
1387 591 1470 640 minus
1492 603 1577 641 assua-

217 663 308 722 iactus,
327 663 391 719 ieci,
410 661 474 725 quod
492 663 569 724 potui.
606 661 654 710 Vix
672 663 738 712 enim
755 678 799 726 per
816 664 942 714 biennium
964 666 1028 714 serio
1046 671 1106 713 tuuc
1125 663 1292 712 amoenits
1308 667 1489 719 mnsam.
1513 662 1579 710 omni

218 747 307 784 careus
325 738 494 797 praeceptore.
532 731 608 795 Spero
627 734 725 796 itaque,
748 733 781 782 Ι).
800 735 935 799 Keplerum
955 734 1086 783 humanius
1104 749 1145 783 me
1163 739 1342 787 hmtsmmm.
1369 731 1431 782 licet
1454 731 1579 797 quaedam

220 803 411 856 hartificialiter
428 804 453 851 in
472 803 587 852 methodo
609 818 668 852 mea
685 805 835 854 tradiderim.
875 806 948 855 Aliud
972 813 1012 854 est
1034 807 1143 854 invenire
1166 805 1239 868 qnid,
1265 802 1380 866 aliudque
1404 802 1430 852 id
1451 804 1580 868 ingeniose

219 876 319 926 tradere
338 882 365 924 et
382 874 479 923 docere.
517 873 579 933 Quis
598 876 663 924 enim
687 883 747 925 ante
772 891 812 925 me
837 877 935 927 tabulas
959 877 1089 926 erectionis
1115 881 1142 924 et
1166 875 1307 926 madonis
1332 873 1486 924 Ptolemaios
1508 875 1580 924 modo

220 947 389 996 Mtuendae
407 958 515 1008 unquam
533 940 686 1007 publicanti
722 946 844 1010 Keplerus
863 948 895 997 de
913 947 1016 1012 Magino
1040 953 1108 997 recte
1126 949 1218 1002 sentit,
1241 947 1321 1009 ipsum
1344 959 1403 1006 suas
1426 945 1527 994 tabulas
1550 958 1580 993 ea

219 1019 281 1067 mels
299 1015 387 1066 saltem
407 1015 581 1079 descripsisse,
610 1016 636 1064 id
654 1017 718 1080 qood
736 1018 794 1067 mihi
818 1021 880 1067 satis
904 1019 1036 1067 constabat
1063 1024 1123 1066 aute
1150 1017 1256 1067 reditum
1273 1030 1357 1065 meum
1376 1030 1407 1065 es
1425 1015 1509 1069 ltalia.
1546 1017 1580 1064 At

222 1087 371 1153 redarguere
390 1085 457 1135 illum
475 1086 572 1148 publice
589 1086 670 1143 nolui,
697 1103 745 1137 non
765 1089 830 1137 euim
849 1090 873 1137 id
892 1089 940 1138 loci
958 1096 985 1139 et
1001 1089 1120 1153 temporis
1138 1096 1199 1138 tunc
1217 1087 1360 1151 patiebatur
1377 1087 1469 1136 ratiost·
1509 1085 1579 1147 Quae

219 1157 315 1223 reliqua
339 1165 398 1207 sunt
421 1157 494 1217 hujus
519 1157 593 1206 Marii
611 1158 731 1220 epistolas
757 1159 790 1208 ad
810 1159 962 1222 Dioptricam
981 1160 1084 1223 Kepleri
1111 1167 1169 1209 sunt
1187 1157 1332 1215 referenda.
1361 1157 1403 1207 ubi
1422 1158 1532 1222 pluribus
1550 1157 1579 1207 de

221 1228 295 1280 Harii
312 1230 412 1293 ingenio
430 1234 457 1276 et
474 1229 593 1282 moribus.
622 1229 852 1294 detectiouibmque
875 1245 937 1295 quas
959 1232 1005 1280 sibi
1023 1231 1158 1279 vindicarit
1176 1243 1286 1295 agemus
1323 1228 1372 1280 Hie
1390 1235 1490 1278 murm
1508 1233 1578 1279 uota·

219 1314 283 1357 mu.
302 1298 400 1349 tabulas
417 1297 472 1355 has,
492 1313 554 1363 quas
571 1300 680 1364 glorians
699 1301 760 1350 dicit
779 1315 812 1359 „a
830 1315 857 1351 se
875 1301 1005 1351 iuventas*
1033 1309 1059 1350 et
1078 1315 1094 1349 a
1112 1300 1215 1365 Magino
1234 1301 1388 1363 descriptas.
1412 1300 1507 1349 minimi
1527 1314 1578 1350 ease

220 1372 338 1421 momenti
361 1384 441 1434 neque
460 1370 518 1433 quid
541 1372 596 1419 nori
615 1373 748 1421 continere.
787 1372 897 1422 Tabulas
915 1373 1109 1422 declinationum
1133 1378 1159 1421 et
1177 1372 1240 1421 coeli
1258 1372 1436 1420 mediatiouum
1455 1386 1470 1420 e
1487 1370 1578 1436 Regio-

219 1447 338 1491 montano
358 1439 483 1490 desnmtas
501 1442 553 1503 ipse
571 1441 672 1496 iatstur,
693 1443 807 1500 ,tabulas
825 1458 882 1493 sero
901 1444 1028 1492 domorum
1046 1449 1194 1507 supputasse
1214 1444 1322 1490 amicum
1340 1443 1510 1506 angustinum
1528 1441 1577 1491 La·

221 1513 290 1562 nium
303 1510 479 1561 0noldiuum.“
518 1510 647 1561 Calauium
660 1521 745 1562 autem
763 1513 829 1562 huuc
843 1515 947 1563 absolvit
960 1513 1022 1564 duce
1034 1513 1179 1563 lohanne
1191 1513 1383 1576 Hispalensi
1402 1508 1456 1573 (ed.
1469 1512 1579 1563 neuere·

221 1581 306 1633 Norih.
328 1578 418 1642 ¹5⁴8),
438 1596 511 1646 quem
540 1584 654 1646 „saepius
674 1584 779 1648 legendo
798 1585 844 1633 sibi
864 1585 995 1634 admodum
1014 1585 1160 1634 familiarem
1178 1583 1345 1640 reddiderat,“
1372 1589 1399 1632 et
1416 1584 1494 1633 rerba
1510 1583 1579 1647 huius

222 1655 331 1704 auctoris
348 1653 457 1702 noudum
474 1653 615 1718 intelligens
635 1655 793 1712 „methodum
812 1655 875 1705 coeli
894 1656 1018 1706 domicilia
1036 1655 1189 1706 describendi
1207 1657 1260 1718 ipse
1279 1653 1430 1702 adinvenit⁸⁴
1463 1654 1511 1703 His
1527 1669 1578 1718 per·

222 1725 300 1789 ceptis
323 1725 444 1780 fatemur,
470 1725 567 1773 nescire
586 1739 631 1774 nos
648 1731 729 1774 utrum
748 1727 824 1775 rerba
842 1725 914 1775 Marii
933 1727 997 1776 baec
1014 1741 1057 1789 pro
1076 1728 1139 1775 reris
1158 1724 1303 1788 accipienda
1320 1725 1370 1773 siut
1387 1739 1483 1775 necue:
1505 1725 1579 1794 ,Imq

153 1803 155 1807 ’
221 1795 287 1859 quod
304 1795 357 1859 plus
377 1801 423 1854 est,
442 1793 508 1844 hauc
527 1802 606 1844 totam
619 1796 729 1861 erigendi
742 1797 833 1862 figuras
847 1799 909 1848 coeli
926 1799 1049 1847 rationem
1061 1798 1199 1863 mcogitari
1211 1798 1287 1860 prius.
1306 1809 1382 1860 quam
1400 1796 1439 1846 rel
1452 1797 1581 1861 quicquam

221 1866 248 1916 is
264 1867 391 1916 autoribus
409 1866 441 1914 de
459 1879 492 1915 ea
508 1865 583 1930 legi·

314 1953 529 2016 Gratissimum
557 1954 711 2016 inseruisti
734 1954 909 2034 duoypoqos
932 1954 1032 2016 Marii.
1081 1953 1143 2016 Sed
1177 1953 1213 2014 de
1247 1953 1342 2033 ipsius
1373 1953 1487 2016 tabulis
1517 1955 1580 2016 dis-

222 2051 346 2124 ceptare
370 2043 496 2104 ulterius
521 2043 636 2105 animus
661 2043 814 2105 mihinon
838 2052 895 2104 est.
943 2041 1062 2104 Sufficit
1085 2043 1152 2116 hoc,
1176 2043 1255 2123 quod
1281 2042 1352 2117 dini,
1377 2042 1582 2104 incommodas

221 2150 378 2205 escensu,
403 2131 482 2209 qnod
507 2131 592 2192 video
616 2140 768 2193 auctorem
793 2132 891 2193 fateri.
939 2131 1096 2212 Dirigendi
1120 2141 1153 2192 et
1167 2131 1301 2211 erigendi
1326 2131 1476 2192 rationem
1500 2151 1581 2194 more

223 2219 409 2281 Ptolemaide
442 2219 555 2280 tradidi
584 2219 638 2280 tihi
662 2221 691 2281 in
715 2220 845 2294 chartis;
878 2219 980 2281 ibide
1010 2220 1214 2280 laudamentis
1236 2219 1324 2299 hujus
1348 2219 1393 2281 rei
1417 2238 1456 2281 ex
1476 2221 1582 2283 Ptole-

222 2325 308 2370 maeo
332 2308 518 2387 disputatum
542 2308 735 2370 sufficienter.
782 2309 884 2370 Nolim
907 2326 979 2369 vero
1001 2308 1073 2369 mihi
1089 2307 1303 2369 necessitatem
1322 2308 1435 2387 imponi
1459 2310 1584 2371 eundem

215 2396 393 2460 ‘resumendi
418 2396 550 2457 laborem
575 2396 604 2458 in
628 2416 660 2457 re
684 2405 746 2458 tam
765 2397 834 2458 vilis
858 2397 1012 2458 momenti.
1059 2396 1201 2477 Sequitur
1224 2396 1254 2457 in
1270 2396 1370 2458 Mario
1385 2396 1477 2459 anxia
1501 2417 1582 2460 com·

220 2483 341 2566 paratio
365 2503 475 2558 eorum,
501 2504 577 2564 quae
601 2485 665 2564 ipse
688 2485 800 2564 primus
825 2486 1012 2565 computavit
1035 2494 1067 2546 et
1086 2484 1315 2557 demonstravit,
1340 2503 1407 2546 cum
1431 2484 1480 2560 iis,
1506 2505 1581 2567 quae

222 2591 269 2636 me
293 2573 432 2652 agnoscit
456 2573 624 2635 reddidisse
648 2574 861 2649 commodiora,
885 2573 931 2635 cui
956 2573 1147 2652 subjungitur
1171 2573 1360 2652 deprecatio,
1386 2593 1422 2634 ne
1444 2574 1582 2636 inhuma-

223 2660 342 2724 manius
365 2661 461 2740 ipsum
486 2671 625 2724 tractem.
671 2663 739 2725 Nisi
765 2663 868 2736 fallor,
893 2672 926 2724 tu
950 2662 993 2724 illi
1016 2661 1176 2741 scripsisti,
1201 2681 1249 2723 me
1273 2661 1410 2741 publicas
1435 2663 1582 2725 adversus

225 2751 321 2831 ipsum
337 2751 507 2829 suscepisse
527 2750 708 2824 inimicitias,
734 2752 868 2831 adeoque
880 2752 944 2830 jam
959 2750 1108 2824 hostilem,
1132 2751 1158 2811 si
1175 2750 1239 2811 Deo
1259 2751 1369 2829 placet,
1391 2750 1500 2813 libmm
1514 2752 1583 2815 mihi

221 2837 280 2900 sub
302 2838 439 2900 manibus
463 2840 588 2902 versari.
636 2840 680 2901 At
703 2839 748 2899 ita
770 2840 842 2901 mihi
868 2841 946 2900 bona
968 2858 1052 2900 mens
1077 2841 1193 2912 faveat,
1223 2840 1268 2900 uti
1290 2858 1347 2916 ego
1379 2858 1531 2919 uunquam
1555 2841 1583 2902 in

223 2927 270 2989 his
298 2926 415 3006 apiuis,
449 2929 558 2988 nedum
590 2927 621 2988 in
650 2928 918 2989 emendatiunculis
952 2928 1045 2989 ullam
1073 2927 1188 3007 gloriae
1209 2923 1307 3007 'spem
1341 2946 1469 3006 ponam;
1509 2948 1583 3010 quas

222 3014 284 3079 illis
307 3015 336 3076 in
352 3015 465 3077 chartis
486 3035 635 3096 nunqnam
650 3016 832 3095 attigissem,
859 3016 884 3077 si
909 3015 1022 3096 absque
1042 3024 1096 3077 tua
1114 3016 1284 3095 importuna
1299 3016 1447 3095 petitione
1463 3016 1581 3080 fuisset.

222 3104 324 3168 Amici
347 3104 499 3180 charitati,
524 3123 582 3166 non
606 3124 672 3166 meo
698 3105 802 3180 lubitu,
829 3106 960 3184 scriptas
984 3105 1174 3183 memineris3
1207 3123 1335 3187 propere
1359 3105 1453 3185 igitur
1477 3115 1579 3168 hans-

223 3211 327 3255 eamus
351 3194 391 3254 ad
414 3194 484 3255 alia.

294 3296 366 3347 ilaec
387 3298 470 3356 „alia”
490 3304 549 3348 sunt
566 3312 612 3356 ea,
636 3311 701 3362 quae
719 3296 846 3360 respondit
862 3296 986 3359 Keplems
1012 3297 1045 3346 ad
1062 3296 1188 3346 residuum
1211 3296 1330 3362 epistolae
1349 3299 1496 3357 Marianas,
1522 3315 1585 3367 quae

223 3368 328 3421 dlsimus
347 3369 380 3418 ad
393 3369 546 3433 Dioptricam
565 3370 697 3419 reserenda
715 3383 783 3424 ease;
802 3381 878 3432 quare
897 3369 973 3417 etiem
984 3367 1088 3432 Kepleri
1106 3369 1290 3432 responsionem
1302 3369 1360 3420 illuc
1378 3372 1517 3422 referimus.

295 3438 426 3490 Conclusio
444 3440 570 3490 literarum
589 3447 615 3489 et
633 3440 719 3489 datum
739 3440 836 3488 desunt.
872 3438 931 3488 lam
948 3440 1022 3488 misso
1041 3439 1163 3489 Viclrenio
1181 3440 1214 3489 ad
1232 3440 1293 3489 alios
1311 3442 1453 3492 hausimus.

297 3525 547 3592 christophorus
565 3527 804 3593 Regulontius,
824 3523 891 3588 (ride
910 3525 986 3588 inira)
1005 3527 1117 3591 Anglns,
1135 3527 1213 3591 pridie
1232 3527 1319 3578 Nonas'
1338 3530 1412 3580 Febr.
1432 3528 1502 3580 1605
1521 3531 1584 3582 haec

224 3594 333 3663 Keplem
352 3599 467 3664 scripsit:
498 3599 647 3649 Doctisaime
665 3599 715 3647 riri
742 3597 875 3647 Tabellarii
892 3596 965 3659 hujus
984 3598 1048 3647 adeo
1070 3605 1170 3661 praeter
1195 3614 1293 3648 omnem
1317 3603 1518 3665 expectationem
1536 3602 1584 3653 dis·

228 3683 313 3721 tusus
339 3671 435 3720 subitus
458 3685 508 3720 nou
532 3685 572 3720 me
591 3671 649 3719 sinit
666 3664 744 3717 dusius
762 3668 795 3717 ad
813 3676 839 3718 te
864 3669 983 3726 scribere,
1011 3675 1040 3717 ut
1061 3669 1150 3719 vellem
1176 3677 1202 3719 et
1224 3677 1252 3719 ut
1268 3686 1365 3736 semper
1382 3673 1442 3722 mihi
1460 3675 1487 3724 in
1505 3676 1587 3724 animo

224 3739 287 3799 luit.
316 3756 345 3790 es
364 3756 411 3805 quo
429 3743 534 3805 primum
552 3742 718 3790 asmonomica
741 3746 797 3789 tua
816 3739 948 3802 0ptica,
977 3739 1092 3789 nundinis
1111 3743 1240 3803 postremis
1258 3743 1418 3808 pervulgata,
1446 3745 1482 3795 ad
1499 3759 1587 3796 manus

224 3819 322 3862 nmtrae
340 3814 460 3876 pervenit
498 3812 566 3876 Opus
584 3812 690 3876 quidem,
710 3818 738 3860 ut
757 3811 835 3860 doctis
854 3810 966 3859 omnibus
984 3812 1159 3875 gratissimum.
1181 3813 1218 3862 ita
1236 3811 1269 3875 (si
1287 3815 1353 3878 quod
1371 3814 1439 3864 aliud
1456 3815 1531 3880 hujus
1543 3831 1585 3882 qe·

225 3879 301 3946 neris)
321 3885 443 3933 communi
462 3886 569 3932 omniurn
587 3882 819 3933 mathematicorum
838 3881 956 3946 suffragio
975 3881 1179 3932 laudatissimum.
1220 3882 1286 3933 Nam
1305 3885 1351 3934 etsi
1370 3886 1441 3935 multi
1460 3888 1487 3937 in
1506 3895 1583 3938 astre-

225 3954 311 4003 nomia
328 3955 408 4004 multa
425 3956 607 4019 conscripsere,
626 3961 725 4008 tamen,
743 3960 773 4002 ut
791 3954 856 4017 quod
874 3966 957 4001 rerum
976 3959 1015 4001 est
1033 3952 1107 4002 libere
1126 3955 1255 4017 profitear,
1279 3955 1430 4020 reliquerunt
1447 3972 1506 4009 eam
1524 3973 1586 4023 pene

226 4038 311 4073 omnes
328 4022 438 4075 tenebris
457 4027 608 4075 densissimis
628 4025 816 4080 circumfusam,
840 4038 871 4073 ex
895 4024 982 4086 quibus
1007 4031 1035 4072 tu
1053 4026 1156 4088 primum
1176 4039 1291 4090 agressus
1310 4041 1337 4077 es
1361 4029 1442 4092 ipsam
1461 4030 1489 4079 in
1506 4029 1587 4080 lucem

226 4094 362 4145 vindicare.
400 4097 438 4145 Tu
457 4098 523 4146 euim
541 4111 591 4146 uon
609 4097 688 4145 solum
707 4096 843 4145 emditione
862 4096 931 4143 varia
949 4095 1096 4150 instructus,
1125 4096 1170 4145 sed
1194 4102 1221 4145 et
1243 4099 1397 4161 experientia
1413 4100 1544 4166 multiplici
1562 4109 1588 4151 et

227 4165 398 4217 emanatione
419 4167 527 4229 adjutus,
547 4168 706 4218 difficultates
725 4181 810 4215 omnes
829 4166 902 4215 facile
921 4169 1053 4229 superasti,
1073 4181 1127 4216 cum
1147 4168 1178 4217 de
1196 4168 1392 4227 rehactionibus,
1413 4170 1443 4221 de
1463 4173 1530 4223 risus
1546 4186 1586 4222 ra·

226 4237 302 4297 titus,
323 4237 352 4287 de
372 4238 426 4286 luce
445 4239 566 4295 sidamm,
586 4239 617 4287 de
636 4238 762 4301 eclipsinm
781 4238 968 4293 observatione,
987 4237 1019 4286 de
1037 4238 1203 4300 perallaxibus
1227 4246 1252 4288 et
1270 4239 1369 4304 reliquis
1385 4241 1459 4304 hujus
1476 4244 1587 4293 sublimis

226 4309 349 4358 scientiae
367 4309 459 4357 intimis
479 4311 577 4359 arcanis
597 4310 659 4358 adeo
679 4310 746 4358 clare
765 4308 950 4372 philosophatus
968 4310 1011 4365 sis,
1030 4317 1059 4364 ut
1077 4309 1127 4358 iere
1146 4310 1205 4358 nihil
1224 4312 1347 4360 intactum
1359 4312 1488 4378 reliquisse
1501 4314 1584 4365 rides.

226 4379 274 4437 ris,
302 4379 368 4445 qnod
387 4379 419 4428 ad
437 4379 504 4429 hauc
523 4386 601 4430 artem
621 4380 684 4429 adeo
703 4379 810 4428 divinam
830 4378 1031 4442 amplificandam
1055 4380 1096 4434 rel⁴
1110 4381 1229 4444 physicae
1252 4381 1290 4431 vei
1309 4383 1408 4444 opticac
1432 4391 1459 4434 et
1476 4386 1587 4451 reliques

225 4450 367 4502 matheseos
386 4451 495 4500 thesauri
508 4451 664 4515 suppeditare
682 4457 792 4513 possunt.
830 4448 912 4510 Quam
931 4451 961 4499 ob
974 4465 1035 4507 rem,
1054 4453 1074 4499 si
1093 4451 1202 4501 antehac
1219 4467 1285 4501 mors
1297 4453 1432 4505 immatura
1443 4456 1587 4507 nobilissimi

225 4521 350 4586 'Pythonis
368 4536 453 4571 omnes
472 4523 637 4572 astronomiae
656 4520 767 4570 alumms
785 4521 922 4570 incredibili
940 4535 1004 4584 pene
1023 4521 1106 4573 dolore
1125 4522 1218 4581 affecit,
1238 4525 1264 4572 in
1281 4522 1330 4574 hoc
1348 4538 1411 4575 sane
1428 4541 1481 4577 non
1493 4529 1586 4577 minore

226 4593 318 4659 gaudio
336 4607 364 4643 se
381 4599 507 4643 recreatos
525 4596 647 4650 sentiunt,
676 4592 861 4642 lucubrationes
880 4595 933 4654 ejus
959 4599 1079 4657 tanquam
1098 4594 1186 4643 liberos
1205 4601 1309 4658 parente
1326 4599 1423 4660 pmprio
1441 4599 1544 4650 orbatos
1561 4599 1587 4647 iu

227 4664 333 4715 tutelam
350 4665 448 4728 patroni
466 4671 518 4713 tam
538 4664 666 4715 exercitati
685 4670 711 4712 et
729 4663 808 4712 tidelis
827 4663 963 4711 devenisse.
1001 4663 1034 4712 Et
1052 4671 1119 4714 certe
1137 4666 1232 4729 gratias
1251 4666 1296 4714 tibi
1309 4682 1360 4716 uon
1371 4669 1490 4720 minimas
1501 4683 1587 4720 omnes

227 4729 345 4784 mmmm
364 4742 391 4785 et
407 4735 543 4793 hebemus,
569 4734 635 4801 quod
652 4733 773 4783 theoriam
791 4734 879 4782 Martis
897 4735 1005 4784 numeris
1028 4737 1079 4784 suis
1100 4736 1239 4786 absolutam
1264 4737 1407 4801 propediem
1424 4740 1497 4791 nobb
1514 4740 1585 4806 polli-

228 4803 305 4864 tisias
333 4804 1499 4873 estenimtlleiuterenaticssomniummaximeintabulissbipsocoelodehdeua
1529 4811 1587 4878 lpse
