3366 5482
765 239 885 304 cuer
1461 242 1523 308 rra

160 402 251 465 ritate
275 401 398 482 insuper
412 400 558 474 mutabili,
570 399 598 474 h)
621 398 781 478 tripliciter
802 399 887 460 nobis
901 397 1137 462 considerandus
1157 408 1215 463 est.
1231 399 1254 473 1)
1292 401 1383 464 luitio
1407 413 1524 467 remota

159 491 384 554 eeceutricitate
395 488 438 562 ι);
463 490 545 551 orbis
563 488 656 567 igitur
678 487 724 548 hic
744 495 902 568 motusque
922 487 1034 549 Terrae
1049 489 1105 550 has
1120 490 1349 552 commoditates
1364 502 1522 570 praestat:

160 580 233 662 quod
259 598 319 643 nou
343 577 512 658 indigemus
535 577 632 639 tribus
660 576 837 638 ecoentriois
865 576 895 637 in
924 576 1045 637 usitatis
1075 578 1307 658 hypothesibus,
1339 580 1404 642 scil.
1431 580 1522 657 Solis,

160 668 289 730 Veneris
313 676 346 730 et
367 666 520 729 Mercurii.
557 666 637 728 Nam
660 683 714 747 pro
739 684 784 734 eo,
810 665 888 745 quod
911 665 1004 726 Terra
1026 665 1107 727 circa
1131 667 1185 728 hos
1210 677 1273 730 tres
1297 668 1438 748 planetas
1462 671 1522 733 cir·

160 756 363 831 cumvehitnr‚
397 755 557 817 terricolae
587 753 763 816 existimant
791 763 855 815 tres
884 752 952 814 illos
981 754 1062 816 cirea
1085 775 1117 815 se
1142 755 1309 818 immobiles
1333 757 1547 821 circumvehi*

163 844 209 909 Sic
233 865 274 907 ex
296 864 357 907 uno
380 853 462 906 motu
487 852 550 905 tres
575 842 700 904 faciunt.
748 841 837 913 Quod
866 843 891 902 si
920 843 1021 920 plures
1051 854 1154 905 essent
1184 845 1292 907 stellae
1318 845 1398 908 intra
1421 848 1524 910 orbem

161 935 283 1008 Terrae,
316 932 452 1012 pluribus
481 934 574 994 etiam
597 931 674 993 huuc
698 940 809 992 motum
839 931 1035 993 ascriberent.
1084 930 1206 994 Cadunt
1239 934 1330 996 etiam
1363 936 1420 997 hoc
1452 928 1529 998 orbe

162 1024 258 1105 posito
282 1032 347 1085 tres
366 1022 468 1101 magui
484 1021 619 1103 epicycli,
646 1019 778 1093 Saturni,
804 1021 900 1092 loris,
927 1028 959 1081 et
973 1020 1092 1096 Martis,
1117 1040 1299 1090 cruneorum
1315 1025 1454 1086 motibus.
1491 1026 1524 1087 ld

164 1112 309 1192 quomodo
324 1111 454 1184 accidat,
479 1109 509 1172 in
526 1109 675 1189 adjunctis
690 1109 845 1187 parallelis
860 1109 1063 1171 schematibus
1089 1109 1181 1171 videri
1205 1120 1307 1190 potest
1331 1112 1389 1186 (ll)
1405 1122 1437 1175 et
1460 1113 1524 1189 ll),

166 1220 276 1263 rursum
301 1198 391 1273 enirn,
416 1198 487 1278 quia
508 1199 604 1260 Terra
628 1198 656 1259 in
681 1207 843 1278 conspectu
869 1196 994 1259 Saturni
1019 1199 1121 1278 (quasi
1145 1201 1336 1279 quiescentis,
1365 1203 1434 1283 quia
1457 1211 1522 1264 tar-

165 1290 223 1352 dior
246 1291 312 1363 est)
336 1289 365 1350 in
390 1288 461 1349 orbe
485 1307 539 1348 suo
563 1287 714 1359 circumit,
740 1308 759 1347 a
782 1285 914 1348 Saturno
939 1288 1139 1349 recedensret
1162 1291 1324 1366 accedens,
1350 1291 1525 1353 existimant

168 1379 287 1450 incolae,
312 1376 475 1439 Saturnum
501 1377 528 1436 in
553 1375 687 1456 epicyelo
712 1395 765 1436 suo
790 1375 954 1449 circumire,
980 1376 1134 1449 accedere,
1160 1381 1316 1454 recedere,
1341 1400 1374 1442 se
1399 1400 1471 1443 vero
1494 1379 1524 1442 iu

169 1476 260 1529 centro
285 1465 368 1527 orbis
392 1465 437 1526 sni
462 1465 626 1544 quiescere.
675 1461 826 1525 Circulnrn
851 1465 942 1542 igitur
965 1454 1021 1525 AB
1047 1465 1112 1542 (hg.
1142 1464 1195 1539 10)
1224 1476 1332 1546 putant
1360 1488 1428 1531 esse
1456 1470 1521 1548 epi·

170 1557 259 1636 cyclos
282 1574 323 1635 g,
347 1554 374 1626 i,
400 1554 409 1615 l
433 1554 497 1631 (fig.
526 1551 588 1626 ll).
636 1553 713 1613 ltem
741 1560 865 1637 propter
889 1553 1017 1615 Telluris
1047 1553 1124 1616 huno
1152 1557 1279 1617 eundern
1303 1577 1459 1619 accessum
1483 1559 1522 1618 ad

201 4051 307 4127 lltnetas
330 4074 363 4127 et
384 4083 535 4127 recessum
559 4062 590 4124 iu
614 4062 685 4124 orbe
710 4080 764 4123 suo
795 4060 934 4123 videntur
963 4059 1048 4121 nobis
1077 4057 1161 4137 ipsae
1185 4057 1313 4136 quinque
1336 4054 1527 4134 planetarum

201 4137 342 4216 latitudines
366 4153 498 4234 aliquam
523 4152 702 4214 varietatem
727 4151 883 4230 accipere;
908 4168 997 4228 qnam
1022 4147 1210 4208 librationem
1234 4154 1268 4205 nt
1291 4145 1426 4205 salvaret
1449 4143 1525 4203 Pto·

201 4224 315 4336 llluteus,
344 4261 470 4304 necesse
495 4241 551 4320 ipsi
575 4241 633 4302 fuit
655 4240 784 4320 quinque
809 4239 885 4300 alios
910 4245 1008 4299 motus
1033 4241 1182 4309 statuere,
1216 4235 1264 4315 qui
1293 4251 1396 4294 omnes
1426 4231 1526 4312 posito

200 4333 261 4389 luto
280 4331 407 4393 Telluris
430 4337 512 4392 motu
535 4329 658 4391 eadunt.

261 4419 299 4483 ln
319 4418 455 4501 quamvis
479 4418 509 4480 hi
528 4437 631 4479 omnes
649 4425 759 4490 motus,
784 4415 920 4482 undecim
939 4431 1071 4486 numero,
1097 4411 1235 4473 emundo
1257 4407 1448 4471 exterminati
1467 4407 1528 4467 sint

200 4499 332 4571 llbstituto
359 4508 418 4571 boc
446 4507 533 4569 unico
556 4507 667 4568 Terrae
700 4512 801 4574 motu,
834 4502 1024 4565 nihilominus
1055 4500 1151 4561 adhuc
1181 4497 1306 4559 aliarum
1333 4496 1526 4576 plurimarum

200 4601 269 4659 rerem
294 4615 405 4660 musae
434 4594 612 4666 redduntur,
646 4613 720 4675 quas
743 4593 938 4655 Ptolemaeus
966 4611 1004 4653 ex
1032 4597 1095 4651 tam
1122 4586 1225 4651 multis
1249 4585 1378 4648 motibus
1402 4584 1527 4646 reddere

261 4773 337 4840 llam
358 4773 456 4859 primo
478 4792 500 4838 a
520 4772 698 4838 Ptolemaeo
720 4769 823 4853 quaeri
849 4768 968 4850 potuit,
995 4767 1046 4851 qui
1072 4766 1147 4843 liat,
1175 4763 1255 4846 qnod
1282 4760 1442 4825 scoentrici
1463 4766 1528 4824 tros
