3366 5482
195 225 261 294 428
650 157 652 161 '
758 224 798 278 De
817 227 1013 278 mademarius,

197 387 307 462 efficit3
340 386 467 467 denique
492 386 554 447 fere
578 394 789 448 momentanea
812 393 875 460 est,
910 393 940 447 et
969 393 1152 449 commutato
1180 389 1290 470 angulo
1309 387 1501 468 'geometrico
1524 386 1552 450 in

197 476 304 555 ἄλογον
326 483 359 536 et
381 473 586 554 drapuooror,
610 475 715 537 statim
739 484 791 536 aut
814 475 903 552 paulo
926 482 998 554 post
1020 475 1165 555 quiescit,
1195 477 1389 560 quantumvis
1411 495 1553 539 crescen-

196 565 277 626 tibus
301 564 457 626 stellarum
482 565 648 625 luminibus.
695 562 781 633 Quae
815 582 881 624 cum
913 565 951 624 ab
975 564 1163 642 experientia
1190 567 1251 628 sint
1273 566 1453 629 confirmata
1474 565 1553 628 vali·

197 653 336 715 dissime:
363 653 593 731 suppeditarunt
615 653 687 714 mihi
712 654 855 731 dogmata
879 653 1045 731 sequentia

715 741 844 801 Thesis
868 740 1033 802 XXXVII.

289 829 365 892 Cum
390 827 518 891 Creator
540 829 623 890 Deus
653 830 752 890 mnndi
776 830 863 907 hujus
887 830 1022 907 corporei
1050 836 1189 891 ornatum
1214 847 1251 890 ex
1275 829 1374 892 forma
1397 848 1552 911 corporea,

197 938 273 1000 quae
298 919 453 997 quantitas
477 927 535 991 est,
560 919 754 979 desumserit:
780 926 1014 980 consentaneum
1038 925 1094 992 est,
1120 919 1202 997 ipsos
1225 919 1346 998 quidem
1366 919 1462 994 locos,
1487 921 1554 999 ipsa

198 1008 301 1088 spatia
322 1008 475 1085 molesque
500 1026 656 1085 corporum
680 1027 747 1069 eam
771 1007 856 1067 adse
874 1015 974 1067 mutuo
998 1007 1223 1088 proportionem
1244 1026 1313 1069 esse
1330 1008 1453 1082 sortita,
1479 1028 1553 1088 quae

199 1097 241 1157 sit
264 1103 332 1157 orta
356 1115 393 1156 ex
417 1095 578 1155 solidarum
602 1097 761 1174 figurarum
785 1095 931 1156 ordinatis
956 1096 1132 1175 generibus:
1158 1096 1235 1176 quod
1259 1096 1289 1157 in
1310 1097 1464 1177 Mysterio
1488 1116 1552 1158 meo

120 1233 122 1235 >
201 1182 457 1263 cosmographico
481 1184 621 1264 probavi:
646 1176 793 1246 motiones
817 1202 888 1244 vero
912 1203 1078 1263 corporum,
1104 1204 1180 1264 quae
1200 1185 1264 1246 vita
1278 1185 1383 1263 mundi
1398 1193 1459 1259 est,
1485 1193 1552 1247 tnnc

195 1273 244 1334 vel
275 1273 408 1334 suaviter
440 1292 605 1335 consonare
635 1274 682 1334 vel
713 1272 868 1352 cooperari
903 1273 1037 1347 fortiter,
1072 1273 1191 1353 quando
1215 1293 1252 1335 ex
1280 1274 1382 1353 planis
1408 1275 1553 1336 ordinatis

106 1439 110 1448 .
197 1363 365 1423 desumtam
390 1361 504 1422 habent
526 1362 760 1442 proportionem.
807 1362 886 1422 Nam
910 1369 943 1422 ut
966 1363 1090 1440 planum
1113 1362 1212 1437 solidi,
1238 1363 1281 1424 sic
1303 1371 1405 1424 motus
1422 1363 1553 1442 corporis

196 1459 244 1512 est
267 1450 379 1529 imago.
427 1448 686 1520 Quemadmodum
713 1469 784 1511 vero
813 1449 909 1510 solida
933 1451 1073 1512 ordinata
1098 1451 1127 1512 in
1157 1451 1324 1530 geometria
1353 1453 1553 1532 pluraquam

196 1539 323 1619 quinque
347 1539 534 1617 impossibile
559 1547 714 1601 estesse:
743 1540 788 1599 ita
810 1538 944 1600 rationes
970 1558 1085 1619 quoque
1113 1539 1303 1603 harmonicas
1332 1559 1371 1601 ex
1395 1540 1552 1619 planorum

195 1628 399 1689 ordinatorum
424 1629 648 1706 comparatione
673 1635 756 1688 ortas
780 1629 880 1705 plures
905 1635 974 1688 octo
999 1647 1065 1689 non·
1082 1648 1160 1704 esse,
1185 1628 1244 1690 alio
1265 1637 1401 1710 tempore
1426 1629 1551 1691 inllar-

193 1716 327 1790 monime,
351 1717 417 1777 Deo
441 1718 572 1791 volente,
598 1716 823 1778 demonstrabo.

702 1804 831 1867 Thesis
854 1803 1037 1866 XXXVIII.

281 1894 417 1955 Motuum
443 1912 514 1972 ergo
539 1894 729 1956 formatrices
755 1893 889 1954 rationes
916 1900 985 1954 octo
1011 1912 1076 1954 cum
1100 1892 1170 1968 sint,
1195 1892 1271 1954 coeli
1295 1912 1367 1957 vero
1391 1892 1423 1954 in
1443 1895 1553 1956 Terras

193 1983 272 2046 actio
297 1983 361 2056 (vel
386 1982 486 2061 quasi)
512 1990 609 2043 motus
635 1983 676 2043 sit
701 1982 819 2061 aliquis,
845 1991 877 2043 et
900 1982 1057 2060 contingat
1080 1981 1310 2044 intermediante
1330 1983 1418 2045 radio
1433 1984 1551 2056 stellae,

195 2072 244 2152 qui
268 2071 375 2143 (radii)
394 2071 424 2130 in
441 2071 541 2132 Terris
556 2077 665 2133 coeunt
680 2072 853 2150 faciuntque
874 2071 1019 2149 angulos:
1044 2070 1177 2132 rationes
1193 2090 1265 2151 ergo
1280 2071 1472 2133 harmonicas
1487 2081 1553 2133 octo

193 2161 222 2221 in
243 2159 426 2220 dimensione
450 2160 553 2221 horum
577 2161 752 2239 angulorum
776 2158 984 2222 versabuntur.
1031 2160 1079 2220 Ac
1099 2168 1218 2220 veteres
1235 2160 1356 2239 quidem
1377 2179 1436 2221 non
1451 2161 1552 2240 plures

194 2249 322 2329 quinque
353 2255 532 2326 receperunt
556 2251 746 2329 (aspectus
776 2249 866 2327 vulgo
895 2248 1008 2320 dictos)
1033 2248 1287 2327 conjunctionem,
1321 2249 1552 2328 oppositionem,

194 2338 384 2418 quadratum,
415 2336 539 2411 triuum,
569 2338 718 2399 sextilem.
767 2339 811 2399 At
844 2355 890 2398 me
920 2338 997 2399 ratio
1027 2337 1156 2416 primum
1190 2345 1253 2398 tres
1283 2337 1395 2399 addere
1430 2337 1551 2400 docuit:

193 2425 359 2506 quintilem,
381 2424 577 2504 biquintilem,
605 2426 904 2506 sesquiquadratum:
931 2445 1005 2506 quos
1028 2426 1222 2505 postmodnm
1242 2427 1432 2507 experientia
1447 2427 1550 2490 multi·

192 2516 263 2595 ples
286 2514 482 2576 confirmavit.

717 2602 851 2665 Thesis
874 2602 1026 2665 XXXIX.

282 2690 415 2754 Causam
447 2711 498 2753 cur
526 2692 661 2771 operatio
691 2693 880 2770 planetarum
909 2692 1046 2753 binorum
1075 2697 1140 2751 tam
1164 2689 1262 2752 valide
1292 2690 1477 2754 intendatur.
1499 2691 1551 2754 sub

192 2781 274 2862 ipsos
298 2790 474 2860 aspectuum
492 2781 654 2853 articulos,
680 2782 769 2842 aliam
794 2789 930 2842 statuere
954 2799 1012 2840 non
1036 2798 1177 2859 possum,
1202 2797 1292 2859 quam
1316 2781 1481 2842 animalem
1505 2783 1551 2842 fa·

114 2911 117 2915 -
192 2870 347 2940 cultatem,
373 2888 448 2948 quae
472 2889 509 2931 ex
533 2890 592 2930 uua
614 2879 702 2948 parte
726 2871 768 2931 sit
790 2870 992 2950 geometricae
1021 2868 1151 2930 rationis
1175 2870 1268 2947 (quae
1292 2878 1453 2949 aspectum
1477 2889 1551 2931 con·

193 2961 319 3032 format)
345 2977 442 3037 capax
471 2966 504 3019 et
526 2959 624 3019 altera
646 2968 733 3038 parte
757 2958 890 3037 corporis
915 2959 982 3036 ejus
1006 2966 1130 3037 potens,
1165 2957 1196 3018 in
1220 2976 1278 3036 quo
1302 2957 1553 3021 animadvertitur

192 3048 337 3129 operatio.
382 3047 462 3109 Nam
485 3066 542 3108 non
567 3047 601 3107 fit
623 3048 696 3120 hoc,
730 3049 800 3127 quia
825 3047 965 3108 uniuntur
987 3047 1063 3107 radii
1093 3047 1123 3106 in
1146 3065 1204 3106 urio
1229 3047 1350 3126 angulo.
1398 3047 1552 3127 Angulum

194 3135 271 3197 enim
295 3143 327 3196 et
349 3136 443 3214 pridie
469 3145 500 3197 et
522 3135 668 3215 postridie
695 3144 848 3214 aspectus,
874 3147 905 3196 et
927 3144 1072 3215 perpetuo
1098 3134 1213 3195 faciunt
1235 3134 1366 3215 aliquem
1381 3135 1445 3197 bini
1460 3135 1551 3208 radii;

194 3224 329 3304 operatio
353 3243 424 3285 vero
449 3233 519 3286 tunc
544 3225 663 3286 demum
688 3226 803 3298 existit,
829 3244 895 3285 curn
920 3224 1046 3304 angulus
1071 3224 1164 3284 habet
1178 3223 1327 3285 rationem
1349 3224 1552 3286 harmonicam

193 3332 247 3375 sen
270 3334 368 3394 σχημα
392 3313 600 3385 (Ptolemaeus
625 3316 703 3376 enim
729 3335 953 3395 σχηματισμους
976 3313 1074 3384 dicit).
1121 3312 1285 3374 Rationum
1308 3330 1381 3374 vero
1407 3322 1440 3375 et
1463 3313 1551 3376 sche-

194 3412 308 3463 matum
336 3420 390 3481 per
413 3422 446 3462 se
472 3403 554 3463 nulla
577 3412 625 3465 est
649 3403 821 3464 efficientia.
867 3403 975 3481 Fitque
1000 3402 1047 3462 hic
1071 3402 1160 3481 plane
1184 3402 1279 3471 idem,
1309 3402 1388 3482 quod
1412 3403 1444 3463 in
1469 3405 1551 3466 loco-

194 3491 324 3553 motione
356 3491 529 3552 animalium
557 3492 619 3552 fieri
644 3494 731 3553 solet.
779 3490 814 3552 Si
844 3491 909 3570 quis
934 3491 1063 3565 diceret,
1097 3490 1216 3552 obiecta
1243 3490 1328 3552 visus
1355 3510 1410 3571 per
1434 3492 1550 3553 oculum

192 3579 393 3659 ingredientia
417 3598 537 3640 movere
562 3581 670 3642 animal
695 3599 803 3659 posse,
838 3600 892 3641 nec
916 3598 991 3657 opus
1015 3598 1082 3639 esse
1111 3579 1228 3641 adhoc
1253 3579 1376 3642 animali
1401 3580 1549 3643 facultate

192 3668 221 3730 in
245 3669 310 3749 ipso
334 3687 459 3748 corpore
484 3676 575 3744 moto,
600 3677 769 3731 monstrose
793 3669 1066 3748 philosopharetur.

404 3802 406 3807 ·
759 3758 894 3819 Thesis
917 3757 986 3818 XL.

280 3845 365 3906 Haec
391 3852 490 3906 autem
515 3846 655 3921 facultas,
681 3866 756 3927 quae
781 3848 841 3908 vim
865 3846 951 3906 addit
974 3842 1156 3923 aspectibus,
1182 3862 1240 3905 non
1264 3852 1313 3906 est
1336 3844 1366 3906 in
1381 3842 1457 3924 ipsis
1473 3844 1548 3907 stel-

192 3933 239 3996 lis.
286 3934 366 3997 Nam
389 3941 531 4013 aspectus
556 3935 594 4009 hi,
621 3937 778 4016 dequibus
803 3936 938 4008 dicimus,
963 3935 992 3995 io
1008 3934 1102 3994 Terra
1122 3933 1300 4013 contingunt
1323 3942 1453 4013 suntque
1470 3953 1550 3996 mera

193 4044 307 4103 σχεσις,
331 4042 389 4083 non
414 4042 452 4083 ex
475 4031 557 4085 motu
581 4025 738 4086 stellarum
763 4024 930 4086 formaliter
953 4023 1114 4103 profluens,
1141 4024 1194 4083 sed
1220 4042 1258 4083 ex
1274 4023 1481 4085 accidentario
1496 4022 1553 4084 situ

191 4111 328 4173 binarum
352 4111 511 4173 stellarum
535 4131 601 4180 cum
626 4115 730 4175 Terra.
778 4111 1038 4183 Quemadmodum
1057 4130 1138 4190 ergo
1167 4111 1268 4172 anima
1298 4130 1423 4195 movens
1449 4131 1553 4192 corpus

191 4219 249 4262 non
274 4200 375 4261 estin
400 4200 530 4278 objecto,
557 4203 612 4263 sed
632 4203 672 4263 ibi
697 4202 745 4264 ubi
769 4201 879 4280 objecti
900 4201 1018 4279 species
1034 4208 1295 4279 repraesentatur:
1321 4201 1367 4262 ita
1386 4201 1467 4262 hano
1481 4203 1548 4273 vim,

190 4308 266 4370 quae
290 4289 430 4350 efficaces
454 4289 547 4351 efficit
570 4301 721 4371 aspectus,
748 4310 813 4352 cum
838 4291 866 4350 io
892 4289 1028 4351 omnibus
1051 4289 1261 4351 sublunaribus
1277 4288 1464 4370 corporibus,
1488 4297 1551 4351 turn

191 4379 220 4440 in
252 4379 319 4458 ipso
343 4395 452 4455 magno
478 4379 589 4441 Terrae
614 4381 703 4459 globo
732 4381 833 4441 inesse
863 4398 987 4440 necesse
1018 4386 1076 4439 est.
1126 4376 1256 4440 Scilicet
1287 4378 1385 4440 omnis
1414 4378 1552 4441 animalis

192 4468 323 4530 facultas
354 4475 402 4527 est
428 4465 525 4546 imago
559 4469 616 4529 Dei
643 4489 878 4548 ysopsrpoonoc
913 4469 942 4529 in
973 4467 1138 4540 creatione,
1173 4467 1381 4547 excitatnrque
1412 4468 1452 4528 ad
1480 4485 1552 4547 opus

192 4576 277 4619 suum
300 4556 357 4617 hac
383 4555 510 4619 coelesti
529 4566 704 4635 aspectuum
730 4558 896 4639 geometria
919 4576 973 4617 seu
997 4556 1163 4618 harmonia.

143 4639 144 4642 Ἴ
746 4647 883 4708 Thesis
906 4644 990 4707 XLI.

280 4732 519 4796 Inconsideratis
551 4753 631 4796 nova
653 4735 860 4816 philosophiae
885 4736 981 4799 forma
1004 4733 1168 4808 videbitur,
1204 4752 1281 4813 quae
1310 4739 1462 4794 nonest:
1495 4730 1552 4794 nisi
