3366 5482
204 284 270 348 tul
755 284 875 348 tpougin
892 283 1016 344 tychonis

204 444 340 523 superior
362 443 490 503 circulus
507 442 636 502 Veneris
660 442 809 513 includat,
846 452 935 521 atque
960 442 1003 500 ita
1031 443 1079 513 lit,
1104 453 1137 501 ut
1161 442 1218 504 hae
1242 444 1322 505 duae
1347 444 1475 517 stellae,
1499 461 1561 505 curu

204 551 258 612 per
281 532 452 610 superiores
475 531 653 591 circulorum
677 549 796 590 snorum
821 531 950 590 vertices
966 540 1096 603 currunt,
1123 531 1332 610 intelligantur
1350 551 1444 610 supra
1462 528 1560 593 Solem

204 623 341 693 locatae;
372 638 439 681 cnm
467 638 538 679 vero
570 637 625 698 per
657 618 799 679 interiora
831 628 1002 679 commeant
1035 619 1228 694 circulorum,
1263 618 1318 682 Sol
1349 621 1397 682 eis
1429 620 1562 699 superior

204 709 413 770 aestimetur“.
461 707 673 785 Subintellige,
696 726 763 768 cum
782 717 883 767 tamen
900 707 979 767 idem
993 709 1110 768 coelum
1124 708 1324 783 circumeant,
1348 709 1394 770 uti
1408 726 1503 787 supra
1514 707 1560 769 di-

203 799 304 859 cebat.
350 796 495 876 Explicat
517 807 618 857 autem
646 796 699 856 illa
722 797 815 857 verba
839 796 990 856 Platonis:
1022 797 1278 874 comprehendunt
1306 816 1376 859 sese
1403 805 1510 859 mutuo
1531 805 1560 858 et

203 885 504 964 comprehenduntur,
527 885 615 963 inque
638 886 747 963 plagas
767 886 903 957 easdem,
929 904 971 944 sc.
997 895 1078 955 ante,
1101 903 1189 964 pone,
1213 905 1314 964 supra,
1338 886 1429 948 iufra.
1475 884 1559 960 „Illis

204 993 290 1053 ergo,
316 974 364 1053 qni
389 974 534 1054 sphaeras
558 993 661 1035 earum
685 974 740 1034 snb
764 972 835 1035 Sole
860 974 1013 1046 dixerunt,
1045 974 1099 1033 lroc
1124 974 1220 1035 visum
1245 985 1293 1035 est
1312 994 1351 1036 ex
1374 974 1428 1037 illo
1453 972 1558 1037 stella·

206 1082 269 1124 rum
294 1082 392 1136 eursu,
418 1064 467 1142 qui
491 1081 703 1141 nonuunquam
727 1070 759 1122 nt
783 1061 910 1122 diximus
934 1061 1054 1122 ridetur
1079 1063 1216 1123 inferior:
1248 1063 1295 1144 qni
1320 1071 1352 1124 et
1376 1081 1448 1124 rere
1471 1070 1558 1124 uota-

202 1150 290 1211 bilior
318 1159 380 1224 est,
415 1152 486 1230 quia
509 1160 579 1212 tuuc
605 1151 727 1212 liberius
751 1157 888 1228 apparet.
935 1149 1013 1211 nam
1043 1170 1109 1211 cnm
1138 1153 1292 1229 superiora
1319 1160 1441 1226 tenent,
1469 1150 1558 1213 radlia

162 1244 165 1250 '
204 1239 302 1318 magis
326 1240 510 1300 occuluntur.
556 1239 599 1300 Et
622 1239 689 1300 ideo
712 1240 869 1317 persuasio
893 1239 955 1298 ista
978 1240 1131 1300 convaluit
1154 1250 1186 1300 et
1208 1240 1247 1299 ab
1262 1240 1399 1301 omnibus
1423 1239 1557 1318 peuehic

203 1329 276 1389 ordo
306 1327 335 1387 in
360 1346 447 1388 usum
470 1339 609 1405 receptus
634 1337 691 1389 est.
738 1326 948 1404 Perspicacior
977 1338 1076 1388 tamen
1101 1327 1274 1389 observatio
1303 1329 1452 1391 veriorem
1476 1327 1555 1390 ordi·

199 1434 268 1477 uem
293 1416 512 1495 deprehendit“
537 1417 590 1478 &c

290 1506 375 1565 llaec
399 1524 437 1564 ex
460 1504 617 1565 Macrobio
647 1504 721 1566 lucis
745 1504 845 1579 gratia
874 1503 1074 1564 transcribere
1098 1504 1194 1575 volui,
1228 1514 1261 1565 ut
1283 1503 1424 1566 Platonis
1448 1503 1553 1566 verbo·

200 1612 264 1654 rum
289 1613 397 1654 seusus
420 1594 655 1673 intelligeretur,
686 1611 773 1671 quem
797 1593 1027 1652 commentarius
1056 1593 1094 1652 ad
1118 1592 1233 1653 Bedam
1251 1601 1359 1666 -vetus,
1390 1594 1442 1672 qui
1465 1594 1552 1657 tint

201 1679 347 1761 Capellae
372 1691 504 1743 aetatem
527 1682 662 1761 proxime
686 1689 808 1741 secutos
833 1688 890 1747 est,
914 1698 981 1758 cap.
1004 1677 1050 1741 14.
1076 1700 1135 1741 ιιοιι
1154 1682 1279 1742 obscure
1298 1681 1467 1753 confirmat,
1490 1681 1551 1743 duur

198 1772 264 1849 ipse
280 1771 397 1850 quidem
422 1771 589 1850 epicyclum
604 1770 735 1830 Veneris
759 1770 837 1829 inter
853 1767 954 1828 Solem
978 1779 1010 1828 et
1033 1769 1156 1829 Terram
1182 1770 1271 1843 locat,
1296 1770 1434 1847 ejusdem
1456 1779 1550 1833 umen

198 1860 324 1941 epicycli
350 1859 506 1920 decursum
522 1859 643 1921 Platoni
667 1877 789 1918 causam
815 1857 860 1917 ait
874 1856 1068 1935 praebuisse,
1093 1876 1145 1918 cur
1167 1859 1345 1938 „aliquanto
1367 1871 1461 1938 'quam
1477 1857 1550 1919 Solis

199 1957 247 2008 est
271 1949 427 2009 elatiorem
452 1948 567 2008 luciferi
591 1947 713 2026 globum
736 1947 933 2006 astruxerit.“
979 1945 1020 2006 Et
1050 1946 1168 2025 quidem
1200 1948 1226 2008 si
1251 1947 1325 2007 haec
1354 1947 1436 2009 illins
1460 1946 1548 2009 iuter-

197 2035 295 2116 pretis
320 2036 414 2096 verba
438 2036 624 2097 considerem
644 2034 832 2114 ‚promarum
857 2033 921 2094 Soli
946 2034 1039 2094 videri
1063 2036 1268 2109 excelsiorem,
1293 2036 1464 2113 proximum
1478 2035 1547 2096 Ter·

199 2145 250 2185 rae
275 2124 496 2196 humiliorem,“
519 2125 646 2202 conjicio
669 2124 700 2184 id
724 2123 801 2203 quod
826 2122 887 2182 dixi
912 2122 1075 2202 epicyclum
1091 2123 1222 2184 Veneris
1241 2134 1337 2184 totum
1356 2125 1438 2186 infra
1452 2123 1547 2186 Solem

199 2212 237 2272 ab
261 2212 314 2273 illo
337 2212 491 2273 collocari.
538 2214 584 2273 At
613 2213 639 2273 si
667 2212 791 2273 schema
817 2212 944 2272 alterum
968 2215 1031 2281 (est
1056 2219 1156 2273 autem
1180 2212 1280 2273 editus
1308 2213 1385 2274 liber
1410 2211 1548 2275 Coloniae

200 2320 278 2362 anno
307 2299 407 2373 1537)
436 2301 581 2379 aspicias,
615 2320 689 2361 sane
713 2300 897 2379 ipsissimam
927 2299 1071 2378 Capellae
1104 2303 1286 2361 sententiam
1318 2303 1425 2363 refert.
1476 2301 1547 2362 Nem

195 2397 328 2469 punctus
362 2388 443 2450 Solis
475 2409 528 2451 seu
552 2390 682 2451 literah
711 2389 831 2468 ponitur
854 2388 935 2448 intra
958 2389 1142 2466 complexum
1167 2390 1292 2471 epicyoli
1317 2389 1468 2464 Veneris,
1500 2405 1546 2449 uec

195 2478 290 2539 uerba
314 2478 403 2538 modo
427 2478 563 2556 allegata
586 2486 771 2559 repugnant,
796 2476 821 2536 si
846 2477 964 2538 modica
989 2477 1237 2555 interpretatione
1257 2479 1403 2555 juventur
1426 2487 1462 2539 et
1483 2475 1544 2538 illud

197 2567 385 2645 „proximum
400 2566 489 2628 Soli“
512 2569 661 2629 referatur
684 2567 722 2627 ad
746 2566 853 2634 visum,
883 2565 1069 2643 „proximum
1089 2566 1223 2626 Terrae“
1247 2567 1285 2626 ad
1310 2576 1483 2629 ceutrorum
1505 2563 1544 2624 di-

196 2656 352 2716 stantiam.
398 2655 491 2716 Porro
520 2657 642 2718 schema
673 2655 755 2736 prius
780 2664 830 2713 aut
856 2654 995 2714 vitiosum
1026 2665 1088 2728 est,
1122 2665 1176 2716 aut
1203 2657 1240 2716 ad
1265 2655 1545 2734 repraesentandam

195 2762 297 2806 earum
321 2743 503 2806 senteutiam
528 2753 679 2824 aptatum,
710 2743 758 2822 qni
789 2742 959 2822 epicyclnm‘
977 2743 1108 2804 Veneris
1137 2762 1228 2821 supra
1252 2742 1355 2805 Solem
1384 2743 1545 2806 coustitue-

408 2857 453 2904 ιιι.
471 2853 489 2893 r.
705 2840 788 2891 runt:
809 2830 960 2909 posterius
981 2832 1103 2892 inscitia
1118 2832 1336 2912 descriptorum
1355 2833 1544 2911 depravatum

704 2920 747 2979 sic
763 2920 888 2979 restituo
904 2920 969 2997 (lig.
987 2918 1037 2991 7);
1064 2920 1165 3000 itaque
1189 2921 1245 2983 hoc
1263 2922 1368 2982 confer
1391 2939 1459 2983 oum
1473 2920 1544 2982 illins

704 3008 912 3068 commentarii
936 3008 1065 3070 lectione
1095 3010 1121 3070 si
1146 3009 1238 3072 lubet.
1286 3008 1395 3072 Obiter
1419 3009 1497 3071 euim
1518 3017 1544 3067 te

703 3097 805 3174 jurare
830 3097 919 3158 volui.

792 3183 855 3245 Sed
883 3185 922 3245 ad
950 3203 1013 3245 rem
1043 3185 1201 3247 redeamus
1224 3194 1256 3246 et
1284 3185 1358 3248 illud
1387 3187 1425 3247 de
1449 3193 1542 3247 nostra

703 3272 887 3334 liberalitate
902 3273 972 3334 Ursi
996 3273 1090 3351 copiis
1112 3293 1167 3353 per
1181 3294 1249 3335 sese
1263 3274 1464 3337 imbecillibus
1477 3272 1540 3334 sub·
1583 3344 1585 3359 Ι

703 3362 780 3421 sidio
804 3362 973 3423 mittemus:
1006 3363 1186 3424 sententiam
1205 3364 1297 3436 hanc,
1330 3363 1410 3443 quod
1434 3362 1486 3425 Sol
1507 3359 1540 3420 sit
1582 3394 1585 3417 2

704 3459 837 3511 centrum
861 3450 974 3511 orbium
999 3450 1128 3512 Veneris
1152 3460 1183 3512 et
1206 3452 1363 3526 Mercurii,
1397 3471 1456 3514 nou
1480 3458 1537 3512 tau·

703 3548 766 3599 tum
782 3537 937 3617 Capellae,
962 3539 1015 3599 sed
1040 3539 1132 3601 etiam
1155 3539 1403 3602 commentatoris
1426 3540 1465 3603 ad
1484 3538 1537 3600 Be·

704 3628 782 3700 dam,
808 3627 967 3702 Macrobii,
992 3628 1099 3703 Plinii,
1125 3629 1267 3704 Virroni,
1292 3629 1435 3693 Platonis
1457 3627 1535 3689 adeo

704 3735 760 3796 que
784 3716 914 3794 ipsorum
929 3716 1146 3796 Aegyptiorum
1163 3718 1265 3779 luisse.
1312 3716 1394 3788 Quid
1413 3718 1479 3779 bine
1494 3730 1533 3774 se·

389 3808 596 3936 J
704 3805 824 3882 quitur?
853 3805 932 3866 num
956 3806 1012 3866 hoc
1035 3807 1114 3884 quod
1137 3806 1233 3869 Ursus
1257 3807 1408 3868 exstruit?
1444 3807 1531 3886 Hypo

704 3895 806 3954 theses
841 3894 1028 3973 Tychonicas
1065 3913 1133 3955 esse
1171 3896 1210 3956 ab
1247 3895 1312 3968 his,
1352 3915 1427 3976 quos
1462 3889 1530 3955 moll

195 3980 353 4054 nominaui,
391 3982 477 4059 longe
503 3991 572 4041 ante
598 3983 769 4062 Tychouem
793 3983 978 4058 usurpatas?
1010 3983 1150 4057 Minime;
1183 4001 1252 4045 uam
1283 3982 1379 4063 primo
1404 3993 1528 4060 utsupra

194 4085 311 4146 qnoque
335 4071 363 4129 in
388 4071 542 4149 Apollonii
567 4071 764 4147 problematis
793 4070 1032 4132 consideratione
1052 4091 1117 4132 sum
1138 4079 1378 4151 argumentatus,
1402 4073 1525 4134 hmcnnr

192 4162 309 4217 tanturn
341 4177 411 4236 pars
440 4167 488 4219 est
518 4160 633 4218 formae
661 4159 762 4219 mundi
787 4158 1012 4237 Tychonianae,
1047 4178 1139 4238 quare
1161 4178 1215 4239 pro
1241 4161 1328 4240 justa
1356 4170 1389 4223 et
1411 4157 1522 4240 legitiu²

197 4244 359 4325 hypothesi
384 4248 596 4315 astronomica,
623 4268 698 4326 quae
724 4248 767 4308 di
772 4247 867 4307 tincta
890 4247 932 4308 sit
954 4268 972 4308 a
996 4249 1115 4321 ceteris,
1141 4249 1244 4310 haberi
1268 4268 1328 4311 nou
1351 4257 1459 4330 potest.
1488 4243 1520 4304 Al

194 4350 231 4391 ne
257 4333 323 4410 quis
347 4335 525 4412 suspicetur,
551 4335 719 4413 Capellam,
746 4336 927 4408 Vitrurium,
951 4335 1094 4406 Plinium,
1117 4337 1306 4400 Macrobium
1330 4339 1380 4401 vel
1402 4342 1519 4420 qumque

193 4419 284 4480 alium
313 4429 432 4484 ceteras
456 4423 548 4483 etiam
572 4425 774 4525 hypotheseos
799 4423 1009 4504 Tychonianae
1037 4434 1141 4504 partes
1174 4427 1349 4529 adJuuxisse
1377 4426 1444 4489 hoio
1466 4436 1518 4484 otu·

193 4509 340 4586 ceptioni,
374 4529 505 4589 provoco
534 4512 609 4572 ad
601 4531 733 4590 rpsorom
761 4532 854 4591 opera
877 4532 952 4591 qnae
977 4522 1113 4588 exstant,
1146 4514 1233 4576 ubi
1224 4534 1254 4577 m
1279 4516 1389 4578 ceteris
1412 4508 1518 4577 amito

192 4597 331 4674 partibus
350 4601 531 4662 contrarium
556 4622 576 4660 a
599 4602 738 4681 Tychone
768 4611 799 4662 ct
823 4602 901 4661 idem
920 4621 986 4662 cum
1010 4601 1201 4683 physicorum
1223 4603 1388 4685 hypothesi
1411 4603 1455 4675 (ut
1471 4606 1517 4659 ⁰⁰⁰¹

192 4683 272 4747 Urso
297 4683 468 4767 loquamur)
492 4688 594 4749 verbis
619 4690 817 4762 evidentibus,
844 4690 935 4750 claris
959 4700 992 4751 et
1007 4691 1184 4754 indubitatis
1207 4693 1323 4757 sentire
1347 4712 1381 4755 se
1403 4688 1516 4775 profittl·

192 4779 258 4833 tur:
283 4794 359 4854 quae
379 4777 500 4882 quidem
523 4777 617 4839 verba
640 4779 730 4841 nimis
755 4781 874 4860 longum
899 4779 977 4841 foret
992 4779 1136 4860 allegare,
1161 4780 1273 4845 suffieit
1296 4781 1424 4864 digitum
1444 4780 1517 4843 ium·
1575 4858 1580 4863 .
