3366 5482
172 250 216 332 ii
287 250 339 304 -’
762 264 924 341 Pffliffl

88 459 90 465 v
168 445 287 490 movere
311 428 442 489 fortasse
464 426 657 506 postulando'
673 426 790 506 possit:
823 427 848 488 si
878 427 955 488 forte
980 425 1103 494 ιοιιιιιο
1125 424 1188 487 illic
1212 427 1342 495 locorum
1366 423 1524 487 transeant

169 515 465 596 Gmppenbacbiaui.

239 605 302 667 En
326 604 421 666 habes
444 604 603 685 epistolam
625 604 701 665 bene
725 604 856 683 longam,
880 612 913 663 et
936 604 1100 683 longiorem
1124 605 1264 680 f,ortasse
1289 622 1377 684 quam
1392 622 1523 682 occupa

163 695 267 757 'tiones
289 712 375 755 rueae
400 694 562 777 nuptiales
571 693 646 754 ferre
668 700 804 770 possunt
854 689 991 769 Optarim
1016 701 1183 763 autemut
1207 701 1238 754 et
1259 711 1313 773 per
1338 692 1443 753 literas
1466 710 1522 772 pe-

168 785 213 858 tii,
239 779 355 863 aliquo's
379 801 416 843 ex
437 793 540 845 vestro
565 779 710 860 Collegio,
736 790 766 842 te
789 782 1077 861 praesertimatque
1096 782 1140 844 M.
1156 782 1307 863 Millerum
1331 781 1388 843 hic·
1403 780 1522 842 adesse.

169 871 231 934 Sed
255 872 324 952 quia
347 872 384 933 de
407 880 438 932 te
462 872 518 932 hoc
542 889 663 951 sperare
687 887 745 931 non
769 887 911 949 possum,
935 871 1008 932 illud
1031 870 1126 946 solum
1150 880 1181 931 te
1205 889 1294 949 rogo.
1325 881 1357 931 ιι
1381 870 1420 930 ad
1444 870 1523 931 diem

168 953 331 1042 nuptialem
356 960 416 1021 tuis
439 959 577 1041 precibus
600 959 671 1024 mihi
694 967 816 1039 praesto
841 959 895 1021 sis.
942 959 1055 1021 Rerum
1078 978 1209 1022 mearum
1235 969 1334 1022 status
1348 976 1439 1040 porro
1451 959 1523 1021 talis

168 1061 225 1125 est,
250 1058 285 1113 ut
307 1051 332 1111 si
356 1049 465 1111 moriar
487 1049 568 1111 intra
592 1067 709 1123 ιιιιιι,
734 1049 785 1110 ιιι
809 1066 986 1130 quemquam
1010 1048 1106 1128 major
1124 1049 1286 1111 infelicitas
1306 1057 1451 1110 mortuum
1472 1067 1522 1109 se·

56 1175 62 1187 ·
168 1139 218 1219 qui
241 1139 349 1219 possit.
395 1138 500 1218 Magni
524 1133 640 1199 sumtus
663 1138 699 1199 de
722 1155 789 1198 meo
813 1136 942 1199 faciendi
966 1147 1055 1199 sunt:
1089 1138 1186 1199 solent
1174 1147 1239 1200 t.o
1264 1138 1312 1199 hle
1336 1136 1517 1217 splendidis-

168 1229 242 1291 sime
266 1228 405 1310 apparari
428 1227 560 1307 nuptiae.
608 1225 662 1289 Sin
687 1234 788 1306 autem
810 1226 894 1288 Deus
918 1227 990 1289 mihi
1013 1226 1106 1293 vitam
1130 1226 1286 1306 proroget,
1319 1235 1450 1288 ιιιιιιι
1465 1236 1521 1295 ιιι,

168 1311 295 1402 ligatum
318 1324 351 1379 et
372 1316 569 1379 constrictum
585 1332 638 1377 me
662 1315 784 1377 esseio
808 1316 885 1377 hunc
909 1316 1023 1389 locum,
1033 1301 1188 1396 quicquid
1210 1316 1333 1399 tandem
1357 1317 1393 1376 de
1418 1323 1523 1377 nostra

168 1407 273 1469 schola
302 1406 364 1468 fiat.
404 1405 509 1485 Sunt
521 1405 601 1466 euim
630 1423 759 1485 sponsae
787 1422 872 1465 meae
895 1405 952 1467 hoc
976 1405 1040 1467 locu
1064 1406 1206 1484 praedia,
1241 1414 1311 1467 suut
1334 1406 1441 1479 amici,
1475 1412 1524 1466 est

167 1503 257 1577 pater
288 1495 440 1597 locpples3
473 1498 507 1556 ut
493 1495 599 1556 tfere
628 1493 740 1555 salario
764 1513 823 1556 nou
846 1511 1027 1573 magnopere
1051 1493 1184 1573 indigere
1208 1494 1312 1556 videar
1334 1502 1405 1574 post
1428 1512 1522 1554 annos

154 1584 291 1688 aliquot,
317 1583 343 1645 si
366 1583 439 1667 mibi
461 1584 517 1647 boc
540 1583 681 1645 decomm
704 1591 797 1645 esset.
839 1583 904 1645 Nec
923 1582 994 1645 mihi
1012 1590 1099 1663 patet
1115 1584 1212 1645 oritus
1227 1603 1265 1645 ex
1282 1584 1339 1645 bac
1358 1583 1520 1663 provincia,

166 1673 224 1736 nisi
246 1682 301 1735 ιιι
309 1650 442 1754 publica
465 1670 624 1734 calamitas
648 1680 701 1734 aut
723 1673 842 1776 privata
865 1671 1056 1734 interveniat.
1102 1671 1241 1748 Publica,
1274 1674 1299 1734 si
1327 1692 1433 1753 nempe
1457 1673 1520 1733 Lu-

166 1762 293 1825 therano
316 1780 374 1824 nou
399 1761 526 1842 amplius
549 1769 616 1824 tuta
637 1760 680 1822 sit
701 1761 873 1840 provincia,
893 1770 962 1823 ·aut
989 1761 1014 1823 si
1038 1781 1057 1822 ι
1079 1761 1177 1832 Τιιιι
1200 1760 1320 1841 propius
1343 1761 1373 1823 in
1377 1765 1520 1824 ιιιειιιιι

163 1851 217 1933 qui
239 1851 390 1932 quidem¹
377 1870 444 1931 Jam
467 1850 624 1912 nunciatur
647 1869 723 1912 cum
737 1849 888 1913 sexcentis
912 1842 1042 1912 millibus
1065 1849 1237 1912 hominnm
1229 1870 1258 1911 ιι
1272 1851 1427 1930 procinctu
1443 1869 1519 1912 esse.

97 1989 100 1994 .
167 1939 291 2003 Privata
312 1959 385 2002 vero
408 1939 567 2001 calamitas
598 1939 624 2000 si
655 1958 723 2000 mea
739 1945 823 2019 ‘uxor
842 1940 995 2002 moriatur.
1042 1938 1093 2001 Sic
1117 1940 1208 2002 etiam
1232 1941 1368 2001 umbram
1391 1938 1520 2019 aliquam

166 2037 266 2092 status
289 2029 348 2113 mei
371 2028 467 2091 vides.
514 2029 543 2089 A
566 2028 632 2089 Deo
655 2028 742 2107 plura
764 2039 868 2108 petere
892 2048 949 2089 non
974 2027 1078 2101 audeo,
1105 2048 1193 2108 quam
1215 2030 1272 2090 hoc
1295 2040 1427 2109 tempore
1450 2028 1520 2090 milri

166 2117 316 2179 eveniunt.
362 2117 397 2180 Ῑι
427 2117 614 2179 naturalibus
647 2126 747 2178 antem
770 2116 877 2179 causis
911 2136 1041 2198 agnosco
1066 2120 1205 2180 effectum
1230 2118 1404 2180 directionis
1427 2117 1520 2178 Medii

166 2203 241 2268 abeli
264 2201 304 2267 ad
321 2206 430 2268 Jovem
455 2215 487 2267 et
510 2205 610 2267 sextil.
628 2203 664 2278 Ω.
697 2199 773 2267 Asc.
789 2206 828 2266 ad
843 2209 869 2278 00
887 2204 938 2283 Θ,
963 2198 1043 2279 009,
1067 2212 1104 2278 Δ
1117 2206 1156 2282 ιι,
1182 2205 1221 2284 Θ
1247 2208 1285 2268 ad
1309 2213 1345 2278 Δ
1366 2208 1406 2280 J).
1441 2201 1520 2277 Quid

165 2295 289 2367 directio
312 2296 341 2367 ι
366 2295 405 2356 ad
430 2299 456 2368 8
480 2297 502 2373 ιι
525 2303 558 2355 ιι
577 2288 613 2359 [ι
636 2301 662 2364 0*
685 2302 775 2374 atque
799 2295 944 2357 transitus
968 2295 1018 2355 ille
1042 2297 1081 2358 ad
1105 2296 1234 2358 ιιιιιιιιι
1258 2293 1519 2399 8.18.Septem-

51 2382 53 2390 '
165 2384 228 2447 bris
260 2384 406 2447 allaturus
438 2383 497 2458 ιιι,
532 2390 658 2463 expecto
689 2403 747 2444 non
777 2383 951 2446 meticuloso
976 2385 1092 2459 animo,
1127 2404 1193 2446 cum
1216 2385 1313 2446 Deurn
1338 2386 1520 2489 superiorem

166 2483 338 2554 agnoscam:
385 2474 420 2536 Iu
437 2482 551 2552 niagno
575 2489 642 2533 meo
666 2472 828 2538 infortunio
852 2472 925 2535 illud
942 2433 1172 2536 oblectationis
1184 2473 1289 2548 habui,
1318 2475 1396 2554 quod
1421 2474 1521 2536 omnia

163 2562 227 2624 ita
243 2581 309 2624 cunr
338 2552 422 2624 coelo
455 2568 682 2624 consenserunt
741 2561 877 2623 Directio
910 2570 976 2623 erat
1007 2581 1079 2642 prae
1113 2564 1246 2627 foribus·
1284 2564 1337 2623 sed
1371 2563 1519 2625 Saturnus

165 2651 323 2714 transibat
338 2670 393 2732 per
417 2651 587 2732 oppositum
608 2648 696 2712 Jovis
720 2659 751 2711 et
775 2650 1036 2732 appropinquabat
1056 2653 1202 2733 quadrato
1216 2653 1417 2726 ascendentis,
1442 2653 1519 2714 unde

166 2740 266 2802 omnia
289 2740 434 2821 impedita
457 2749 541 2813 sunt,
572 2758 665 2819 usque
679 2758 732 2812 eo,
759 2740 826 2802 durn
850 2738 999 2802 Saturnus
1023 2761 1141 2803 cursum
1164 2750 1244 2803 retro
1268 2743 1404 2802 flecteret
1427 2760 1519 2821 snpe-

164 2829 235 2890 riori
256 2829 412 2892 ianuario.
453 2828 513 2891 Est
535 2837 636 2900 autem
659 2828 731 2889 mihi
754 2827 815 2903 ii
807 2848 836 2890 ιι
866 2825 965 2903 tete,
986 2830 1096 2891 Asc'
1088 2849 1118 2890 ιι
1143 2828 1184 2894 25
1209 2831 1319 2910 gemin.
1367 2829 1429 2891 Sed
1452 2831 1528 2915 fluis'

164 2918 290 2981 chartae
315 2919 419 2981 adest
464 2917 596 2998 EgoH.
621 2917 715 2980 Τιιιιι
729 2917 804 2986 Deo
828 2915 901 2997 Opt.
925 2918 1008 2980 Max.
1040 2920 1233 2992 commendo,
1268 2919 1317 3001 qui
1341 2920 1396 2982 tibi
1420 2920 1520 2982 omnia

162 3005 288 3089 largiter
309 3001 466 3071 retribuat.
502 3006 566 3069 Si
561 3013 688 3073 tantum
711 2990 764 3069 otii
788 3006 844 3068 tibi
867 3017 1023 3086 superest:
1057 3027 1169 3088 quaeso
1193 3009 1378 3072 solummodo
1402 3009 1440 3070 de
1464 3028 1518 3070 ca·

162 3097 295 3160 lendario
319 3097 511 3177 respondeas.
558 3085 636 3157 Vale
659 3095 844 3175 Praeceptor
867 3096 1101 3170 amantissime.

252 3182 283 3250 9.
308 3186 424 3266 Aprilis
448 3187 528 3269 stylo
552 3203 629 3248 novo
653 3204 730 3247 anno
757 3180 851 3248 1597.

684 3275 723 3336 Η.
748 3274 784 3335 Τ.
809 3271 897 3336 Grat.
921 3275 997 3337 disc.-

981 3391 987 3404 ·
1172 3363 1220 3426 M
1243 3364 1277 3428 J.
1300 3363 1437 3447 Keplera

204 3504 336 3556 Addidit
353 3503 500 3570 Keplerus
493 3519 519 3553 ιι
536 3503 574 3553 bis
592 3502 669 3555 literis
687 3503 807 3555 nonnulla
824 3504 855 3554 de
875 3503 1021 3557 Caleudsrio
1040 3473 1292 3573 &spoliatumque
1306 3508 1440 3559 referenda
1458 3524 1518 3560 cen·

163 3579 254 3629 suimus
272 3576 306 3628 sd
324 3591 399 3642 opera
416 3575 517 3640 Keplerl
536 3575 709 3640 chronolwica
728 3572 795 3637 (Vol.
813 3572 880 3637 IV.).
957 3581 963 3585 “

231 3648 408 3706 Maestllui
404 3661 537 3711 respousa
555 3661 653 3703 eorum.
681 3648 767 3712 qulbus
785 3662 845 3712 opus
863 3647 982 3700 donatum
1000 3650 1049 3702 ιιι,
1068 3649 1183 3702 uomina,
1202 3651 1354 3714 pretiumque
1372 3648 1518 3714 typothetae

162 3720 285 3775 solutum.
310 3720 424 3783 alisque.
451 3733 516 3783 quae
539 3718 623 3769 aliena
645 3718 692 3769 boc
711 3719 763 3767 loeo
782 3725 854 3777 sunt,
880 3721 989 3770 referunt
1009 3716 1069 3780 (rid.
1089 3719 1199 3770 Hsuscb.
1219 3737 1243 3784 p.
1266 3719 1297 3770 18
1315 3718 1357 3783 ι..)
1394 3721 1518 3785 Keplerus

162 3789 294 3846 Mustius
313 3790 436 3854 rescripsit
455 3789 592 3855 Septembri
610 3791 669 3839 anni
689 3787 775 3838 1597.

251 3895 386 3969 Salutem
409 3896 577 3975 plurimam.
604 3893 660 3958 ⁴Si
682 3914 737 3957 vos
760 3896 866 3966 isthic,
891 3904 924 3956 ut
947 3903 1026 3974 opto,
1052 3897 1176 3971 valetis,
1200 3907 1319 3977 gratum
1342 3899 1413 3960 mihi
1438 3918 1516 3960 nun-

47 4057 51 4064 ,
162 3985 245 4047 tium.
293 3984 358 4064 Ego
381 3995 413 4047 et
435 4005 503 4047 mea
525 3986 641 4065 conjux,
666 3985 754 4046 sicuti
779 3992 926 4065 optamus,
950 3985 1159 4064 conjugialiter
1178 3987 1327 4049 valemus.
1351 3988 1429 4068 quod
1445 4007 1516 4050 ver

162 4075 230 4137 bum
255 4075 329 4158 quid
348 4075 509 4154 significet,
534 4072 588 4136 Sol
611 4075 792 4154 patefaciet,
816 4074 866 4136 ubi
889 4074 927 4134 ad
952 4075 1129 4154 quadratum
1153 4076 1190 4138 ab
1214 4076 1299 4138 initio
1325 4078 1420 4139 locum
1443 4096 1516 4157 per-

162 4163 295 4236 venerit,
324 4164 355 4225 ιι
385 4165 448 4224 Deo
480 4157 639 4243 placuerit.
685 4164 752 4226 Non
776 4183 897 4242 possum
921 4173 951 4224 te
977 4161 1151 4227 Clarissimo
1180 4165 1308 4227 Domine
1336 4161 1518 4247 praeceptor

161 4271 219 4316 nou
239 4254 395 4315 seniorem
418 4251 552 4329 reddere,
578 4252 649 4314 milri
673 4271 726 4332 pro
750 4253 831 4315 edito
850 4253 956 4314 libello
980 4252 1057 4315 huns
1081 4253 1222 4315 bonorem
1246 4254 1375 4318 aGallis
1400 4256 1514 4329 haberi,

160 4351 195 4404 ut
216 4341 332 4422 Regius
355 4324 507 4443 professor
531 4342 671 4404 Lutetiae
695 4341 877 4415 Parisiorum
900 4361 937 4402 ex
959 4351 1049 4420 pacto
1072 4343 1254 4404 constitutus
1277 4364 1333 4424 ego
1358 4344 1428 4418 sim,
1463 4354 1517 4406 ιιι

161 4430 358 4516 certeilluiq,
384 4429 432 4509 qui
456 4430 530 4491 haec
554 4431 662 4492 adme
687 4431 817 4511 scripsit,
843 4431 968 4492 stultum
992 4432 1085 4495 fuisse
1109 4449 1231 4494 necesse
1255 4433 1306 4495 ιιι.
1339 4431 1515 4517 Quiaverp

128 4521 196 4594 is,
222 4519 286 4600 qui
281 4501 366 4581 milri
392 4521 455 4580 loco
480 4520 586 4582 cedere
610 4521 751 4595 volebat,
785 4521 900 4581 interea
924 4528 1056 4582 mortuus
1080 4528 1147 4593 est,
1171 4515 1205 4582 et
1225 4525 1326 4600 procul
1351 4523 1439 4584 dubio
1464 4523 1515 4585 di-

159 4612 268 4672 versae
290 4607 458 4670 sententiae
481 4626 686 4671 successorem
705 4611 769 4688 jam
793 4609 921 4689 reliquit,
946 4609 1015 4670 ideo
1039 4609 1167 4683 decrevi,
1193 4612 1291 4691 quoad
1308 4612 1373 4674 Deo
1388 4612 1514 4692 placue-

160 4696 219 4774 rit,
251 4705 355 4778 spreta
383 4696 466 4777 regia
487 4697 706 4777 professione
698 4719 726 4759 ιι
751 4698 855 4780 Styria
873 4717 1003 4759 manere.
1049 4697 1216 4779 Exemplar.
1236 4700 1383 4780 epistolae
1408 4700 1446 4762 ad
1466 4719 1515 4762 ms

160 4779 270 4850 missas
293 4786 348 4849 tibi
371 4787 617 4865 transmitterem,
641 4786 700 4854 nisi
722 4787 794 4848 milri
809 4794 973 4855 constaret,
998 4793 1028 4848 te
1050 4787 1080 4850 id
1093 4788 1210 4870 pridem
1228 4789 1348 4853 habere.
1390 4788 1516 4874 Scripta
