3366 5482
781 208 863 274 capa
882 209 901 260 1·
1462 211 1526 278 119

158 366 211 421 boo
224 372 271 420 est
293 368 330 421 ad
345 367 500 439 longiorem
524 385 618 424 earum
642 370 833 426 deductionem
856 373 892 425 ab
907 370 1014 426 usitata
1029 372 1088 434 via,
1109 379 1249 441 spectent,
1274 390 1357 443 quam
1381 377 1415 428 ad
1431 392 1530 431 novam

159 445 282 516 aliquam
296 448 553 502 conformationem:
575 450 641 520 quia
658 451 728 504 utin
745 451 954 506 Commentariis
969 452 1068 505 Martis
1083 452 1184 505 alicubi
1200 453 1273 507 dixi:
1300 455 1344 507 Co
1353 455 1528 524 pernicus

159 541 304 580 suarum
327 528 404 597 ipse
428 529 634 584 divitiarum
658 531 731 584 fuit
751 531 905 602 ignarus.

239 599 271 675 e)
294 607 444 663 Potissima
465 608 548 677 hqjus
572 627 675 679 operae
699 612 793 674 moles,
824 613 894 682 quod
919 610 1104 665 astronomica
1127 611 1237 672 attinet,
1273 611 1300 665 in
1324 613 1528 670 Commentario

161 685 260 740 Martis
275 687 416 751 incubuit;
441 688 605 760 inphysicis
621 690 689 744 vero'
702 707 751 743 seu
767 691 964 760 metaphysicis
986 691 1157 761 argumentis
1172 692 1351 762 corrogandis
1366 694 1453 747 fusior
1467 711 1528 749 sum

161 767 186 819 in
200 765 346 837 Epitomes
360 772 439 824 Astr.
455 769 526 823 liber
539 771 602 831 IV.,
628 771 672 839 qui
692 771 762 824 liber
783 771 871 840 ipsum
894 782 925 817 το
946 763 1030 835 ἔργον
1054 771 1184 833 continet,
1210 773 1281 840 quod
1306 772 1358 825 hoc
1382 774 1442 827 loco
1468 791 1529 829 sum

161 846 312 916 pollicitus.
355 849 424 901 Vide
449 856 546 903 totum.

240 922 268 991 t')
292 928 366 981 Idem
381 935 474 982 tamen
488 946 530 983 me
544 931 619 983 ultro
634 930 776 984 admonuit
798 939 906 1001 postea,
933 950 988 986 non
1002 949 1065 984 esse
1080 932 1265 985 necessariam
1288 932 1360 985 hanc
1386 933 1526 988 collectio·
1619 995 1628 1007 .

162 1024 230 1060 nem.
272 1009 345 1061 Nam
363 1026 425 1062 cum
438 1017 546 1063 cometa
559 1017 659 1063 motum
676 1010 772 1063 nonin
787 1011 959 1065 multosdies
980 1011 1135 1073 continuet,
1157 1018 1186 1063 et
1201 1028 1261 1064 cum
1275 1012 1429 1065 habeamus
1444 1014 1527 1068 liber·

163 1093 249 1141 tatem
263 1086 421 1142 intendendi
444 1089 634 1143 remittendive
658 1090 719 1156 ejus
734 1098 836 1144 motum
860 1092 887 1144 in
910 1091 1060 1160 hypothesi
1081 1099 1229 1159 suscepta,
1255 1091 1301 1144 ubi
1316 1092 1527 1147 observationes

163 1165 244 1237 (quae
268 1169 430 1238 plerumque
453 1186 564 1223 crassae
580 1165 658 1233 sunt)
682 1170 708 1222 id
723 1171 864 1240 requirere
886 1171 1020 1234 videntur,
1045 1171 1109 1224 hinc
1133 1173 1201 1224 adeo
1222 1172 1269 1234 tt,
1295 1181 1327 1224 ut
1350 1173 1476 1227 diversae
1501 1174 1530 1227 in

163 1247 378 1317 particularibus
393 1250 572 1318 hypotheses,
588 1252 698 1303 easdem
714 1258 838 1304 cometae
853 1252 1062 1305 observationes
1083 1258 1306 1320 repraesentent.
1348 1252 1387 1305 Et
1400 1242 1527 1307 Braheus

163 1327 231 1381 libro
255 1327 425 1383 deCcmetis
451 1329 498 1384 iol.
522 1328 588 1383 aa.
607 1328 662 1391 (De
685 1330 776 1384 mundi
798 1331 922 1385 aetherei
947 1331 1145 1385 recentioribus
1169 1331 1377 1401 phoenomenis.
1406 1332 1476 1385 Pars
1491 1334 1526 1387 11.

165 1408 230 1477 Cap.
245 1402 298 1473 X.)
311 1409 454 1462 Maestlini
468 1411 638 1480 hypothesin
653 1410 803 1472 caninat,
827 1428 887 1465 cum
902 1428 955 1465 sua
968 1417 1110 1480 comparat
1123 1411 1332 1481 redarguitque.
1375 1412 1437 1481 lpse
1460 1428 1526 1466 vero

164 1483 287 1542 101206
311 1484 362 1553 (ib.
379 1504 440 1558 cap.
455 1486 544 1554 Vlll.)
560 1490 729 1559 hypothesin
756 1492 841 1544 talem
863 1492 1002 1560 proponit,
1027 1491 1125 1560 inqua
1146 1499 1235 1544 motus
1250 1496 1375 1544 cometae
1399 1492 1527 1561 proprius

165 1567 305 1623 circularis
329 1568 408 1623 initio
432 1572 535 1634 tardus,
560 1587 624 1623 mox
640 1570 774 1632 intensus,
795 1570 823 1624 in
837 1573 890 1625 line
905 1588 1011 1624 rursum
1027 1573 1123 1625 tardus
1145 1570 1303 1624 exhibetur.
1346 1572 1443 1641 ltaque
1460 1569 1543 1626 ceuo'

165 1649 213 1701 hoc
226 1664 333 1719 genere
348 1649 514 1719 argumenti,
539 1650 700 1720 sicquidem
724 1650 871 1712 informati,
900 1661 931 1704 ut
944 1669 981 1704 ex
996 1670 1030 1704 eo
1046 1653 1115 1720 quod
1136 1657 1287 1719 potuerunt
1302 1651 1421 1704 artifices
1445 1668 1526 1720 prae·

166 1735 246 1791 stare,
271 1730 348 1782 nuda
361 1729 535 1784 *credulitate
559 1736 588 1783 et
610 1731 737 1799 generali
762 1731 812 1784 illa
835 1731 1003 1799 conjectura,
1029 1733 1101 1801 quod
1124 1747 1218 1783 verum
1240 1748 1306 1784 vero
1329 1738 1469 1793 consonet,
1493 1733 1527 1784 de

167 1809 284 1862 veritate
299 1808 520 1878 suppositionum
534 1810 598 1880 quid
613 1817 814 1878 praesumatur.
857 1815 896 1865 At
910 1811 1029 1865 vicissim
1049 1810 1107 1864 alia
1121 1812 1167 1863 ria
1181 1813 1297 1864 eandem
1316 1827 1406 1864 arcem
1420 1827 1528 1865 rursum

167 1905 275 1958 occupo.
317 1889 347 1942 si
370 1889 442 1943 enim
464 1897 554 1944 motus
577 1890 695 1943 Telluris
720 1893 754 1943 ad
783 1891 835 1943 hoc
859 1891 934 1945 utilis
958 1896 1011 1953 est,
1036 1898 1068 1944 ut
1091 1897 1257 1944 cometarum
1277 1898 1367 1943 motus
1391 1890 1527 1944 rectilinei

167 1986 312 2038 eorumque
326 1972 523 2039 perpetuaret
539 1969 725 2038 aequabilitas
740 1970 784 2022 vel
800 1970 992 2041 augmentatio
1007 1978 1056 2024 aut
1070 1970 1210 2024 contraria
1231 1970 1372 2024 diminutio
1391 1977 1529 2040 perpetua

168 2047 340 2103 satisfaciant
364 2050 527 2113 observatis,
552 2056 618 2103 tuuc
640 2065 717 2113 sane,
743 2058 876 2119 quantum
900 2059 944 2104 est
966 2051 1209 2110 verisimilitudinis
1234 2050 1260 2103 in
1285 2056 1361 2103 motu
1384 2051 1527 2105 rectilineo

168 2129 304 2200 aequabili
328 2147 472 2198 corporum
487 2130 702 2192 vanescentium,
727 2138 834 2184 tantum
855 2131 917 2184 fidei
932 2131 1047 2184 accedet
1068 2131 1293 2193 motuiTolluris,
1315 2130 1478 2198 praesertim
1503 2130 1526 2184 si

168 2209 252 2264 flexus
267 2208 397 2265 itinemm
412 2210 605 2279 apparentium
629 2211 799 2279 irregulares
814 2211 958 2265 occasione
983 2219 1073 2265 motus
1087 2209 1205 2264 Telluris
1229 2210 1389 2280 provenisse
1409 2216 1527 2274 constet,

169 2290 349 2359 aliarumque,
374 2306 445 2359 quae
465 2290 492 2344 in
510 2290 622 2344 cometis
638 2298 784 2358 apparent,
811 2292 883 2344 ratio
898 2293 1038 2345 reddatur.
1080 2290 1165 2344 Verbi
1181 2306 1267 2343 eausa
1280 2290 1328 2343 ille
1344 2290 1403 2358 ipse
1418 2295 1528 2343 cometa

169 2369 229 2425 anni
247 2368 322 2424 1577
347 2378 424 2423 ortus
440 2388 475 2423 ex
490 2370 594 2425 ultimis
618 2370 745 2440 partibus
769 2371 912 2442 sagittarii
936 2372 1083 2425 maximum
1105 2370 1143 2423 ibi
1167 2377 1270 2422 motum
1285 2370 1416 2432 diurnum,
1442 2377 1528 2439 caput
1605 2426 1607 2430 ⁸

171 2451 203 2514 l‘,
218 2452 336 2504 caudam
352 2445 405 2502 22¹¹
421 2450 533 2520 longam
548 2450 689 2510 exhibuit;
714 2451 785 2503 haec
799 2452 891 2505 omnia
904 2451 1017 2505 fuerunt
1031 2451 1165 2504 diminuta
1178 2467 1273 2503 versus
1297 2452 1386 2512 finem,
1413 2451 1482 2504 adeo
1496 2456 1529 2503 ut

170 2530 192 2584 in
204 2529 287 2602 signo
301 2529 424 2598 piscium,
450 2533 521 2599 quod
536 2532 690 2601 quadrante
705 2531 791 2584 distat
815 2548 832 2584 a
847 2531 1004 2602 sagittario,
1030 2531 1178 2586 stationem
1201 2539 1364 2599 peracturus
1380 2530 1527 2590 rideretur,

170 2609 215 2664 uisi
237 2609 407 2663 evanuisset.
451 2611 600 2672 Quaeritur
624 2626 695 2679 quae
719 2627 812 2672 causa,
838 2629 886 2664 cur
909 2617 1032 2665 cometae
1055 2611 1129 2664 circa
1149 2613 1313 2681 quadratum
1328 2609 1389 2677 ejus
1412 2610 1474 2672 loci,
1499 2608 1527 2662 in

170 2707 217 2760 quo
239 2689 352 2744 maximi
374 2700 567 2760 apparuerunt
590 2698 619 2742 et
643 2690 815 2753 velocissimi,
840 2692 1063 2762 appiopinquent
1087 2692 1207 2752 stationi,
1239 2708 1287 2744 cur
1310 2690 1424 2743 stationi
1447 2688 1528 2742 vicini

169 2770 210 2823 ulii
224 2771 402 2824 occultentur
416 2773 468 2825 sub
481 2771 581 2833 Solem,
607 2779 638 2824 ut
652 2770 720 2832 iste;
746 2771 793 2823 alii
808 2772 892 2825 etiam
915 2772 943 2825 ia
958 2772 1087 2840 opposito
1101 2771 1174 2825 Solis
1197 2771 1333 2839 paulatim
1347 2774 1525 2832 evanescant,

169 2859 194 2903 ut
207 2850 256 2905 ille
277 2849 344 2904 anni
361 2851 450 2914 1618,
475 2851 582 2906 faciunt
596 2850 667 2904 enim
691 2850 746 2904 ista
770 2851 904 2921 plerique.
948 2852 1025 2914 Quod
1047 2853 1070 2903 si
1093 2851 1209 2920 potiaris
1232 2851 1364 2904 libertate
1385 2847 1527 2903 circularis

169 2938 251 2984 notus
267 2937 392 2984 cometae
408 2931 554 2992 tribuendi,
580 2946 691 2983 causam
705 2947 755 2999 per
770 2948 862 2983 omnes
879 2939 1003 2984 cometas
1019 2933 1134 2984 eandem
1149 2930 1238 2982 dicere
1263 2947 1316 2982 non
1332 2929 1446 2998 poteris.
1489 2933 1528 2982 At

169 3011 187 3063 si
207 3017 235 3064 te
259 3011 349 3080 ipsum
363 3012 476 3082 redigas
499 3013 533 3064 ad
556 3010 703 3080 angustias
728 3010 901 3079 traiectionis
925 3011 1095 3073 rectilineae,
1121 3010 1216 3064 statim
1241 3015 1362 3078 apparet
1375 3008 1527 3061 necessitas

169 3090 356 3160 phaenomeni.
399 3092 497 3161 ltaque
519 3092 631 3159 planum
656 3090 844 3158 trajectorium
860 3098 984 3144 cometae
1004 3090 1069 3144 anni
1088 3090 1162 3144 1577
1178 3107 1232 3160 ego
1248 3089 1417 3142 ordinassem
1440 3087 1467 3140 iu
1492 3103 1529 3140 ea

170 3171 245 3235 linea,
270 3186 322 3240 per
336 3187 418 3240 quam
431 3171 527 3241 paucis
543 3178 607 3240 post
621 3170 825 3239 disparitionem
846 3172 941 3224 diebus
957 3171 1087 3225 videndus
1112 3170 1210 3223 hsisset
1234 3185 1319 3223 causa
1336 3165 1526 3238 longitudinis,

170 3251 188 3303 si
208 3250 405 3322 superfuisset,
435 3251 627 3321 trajectionem
651 3251 739 3319 ipsam
764 3251 877 3319 primum
902 3253 1038 3313 velocem,
1071 3251 1099 3304 in
1120 3251 1270 3304 subeuntes
1294 3249 1352 3302 dies
1376 3247 1527 3315 tardiorem

171 3331 298 3393 iecissem,
323 3330 404 3401 idque
418 3349 468 3401 pro
481 3331 589 3385 ratione
611 3330 825 3400 propinquitatis
848 3331 968 3400 partium
992 3331 1171 3400 trajectcriae
1185 3330 1277 3383 lineae
1292 3331 1327 3382 ad
1341 3328 1441 3389 Solem,
1462 3326 1528 3397 quia

171 3418 271 3465 cometa
284 3410 331 3463 ria
345 3411 457 3481 obliqua
481 3411 610 3482 fugiebat
632 3427 650 3464 a
664 3411 737 3472 Sole,
760 3412 909 3481 Tellusque
929 3411 1009 3464 simul
1029 3428 1047 3464 a
1061 3419 1176 3465 cometa.
1220 3411 1281 3472 Qua
1304 3410 1412 3463 ratione
1426 3406 1526 3460 efficie-

171 3491 253 3554 batur,
277 3497 311 3544 ut
331 3499 439 3546 cometa
461 3491 540 3545 initio
563 3491 670 3561 quidem
685 3490 821 3545 dimidiam
835 3491 907 3545 Solis
930 3491 1104 3545 altitudinem
1125 3492 1256 3552 haberet,
1281 3508 1318 3542 ex
1332 3507 1365 3541 eo
1390 3487 1526 3557 sphaeras

171 3571 288 3634 Veneris,
313 3571 441 3636 Telluris,
465 3571 564 3626 Martis
579 3571 730 3640 trajiceret,
755 3580 785 3625 et
808 3571 835 3625 in
850 3573 903 3625 fine
918 3572 981 3639 plus
999 3588 1081 3640 quam
1105 3571 1188 3640 triplo
1208 3569 1292 3624 altior
1307 3569 1371 3623 Sele
1386 3569 1526 3621 evaderet.

171 3650 224 3706 Non
243 3652 342 3706 mirum
365 3651 461 3722 igitur,
486 3653 556 3722 quod
571 3651 727 3720 parallaxis
752 3648 778 3703 in
800 3670 833 3705 ec
858 3651 936 3704 nulla
959 3651 1126 3720 deprehendi
1150 3651 1250 3720 potuit.
1292 3650 1346 3703 Sed
1369 3650 1403 3700 de
1427 3648 1482 3700 hac
1495 3662 1525 3700 re

170 3733 225 3800 plus
249 3731 335 3787 satis:
360 3732 413 3784 hoc
434 3734 494 3785 leco
518 3733 601 3801 plura
621 3730 644 3784 si
668 3731 740 3800 petit
761 3732 856 3793 lector,
882 3732 966 3785 adeat
989 3748 1077 3785 meum
1097 3734 1130 3785 de
1146 3729 1264 3785 cometis
1289 3729 1421 3790 libellum,
1447 3742 1526 3796 quem
1560 3767 1566 3776 .

170 3812 289 3867 nundinis
311 3813 517 3866 autumnalibus
539 3812 603 3865 anni
629 3811 703 3864 1619
724 3811 810 3864 emisi.
829 3803 867 3878 ³³)

241 3887 277 3965 g)
301 3891 450 3946 Scribendo
474 3909 528 3963 ego
552 3891 579 3944 id
600 3891 730 3960 temporis
755 3893 844 3945 adhuc
865 3890 957 3945 didici:
990 3910 1024 3945 ne
1047 3890 1218 3962 perturberis
1242 3886 1329 3957 igitur
1351 3884 1526 3940 multitudine

171 3969 219 4027 ista
231 3980 368 4027 motuum:
390 3972 500 4042 proprie
515 3974 568 4026 duo
583 3979 693 4024 tantum
707 3980 780 4035 sunt,
804 3989 874 4025 unus
890 3973 925 4024 ab
940 3972 1048 4025 interno
1073 3971 1194 4040 pendens
1208 3966 1342 4037 principio
1357 3965 1526 4020 convolutio-

171 4052 204 4106 nis
218 4053 335 4107 diurnae
359 4051 432 4106 circa
454 4053 595 4122 proprium
620 4058 752 4114 centrum,
776 4054 850 4106 alter
871 4051 1044 4105 extrinsecus
1059 4068 1077 4104 a
1090 4049 1154 4103 Sole
1170 4046 1275 4102 Telluri
1296 4047 1391 4101 illatus
1417 4062 1525 4100 annuus

170 4131 235 4187 eirca
254 4133 359 4195 Solem,
388 4132 441 4186 etsi
467 4135 625 4187 moderatur
648 4131 728 4185 illum
750 4131 904 4204 formatque
926 4132 967 4184 vis
997 4129 1157 4201 magnetica
1178 4121 1214 4195 ³⁸)
1242 4127 1317 4181 tibris
1339 4126 1458 4180 Telluris
1485 4126 1525 4179 in·

171 4212 230 4277 sita;
262 4213 308 4284 qui
329 4229 395 4265 vero
416 4213 515 4267 tertius
537 4212 582 4266 hic
608 4213 786 4275 censebatur,
819 4213 866 4265 ille
893 4213 970 4282 quies
998 4219 1042 4264 est
1071 4210 1164 4279 potius
1187 4208 1249 4263 axis
1271 4207 1389 4261 Telluris
1418 4206 1445 4259 in
1472 4206 1525 4259 situ

171 4295 315 4361 parallelo,
346 4295 410 4346 dum
431 4300 555 4347 centrum
575 4292 649 4346 circa
668 4292 760 4347 Solem
781 4294 881 4355 fertur,
914 4292 1009 4362 etqui
1030 4296 1145 4361 quartus
1173 4288 1219 4343 hic
1239 4287 1408 4350 ventitatur,
1438 4286 1460 4341 is
1482 4291 1526 4339 est

172 4372 281 4428 lerimla
306 4373 483 4443 perturbatio
511 4373 593 4442 hqius
617 4371 726 4443 quietis,
758 4380 821 4428 orta
842 4392 878 4426 ex
900 4371 1077 4427 aberratione
1107 4371 1220 4423 duorum
1241 4369 1388 4438 primorum
1411 4374 1440 4420 et
1460 4383 1524 4435 pro·

173 4451 292 4520 priorum.
334 4453 388 4506 Sed
409 4454 442 4506 de
464 4453 507 4508 his
528 4453 601 4507 int'ra
621 4453 712 4522 plura.

207 4549 278 4632 ’ffis
296 4547 414 4600 addenda
431 4555 489 4597 sunt
507 4563 554 4605 sa,
573 4561 638 4612 quae
657 4549 787 4612 adscripsit
805 4547 927 4610 Keplerus
954 4543 1005 4606 (vel
1025 4544 1181 4595 Maestlinns.
1209 4542 1294 4604 Gomp.
1315 4546 1400 4590 annot
1420 4535 1466 4596 bl)
1485 4545 1523 4586 ta·

173 4616 226 4677 mn
241 4617 386 4749 'liubitllli
407 4692 540 4763 inscripta
566 4699 623 4749 est:
655 4692 764 4746 Tabula
786 4692 819 4752 1..
852 4690 987 4744 exhibens
1015 4688 1136 4743 ordinem
1160 4687 1342 4756 sphaerarum
1369 4681 1437 4735 coel.
1468 4697 1523 4735 mo·

147 4829 150 4833 .
174 4770 266 4841 lilium,
287 4774 424 4845 simulque
444 4789 540 4848 veram
560 4773 766 4844 proportionem
786 4770 983 4843 magnitudinis
1003 4786 1098 4825 earum
1114 4767 1203 4838 juxta
1222 4764 1328 4819 medias
1350 4763 1402 4820 has
1416 4761 1523 4818 distan-
