3366 5482
162 208 224 275 mv

254 376 352 449 Quum
375 371 501 453 singulis
524 368 646 451 Kepleri
670 368 807 450 operibus
830 364 1069 450 praemiserimus
1092 373 1308 453 praefationes,
1342 379 1454 459 quibus
1479 403 1531 449 res

161 487 333 551 indicantur
355 486 463 543 notatu
487 476 636 555 digniores
661 493 735 555 qnae
759 475 798 535 ad
821 474 873 535 illa
896 494 986 556 opera
1008 477 1179 557 pertinent,
1204 480 1291 544 finem
1321 483 1426 548 facere
1450 507 1529 569 pos-

161 613 265 666 sumus
289 583 563 667 huiopraefationi.
611 582 678 642 Una
701 600 749 641 res
782 589 938 661 superest,
969 601 1057 662 quam
1081 603 1139 646 non
1163 586 1363 653 omittendam
1384 612 1456 656 esse
1472 597 1529 674 ju·

162 702 316 772 dicamus,
349 694 420 776 quia
451 689 609 751 multorum
639 704 798 766 eorumque
823 687 903 749 haud
924 689 1010 767 parvi
1038 689 1245 755 habendorum
1269 699 1444 762 sententiae
1475 723 1528 765 re-

159 823 344 891 pugnamus,
378 796 527 861 rationem
552 793 693 867 dicimus,
729 810 787 871 qua
809 793 856 854 nsi
879 813 981 856 sumus
1006 795 1034 856 in
1059 796 1217 861 scribendo
1241 802 1360 865 nomine
1385 804 1527 888 Kepleri.

159 911 371 979 Hansclrius
396 905 427 965 in
451 900 626 964 collectione
645 897 839 977 epistolarum
858 898 981 979 Kepleri
1001 900 1169 988 simplioip
1188 925 1259 970 usus
1279 916 1329 970 est
1346 927 1402 989 per
1427 921 1528 977 totum

159 1021 284 1093 librum,
320 1017 451 1091 excepta
482 1003 668 1086 praefatione
702 1012 734 1064 et
765 1004 972 1084 inscriptione;
1009 1008 1326 1080 Breitschwsrtus
1359 1019 1390 1080 in
1425 1023 1530 1097 „Vita

159 1121 359 1207 Keppleri“
391 1112 502 1195 duplici
525 1134 559 1194 p,
594 1109 776 1190 eandemque
805 1109 954 1174 scribendi
987 1114 1134 1179 rationem
1166 1121 1303 1184 defendit
1335 1126 1529 1194 clarissimus

159 1235 194 1296 F,
230 1229 269 1294 G,
301 1229 353 1291 W.
389 1222 525 1286 Struve
558 1217 588 1279 in
620 1215 834 1278 Schumacheri
861 1217 1152 1292 „Astronomischen
1180 1226 1409 1293 Nachriohten“
1434 1236 1527 1308 (Vol.

158 1337 245 1403 XIX.
270 1335 310 1399 N.
336 1326 429 1404 451),
454 1327 531 1388 hanc
555 1323 683 1384 afferens
699 1320 863 1398 rationem,
889 1325 965 1404 quod
987 1325 1139 1407 Keplems
1162 1330 1231 1395 inde
1255 1336 1293 1397 ab
1317 1358 1398 1401 anno
1427 1337 1526 1407 1619.

159 1447 189 1509 in
212 1441 297 1506 libris
322 1439 361 1501 ab
385 1437 453 1519 ipso
478 1429 568 1493 editis
592 1427 702 1507 duplici
724 1446 795 1490 usus
819 1429 860 1491 sit
878 1451 913 1511 p,
938 1437 969 1492 et
992 1432 1070 1512 quod
1089 1434 1168 1499 filius
1187 1439 1361 1506 Lndovicns
1381 1446 1411 1508 in
1432 1467 1527 1529 opere

158 1551 255 1633 patris
288 1545 367 1629 quod
401 1539 496 1609 edidit
527 1535 687 1619 posthumo
721 1534 846 1596 eundem
878 1535 1037 1601 retinuerit
1060 1542 1210 1607 scribendi
1242 1550 1374 1616 modum.
1433 1552 1528 1626 Quod

157 1657 253 1740 ipsius
289 1648 414 1733 Kepleri
442 1642 611 1722 exemplum
643 1641 784 1710 afferunt,
817 1659 872 1703 nos
900 1652 1035 1707 nostrum
1064 1648 1216 1715 scribendi
1248 1656 1367 1719 modurn
1401 1666 1526 1727 tuentes

158 1761 390 1843 respondemus:
427 1753 506 1814 iuter
530 1745 572 1812 29
601 1765 677 1828 quae
704 1746 790 1808 nobis
813 1757 937 1827 praesto
967 1760 1037 1814 sunt
1059 1753 1184 1836 Kepleri
1212 1777 1318 1841 opera,
1350 1744 1525 1845 deprehen-

160 1871 257 1933 dimus
285 1862 334 1942 13,
359 1877 484 1945 qnorum
513 1855 618 1918 titulus
642 1861 673 1914 et
696 1853 878 1933 subscriptio
903 1856 1103 1923 dedicationis
1127 1863 1242 1928 habent
1268 1868 1454 1949 simplicem,
1484 1875 1521 1939 11

159 1973 308 2055 duplicem
326 1988 367 2054 p3
402 1965 521 2045 reliqua
552 1960 582 2021 in
615 1957 702 2021 titulo
734 1958 899 2039 duplicem,
933 1962 962 2024 in
992 1948 1181 2031 dedicatione
1213 1973 1394 2054 sinrpliaem3
1420 1998 1525 2047 eorum

159 2098 298 2163 operum,
323 2093 400 2157 quae
425 2071 463 2134 ab
487 2085 565 2130 anno
588 2060 680 2128 1619.
701 2065 886 2145 prodierunt,
911 2088 1031 2132 numero
1052 2068 1080 2147 9,
1109 2082 1195 2138 terna
1214 2078 1325 2143 habent
1345 2083 1524 2167 Keplernm,

161 2199 248 2251 terna
270 2182 457 2266 Kepplerum
489 2183 521 2238 et
542 2182 629 2236 terna
651 2170 680 2233 in
704 2170 897 2251 inscriptione
921 2175 1124 2258 Kepplerum,
1157 2182 1185 2245 in
1214 2185 1405 2252 dedicatione
1429 2193 1520 2277 Kep.
1576 2176 1582 2185 ’

162 2293 266 2354 lerum.
299 2287 403 2369 Opera
421 2283 577 2365 graviora:
604 2277 714 2361 Optica
734 2273 861 2371 (1604),
885 2280 1042 2362 Dioptrica
1062 2281 1190 2365 (1611),
1214 2291 1414 2358 Astronomia
1432 2299 1525 2364 Nora

162 2393 299 2473 (1609),
329 2392 464 2457 Tabulae
493 2385 702 2466 Rudolphinae
731 2379 848 2460 (1627)
874 2386 1180 2471 habentKeplerum:
1208 2396 1376 2465 Harmonia
1400 2401 1524 2482 (1619)

161 2503 285 2566 exhibet
312 2502 342 2564 in
371 2499 460 2563 titulo
483 2493 687 2578 Kepplerum,
720 2491 829 2571 singuli
861 2511 932 2556 voro
956 2490 1024 2558 libri
1047 2495 1183 2579 inscripti
1206 2512 1292 2569 suut:
1332 2508 1523 2592 „Kepleri;“

159 2611 316 2692 Epitomes
341 2598 462 2691 (1618)
481 2601 591 2684 prioris
610 2598 706 2679 partis
725 2597 830 2660 titulus
849 2598 941 2662 habet
960 2602 1140 2686 Kepplerus,
1165 2606 1331 2674 dedicatio:
1356 2613 1522 2697 Keplerns,

159 2735 231 2799 pars
255 2734 325 2778 vero
349 2711 483 2777 secunda
515 2708 629 2784 („liber
652 2704 799 2787 quartus“
826 2700 936 2779 1620.)
960 2715 991 2770 et
1015 2711 1106 2773 tertia
1138 2714 1204 2788 (lib.
1231 2716 1378 2782 V-Vll.
1408 2719 1522 2803 1621.)

159 2825 189 2887 in
212 2822 301 2886 titulo
325 2829 358 2883 et
380 2816 570 2882 dedicatione
589 2812 754 2894 simplicem
774 2811 916 2874 exhibent
928 2837 963 2897 p.
996 2815 1212 2897 Ephemerides
1232 2821 1370 2906 denique,
1396 2847 1524 2910 quarum

158 2931 240 3014 prior
262 2949 333 3012 pars
356 2925 470 3008 prodiit
492 2941 570 2987 anno
597 2916 692 2995 1617,
716 2937 786 2998 pars
811 2918 908 2982 altera
931 2930 963 2984 et
987 2924 1077 2986 tertia
1100 2945 1178 2989 anno
1206 2922 1300 2992 1630.
1327 2937 1374 2992 ter
1398 2934 1523 3001 variant

159 3057 275 3109 nomen.
321 3036 378 3099 His
402 3030 596 3094 manifestum
619 3025 705 3089 uobis
729 3024 863 3100 ridetur,
886 3028 1050 3108 Keplernm
1073 3032 1171 3113 ipsum
1194 3054 1253 3111 non
1277 3016 1445 3102 intendisse
1470 3042 1521 3106 di-

158 3147 267 3228 gitum,
306 3164 365 3225 qua
402 3139 519 3202 ratione
557 3153 664 3199 nomen
701 3152 786 3195 suum
823 3136 966 3216 scriptum
1003 3138 1090 3214 velit,
1125 3149 1157 3203 et
1189 3140 1215 3203 si
1245 3143 1360 3207 numeri
1383 3146 1520 3226 valeant,
1561 3197 1564 3203 .

158 3261 294 3317 nostrum
325 3247 444 3312 modum
467 3239 696 3328 praeferendum
727 3259 805 3303 csse.
854 3239 909 3305 Oui
941 3244 1052 3307 rationi
1084 3247 1109 3307 si
1143 3245 1241 3309 minus
1273 3249 1406 3327 tribuas,
1430 3252 1522 3337 Kep-

159 3362 239 3424 lerus
272 3356 375 3437 utique
409 3354 489 3417 sicut
520 3351 606 3414 multi
639 3348 808 3431 aequalium
831 3346 949 3412 minime
974 3351 1064 3414 lirum
1096 3352 1237 3416 habuisse
1260 3354 1380 3420 videtur
1403 3357 1434 3422 in
1458 3361 1518 3425 hac

159 3485 191 3529 re
224 3464 449 3527 fundamentum
480 3467 512 3523 et
544 3457 665 3540 saepius
698 3456 828 3517 fortasse
868 3458 1056 3539 typographo
1089 3459 1137 3520 vel
1175 3462 1349 3523 amanuensi
1388 3464 1535 3553 liborum·

158 3571 332 3655 permisisse
355 3568 521 3632 arbitrium.
554 3563 657 3627 Nihilo
689 3563 787 3625 minus
819 3571 853 3625 ut
876 3570 1044 3628 teneremus
1068 3564 1234 3647 simplicem
1248 3589 1273 3650 p
1296 3569 1426 3632 maxime
1451 3593 1522 3638 mo.

160 3650 267 3743 verunl
290 3696 344 3741 nos
368 3673 495 3754 Kepleri
518 3672 685 3755 epistolae,
718 3689 843 3751 quarum
875 3690 986 3752 magna
1015 3671 1101 3737 nobis
1133 3679 1257 3754 praesto
1290 3683 1339 3739 est
1366 3677 1457 3759 copia
1480 3683 1521 3746 ab

158 3788 225 3869 ipso
257 3782 495 3863 conscriptarum
529 3787 561 3842 et
592 3763 849 3860 subscriptarum,
884 3778 913 3841 in
947 3778 1053 3859 quibus
1076 3777 1206 3843 occurrit
1228 3797 1350 3859 perraro
1375 3784 1521 3872 „Kepp.

160 3891 316 3968 lerns“,
350 3889 405 3952 sed
438 3906 557 3968 semper
589 3888 651 3949 fere
686 3885 927 3966 „Keplerus“,
957 3893 990 3947 ut
1023 3884 1161 3948 rideatur
1194 3904 1300 3948 nornen
1335 3892 1522 3970 gentilitium

87 4022 88 4026 ¹
159 3999 252 4082 ipsius
277 3997 482 4079 simplicemp
505 3993 667 4074 requirere.

248 4105 333 4169 Haec
349 4109 420 4165 sunt
435 4121 511 4184 qnae
526 4097 695 4164 collectioni
710 4115 831 4189 opernm
846 4096 970 4177 Kepleri
984 4099 1206 4178 praemittenda
1220 4099 1400 4165 censuimus.
1429 4101 1522 4170 Reli.

160 4232 250 4299 quum
260 4221 308 4275 est
321 4218 426 4274 utrem
438 4230 456 4270 a
467 4208 553 4271 nobis
564 4209 712 4289 inceptam
728 4223 823 4286 aequo
834 4204 1073 4267 commendemus
1088 4210 1231 4271 lectorum
1241 4206 1366 4288 judicio.
1387 4210 1417 4273 A
1431 4213 1521 4278 nobis

159 4322 278 4406 quidem
300 4318 416 4382 sincere
434 4317 607 4398 profitemur
627 4333 743 4378 onmem
754 4312 920 4375 adhibitam
935 4331 1003 4375 essa
1019 4331 1120 4377 euram
1135 4322 1166 4376 et
1180 4313 1378 4394 diligentiam,
1399 4327 1433 4381 ut
1444 4338 1520 4402 opus

158 4430 280 4512 dignam
290 4425 367 4488 Viro
382 4442 497 4486 summo
513 4423 639 4486 formam
654 4422 767 4484 referat
783 4431 814 4484 et
823 4422 888 4484 Deo
905 4422 1023 4483 volente
1040 4420 1079 4482 ad
1094 4419 1212 4482 felicem
1226 4421 1313 4485 finem
1325 4424 1519 4504 perducatur.

266 4548 472 4628 stuttgartiao
494 4547 524 4609 d.
549 4549 577 4610 6.
600 4544 776 4611 Decembris
798 4547 877 4610 1867.

659 4683 666 4694 -
1070 4641 1166 4714 vlu·
1202 4640 1435 4721 marech.
