3366 5482
157 207 225 283 ιη
721 213 966 267 ποι-ι..-

157 375 384 460 perpendiculo¹
408 393 468 435 uno
490 373 615 436 miliari
638 373 1059 453 gerontocomum
1080 371 1519 455 mariamnae-‘n

158 467 268 529 eadem
293 475 342 525 est
365 464 496 524 altitudo
520 464 677 535 materiae,
702 483 779 542 quae
802 465 980 546 aepmcula
1002 460 1521 544 latitetfflaemmliuu

159 555 328 634 refringit).
362 551 462 614 Solari
487 553 580 632 igitur
601 552 687 613 radio
711 563 832 612 aestate
854 554 1015 630 objicietur
1039 554 1199 615 aarum
1219 553 1310 613 ιὰ
1331 550 1473 612 umeri·
1493 560 1522 610 et

159 663 258 705 nonae
281 643 395 722 partis,
418 642 524 720 hyeme
553 642 643 700 trium
666 653 698 700 et
722 642 842 701 tertiae.
887 643 937 702 lta
958 644 1050 721 triplo
1072 643 1201 703 debilior
1221 652 1271 702 est
1292 641 1404 721 hene
1423 639 1522 700 nh

160 730 245 794 Solia
268 745 394 812 propter
416 731 495 790 hanc
517 750 662 789 causam:
687 745 718 788 et
741 731 911 808 conjunctis
934 731 981 791 his
1005 733 1102 792 tribus
1123 732 1240 803 musis,
1268 731 1321 790 n‘x
1343 747 1420 809 pars
1440 728 1521 789 rice-

161 821 240 882 sima
263 829 373 900 quarta
396 819 503 898 byeme
526 819 638 879 caloris
660 819 771 877 aestivi
794 834 944 897 superest.

720 907 859 967 Thesis
883 907 955 967 XII.

253 996 321 1057 Etsi
346 1013 417 1056 vero
442 995 499 1054 hae
523 1005 586 1055 tres
610 1014 721 1055 causae
745 995 819 1073 ipsis
843 996 967 1056 bmmae
989 1006 1022 1057 et
1044 995 1169 1056 solstitii
1187 996 1295 1056 diebus
1313 992 1522 1056 antevidet·

162 1086 309 1158 fisticum,
334 1103 392 1144 nen
415 1095 516 1143 tamen
541 1084 578 1142 de
603 1083 786 1144 necessitate
810 1084 871 1145 illic
896 1086 1000 1163 frigus,
1025 1086 1073 1145 hic
1096 1085 1180 1146 calor
1203 1087 1262 1146 erit
1280 1083 1416 1144 omnium
1429 1082 1524 1143 maxi-

162 1193 246 1235 mus:
281 1173 334 1234 sed
359 1172 477 1232 accedit
501 1173 561 1232 alia
585 1192 697 1245 cansa,
730 1191 807 1252 quae
840 1183 983 1251 qnantum
1006 1175 1037 1235 in
1060 1194 1147 1245 sete,
1175 1174 1315 1254 byemm
1338 1193 1360 1231 a
1380 1171 1524 1252 principio

162 1262 328 1331 februarii,
353 1270 503 1320 aestatem
523 1282 541 1319 a
564 1262 710 1339 principio
734 1263 866 1339 Augusti
896 1261 943 1322 rel
967 1264 1101 1329 circiter,
1121 1264 1216 1323 faciet
1232 1263 1392 1340 majorem.
1436 1260 1526 1321 Terra

163 1349 244 1412 enim
267 1359 300 1410 et
323 1369 401 1429 aqua
426 1360 497 1408 aunt
519 1368 627 1409 crassa
649 1368 790 1427 corpora,
823 1369 878 1409 nec
910 1365 1036 1430 possunt
1066 1371 1125 1412 uno
1155 1362 1308 1412 momento
1333 1349 1466 1423 calfieri,
1497 1357 1527 1409 et

164 1438 298 1500 attacta
321 1439 403 1499 circa
425 1457 558 1497 mensem
581 1438 713 1510 Iunium,
738 1437 811 1499 Sole
835 1439 997 1512 altissimo,
1027 1441 1159 1500 retinent
1188 1439 1373 1519 aliquamdiu
1397 1437 1527 1499 calorem

163 1526 221 1589 sibi
243 1528 367 1607 penitus
390 1527 567 1604 impressum
592 1529 666 1597 (etsi
691 1527 937 1605 superficietenus
961 1529 1045 1589 illum
1076 1529 1203 1608 siugulis
1230 1529 1371 1590 noctibus
1394 1526 1528 1588 marinii

163 1615 339 1688 remittant)
371 1625 495 1694 propter
527 1617 709 1675 densitatem
742 1616 888 1675 materiae
916 1625 948 1676 et
975 1619 1213 1696 magnitudinem
1235 1636 1410 1696 corporum,
1439 1624 1528 1695 atque

165 1705 210 1766 ita
230 1704 312 1765 Junii
336 1705 467 1764 calorem
492 1704 529 1763 de
553 1704 718 1782 praeterito
748 1724 814 1764 curn
839 1705 939 1764 calore
957 1704 1031 1766 Julii
1051 1716 1084 1767 et
1103 1707 1236 1786 Augusti
1255 1707 1423 1767 cumulant.
1447 1705 1529 1767 Idem

164 1793 195 1854 in
220 1793 401 1854 contrarium
426 1793 582 1853 dicendum
602 1793 639 1852 de
664 1793 774 1870 frigore
798 1793 924 1873 bremis.

726 1881 860 1942 Thesis
883 1882 971 1943 XIII.

255 1971 338 2032 Idem
358 1968 503 2048 judicium
527 1980 595 2030 esto
619 1970 710 2029 etde
735 1970 810 2030 hora
832 1972 966 2031 secunda
988 1971 1067 2043 diei,
1095 1990 1172 2050 quae
1200 1971 1327 2033 calidior
1350 1981 1415 2046 est,
1440 1991 1530 2052 quam

166 2060 352 2131 duodecima,
377 2058 434 2118 etsi
458 2056 511 2119 Sol
531 2060 595 2137 jam
620 2058 711 2118 cadit.
757 2059 841 2119 Idem
856 2060 934 2120 enim
949 2060 997 2120 bic
1012 2068 1150 2140 praestat
1166 2068 1233 2134 aer,
1258 2061 1336 2142 qnod
1365 2061 1430 2122 illic
1449 2071 1533 2122 terra

166 2149 331 2229 praestitit.
377 2147 456 2208 Nam
481 2154 552 2216 aer,
576 2157 610 2207 ut
632 2148 731 2206 tenuis
756 2147 929 2221 admodum,
959 2151 1086 2211 celerius
1116 2151 1237 2229 quidem
1260 2169 1350 2230 quam
1373 2158 1458 2212 terra
1481 2151 1532 2211 al-

167 2245 294 2305 teratur,
318 2254 376 2296 non
400 2244 501 2296 tamen
525 2236 644 2296 omnino
668 2235 779 2295 subito.
819 2238 950 2298 Accedit
973 2248 1075 2300 tamen
1099 2239 1166 2314 buc,
1191 2240 1217 2300 si
1242 2257 1300 2300 non
1325 2247 1394 2299 tota
1418 2239 1533 2300 Terrae

168 2326 365 2406 corpulentia,
391 2332 424 2384 at
446 2325 555 2386 saltem
579 2325 761 2404 superficies.

728 2413 863 2474 Thetis
886 2413 974 2475 XIV.

256 2501 303 2561 Ex
327 2501 431 2562 eodem
447 2501 641 2562 fundamento
655 2502 788 2579 praedici
807 2511 920 2580 potest,
941 2501 1150 2583 Septembrem
1165 2509 1197 2563 et
1211 2501 1388 2574 Octobrem,
1408 2511 1535 2581 propter

168 2593 246 2653 banc
270 2591 388 2670 quidem
412 2610 545 2658 causam,
569 2591 728 2653 calidiores
753 2593 869 2651 futuros
893 2611 981 2671 quam
1005 2593 1149 2654 Martium
1172 2601 1205 2652 et
1228 2591 1448 2654 Februarium:
1474 2592 1534 2653 etai

168 2681 305 2760 utrinqne
330 2679 431 2739 futura
454 2689 501 2739 est
525 2680 631 2740 eadem
655 2680 714 2741 diei
739 2680 904 2758 longitudo.

728 2769 861 2828 Thesis
884 2768 957 2828 XV.

259 2856 368 2917 Altera
392 2874 485 2916 causa
514 2855 641 2935 physica
664 2858 901 2935 praedictionum
926 2865 974 2918 est
996 2855 1107 2917 Luna
1149 2856 1228 2917 Nam
1249 2856 1440 2935 experientia
1459 2877 1533 2937 pro·

40 2998 48 3020 ,
169 2945 272 3007 batum
296 2953 353 3018 est,
378 2944 476 3003 omnia
500 2944 621 3005 humore
646 2946 820 3006 constantio
842 2954 997 3007 crescente
1012 2943 1098 3007 Luua
1122 2954 1311 3023 turgescere;
1336 2945 1534 3008 decrescente

169 3033 336 3095 subsidere.
384 3031 470 3101 Quae
494 3051 554 3094 una
578 3053 625 3094 res
649 3035 841 3113 plurImarum
866 3034 1045 3095 electionum
1069 3044 1101 3094 et
1123 3034 1362 3112 praedictionum
1388 3035 1419 3096 in
1440 3055 1533 3097 oeco-

170 3122 279 3195 nomia,
304 3140 335 3182 re
360 3122 484 3194 rustica,
510 3123 668 3191 medicina,
692 3124 822 3190 nautica,
847 3142 941 3184 causa
964 3132 1022 3184 est.
1050 3122 1212 3184 Rationem
1235 3122 1533 3210 hujussyrnpathiae

170 3210 300 3272 nondum
319 3210 453 3288 perfecte
477 3211 629 3288 cognitam
653 3211 766 3273 babent
788 3211 914 3292 physici.

730 3300 860 3361 Thesis
884 3299 971 3362 XVI.

261 3385 319 3446 Est
342 3394 442 3448 autem
467 3386 576 3463 duplex
600 3387 704 3449 Lunae
728 3389 841 3461 virtus,
866 3389 964 3450 altera
987 3395 1156 3461 menstrua,
1181 3383 1217 3448 de¹
1242 3405 1300 3467 qua
1320 3387 1388 3467 jorn
1412 3389 1491 3462 dixi,
1516 3410 1533 3449 a

171 3475 308 3537 mutabili
333 3474 438 3535 Lunae
457 3472 539 3535 'facie
564 3476 753 3554 dependens;
780 3478 877 3538 altera
901 3478 1138 3549 semimenstrua,
1164 3483 1196 3537 et
1218 3478 1256 3538 ob
1281 3477 1310 3537 id
1328 3477 1529 3539 etiamsemi-

171 3564 286 3638 diurna,
311 3582 386 3642 quae
411 3563 441 3622 in
466 3564 646 3626 medicorum
670 3566 798 3628 orisibus
822 3566 910 3647 ioque
935 3566 1026 3626 maris
1056 3575 1143 3626 aestu
1163 3566 1315 3646 reciproco
1340 3567 1531 3645 potissimam

170 3653 230 3714 viu
254 3653 357 3724 habet,
381 3653 418 3712 de
442 3671 501 3731 qua
525 3652 612 3714 iufra.

717 3741 854 3803 Thesis
878 3741 981 3804 XVII.

260 3826 492 3906 Quibuscuuque
517 3829 618 3909 itaque
643 3831 748 3893 diebus
773 3831 801 3891 iu
826 3832 999 3892 calendario
1023 3829 1206 3891 novilunium
1229 3830 1397 3906 iuvenitur,
1421 3832 1526 3893 humo-

170 3935 219 3979 res
248 3926 391 3996 quantum
425 3936 443 3976 a
471 3917 558 3978 Luna
588 3921 720 3998 pendent
757 3928 845 3981 erunt
877 3920 1038 3993 imminuti,
1083 3919 1190 4000 quibus
1219 3939 1290 3981 vero
1322 3921 1524 4000 plenilunium,

172 4006 262 4066 aucti.
311 4006 355 4066 At
378 4025 443 4066 cum
469 4006 496 4066 in
522 4007 567 4068 his
587 4009 651 4087 jam
672 4009 777 4081 dictis,
812 4018 876 4070 tum
900 4009 992 4069 etiam
1016 4009 1045 4069 in
1070 4008 1263 4088 quadraturis
1293 4010 1435 4072 humores
1463 4029 1524 4071 mo·

171 4093 319 4155 vehuntur
344 4095 453 4156 valide.
501 4095 586 4157 Haec
610 4106 659 4159 est
674 4098 802 4176 simplex
828 4106 858 4158 et
882 4117 963 4158 mere
988 4096 1172 4176 astrologica
1193 4098 1378 4177 praedictio,
1404 4097 1524 4179 quaesi

170 4183 386 4262 persingulas
411 4192 494 4243 artes
519 4186 718 4261 diduceretur,
745 4186 918 4266 astrologus
942 4186 1054 4248 limites
1079 4204 1151 4248 suae
1175 4187 1375 4267 professionis
1399 4188 1521 4250 excede-

172 4278 228 4346 ret,
253 4272 395 4351 ficretque
422 4272 564 4351 agricola,
590 4277 733 4348 medicus,
758 4276 910 4356 chymicus
934 4276 987 4338 dcc.

712 4364 845 4425 Thesis
868 4363 987 4425 XVIII.

261 4448 413 4510 Interdum
447 4457 547 4512 tamen
577 4452 660 4532 ipsos
688 4453 801 4515 moneri
832 4451 964 4532 expedit.
1011 4451 1064 4515 Uti
1087 4448 1233 4532 chymIcis
1262 4451 1339 4514 haec
1368 4471 1425 4536 ego
1454 4471 1517 4534 pro·

169 4553 264 4617 pono,
297 4536 392 4598 videri
424 4539 619 4618 plenilunium
649 4541 758 4604 fusioni
791 4540 981 4603 metallorum
1012 4541 1187 4614 adversum,
1219 4550 1343 4621 propter
1376 4542 1516 4605 humidum

170 4624 259 4688 nimis
283 4633 393 4690 aerem.
440 4628 474 4688 ld
505 4629 530 4690 si
561 4637 622 4702 est,
657 4650 784 4712 magnus
814 4630 928 4693 orietur
960 4636 1137 4709 aspectuum
1165 4630 1302 4694 delectas
1330 4631 1372 4695 ad
1394 4631 1515 4713 ipsomn

169 4730 256 4794 opus.
