3366 5482
799 212 961 264 Prooemium·
1474 217 1518 287 aa

161 373 234 441 teat,
268 385 361 447 quam
394 367 527 430 foramen
562 389 599 431 ex
627 370 691 432 alta
719 371 811 446 turri,
837 373 978 453 locusque
1006 374 1062 435 sub
1087 395 1123 438 ea
1145 377 1312 440 umbrosus.
1360 377 1522 443 Rotundus

160 455 232 517 enirn
254 453 338 516 Solis
368 453 471 519 radius
496 457 596 536 optica
620 459 736 520 ratione
758 478 813 538 per
838 462 968 522 foramen
999 462 1190 541 ingrediens,
1216 466 1241 525 si
1272 485 1308 526 ex
1343 467 1463 548 obliquo
1492 469 1520 530 in

160 544 278 624 planum
300 544 427 618 incidat,
453 546 571 624 ellipsin
594 547 702 628 pingit,
727 548 812 626 cujus
836 569 874 609 ex
898 550 987 629 longa
1011 559 1042 611 et
1065 552 1148 614 brevi
1173 553 1331 629 diametro,
1356 555 1382 616 si
1406 557 1522 635 ellipsis

160 632 233 694 satis
256 651 371 713 magua
393 633 450 709 sit,
476 643 550 713 puta
573 655 610 697 ex
636 637 701 698 loco
726 637 801 709 alto,
831 638 918 717 plura
942 658 997 718 ego
1022 641 1181 721 colligam,
1213 660 1301 721 quam
1325 663 1363 705 ex
1386 646 1523 707 omnibus

161 721 387 802 quadrantibus,
412 724 596 798 astrolabiis,
624 724 760 796 armillis,
785 726 910 800 baculis,
937 735 968 788 et
991 729 1146 791 similibus.

243 811 292 872 De
317 811 577 873 observationibus
602 814 681 894 quod
705 833 751 874 me
776 814 931 889 sollicitas,
951 817 1015 895 jam
1032 817 1146 895 pridem
1166 817 1259 879 babes
1280 818 1354 880 duas
1373 819 1521 900 insignio-

160 918 204 960 res
229 900 267 960 de
292 901 441 961 Mercurio
465 910 497 962 et
518 901 640 964 Polari:
666 903 808 965 Nonnihil
834 904 924 965 etiam
953 904 1068 966 videbis
1099 907 1128 968 in
1162 925 1227 967 meo
1260 907 1453 988 prognostico
1483 910 1522 970 ad

161 1007 267 1050 annum
309 984 408 1064 1599,
447 989 526 1069 quod
566 991 595 1051 in
638 991 714 1052 huno
743 992 829 1052 linem
867 992 964 1070 adjeci
999 993 1095 1055 literis
1129 994 1222 1055 hisce.
1271 995 1434 1058 Praeterea
1461 996 1522 1059 fere

160 1077 230 1139 nihil
255 1077 369 1151 habeo,
400 1077 457 1139 uisi
489 1078 562 1140 illud
591 1088 620 1140 te
647 1081 776 1140 fortasse
802 1080 951 1154 delectet,
978 1081 1024 1142 die
1050 1079 1103 1145 25.
1128 1082 1214 1162 Sept.
1241 1102 1327 1146 mane
1352 1085 1522 1147 corleonis

161 1186 177 1226 a
198 1167 322 1228 Venere
350 1166 475 1246 eclipsin
500 1187 567 1229 esse
586 1187 719 1247 passum,
744 1170 832 1248 plane
857 1177 891 1230 ut
915 1177 985 1230 ante
1009 1190 1104 1232 annos
1128 1180 1207 1234 octo.
1260 1171 1397 1251 Eclipsiu
1421 1181 1521 1235 tamen

161 1257 221 1334 ipse
250 1273 312 1316 non
343 1255 424 1329 vidi,
460 1275 516 1342 nec
554 1258 710 1338 quisquam
746 1258 774 1318 in
813 1258 868 1318 hoc
906 1265 970 1318 toto
1004 1258 1169 1323 occidente.
1231 1257 1382 1338 Colligere
1420 1269 1522 1330 autem

161 1343 239 1424 potui
276 1343 381 1422 paucis
415 1352 485 1406 ante
516 1345 643 1406 Veneris
673 1355 768 1407 ortum
800 1346 882 1408 horis
920 1347 1076 1407 accidisse.
1133 1349 1212 1410 Nam
1250 1349 1364 1410 oriente
1399 1350 1520 1412 Venere

162 1433 238 1494 nullo
266 1432 356 1494 modo
390 1432 491 1493 videre
529 1453 580 1495 cor
611 1435 712 1512 potui,
756 1435 809 1496 sed
846 1442 917 1514 post
950 1443 1047 1497 ortum
1080 1437 1144 1514 ejus
1173 1457 1232 1498 una
1264 1436 1338 1497 hora
1366 1438 1520 1517 separatio

162 1528 245 1585 touta
279 1521 349 1594 fuit,
390 1541 428 1582 er
455 1540 514 1602 qua
547 1524 718 1602 conjectata
745 1523 913 1602 conjunctio
946 1532 1017 1584 ante
1050 1532 1147 1586 ortum
1179 1525 1318 1586 cadebat.
1378 1526 1521 1588 Vidisses

163 1609 357 1672 differentiam
385 1610 459 1671 lucis
488 1611 517 1671 in
546 1619 673 1691 utraque
701 1613 801 1673 stella.
848 1611 991 1673 Rubebat
1013 1612 1092 1674 enim
1116 1632 1166 1674 cor
1190 1613 1337 1687 nonnihil,
1375 1621 1407 1675 et
1435 1616 1520 1695 quasi

163 1699 345 1778 pellucebat,
370 1698 494 1779 perinde
519 1701 604 1780 quasi
630 1701 733 1762 Venus
757 1700 846 1762 lactis
870 1701 1049 1776 crassitiem,
1075 1719 1126 1762 cor
1149 1721 1245 1782 aquae
1261 1701 1402 1781 limpidae
1419 1703 1520 1764 tenui-

164 1794 254 1850 tatem
277 1787 457 1849 imitaretur.

246 1874 377 1947 Quaeris
406 1884 438 1937 et
470 1877 506 1937 de
535 1878 656 1958 reliquis
680 1877 788 1938 studiis
821 1878 911 1950 meis,
954 1885 986 1938 et
1014 1897 1135 1956 operam
1161 1876 1313 1957 polliceris
1333 1877 1520 1956 ,adjutandis

163 1966 231 2028 rucis
251 1965 524 2027 observationibus.
559 1967 599 2028 Et
623 1966 838 2027 humanitatem
862 1968 939 2027 hauc
963 1966 1076 2044 pridem
1091 1966 1210 2046 quidem
1226 1966 1394 2044 degustavi,
1415 1975 1521 2046 gratus

165 2072 301 2133 agnosco,
327 2072 381 2115 neo
405 2055 573 2117 mehercule
598 2065 756 2116 contemno
781 2064 834 2116 aut
857 2055 976 2134 rejicio:
1002 2063 1136 2116 ceterum
1160 2055 1189 2114 in
1213 2055 1287 2115 haec
1312 2066 1449 2134 tempora
1472 2055 1520 2116 in-

165 2144 295 2218 cidimus,
321 2142 350 2203 in
375 2143 480 2222 quibus
505 2144 665 2205 hebescere
690 2144 881 2205 solertissimi
906 2144 1049 2224 cujusque
1069 2144 1175 2213 aciem,
1196 2143 1351 2204 deferbere
1373 2140 1518 2217 ardorem,

166 2240 285 2293 conatus
310 2231 436 2311 opprimi
461 2252 584 2294 necesse
608 2232 658 2294 sit.
694 2230 772 2303 Quid
798 2232 896 2293 enim?
922 2233 949 2293 iu
975 2231 1078 2313 Styria
1103 2233 1266 2292 maneam?
1291 2251 1328 2292 au
1345 2232 1520 2292 discedam?

165 2319 261 2400 Neque
286 2339 334 2381 me
359 2320 499 2399 reprimo,
525 2322 573 2401 qui
598 2322 763 2382 studiorum
788 2320 841 2382 tibi
865 2340 998 2382 meorum
1022 2340 1111 2400 quam
1136 2320 1357 2401 penitissimam
1382 2320 1520 2381 notitiam

167 2408 260 2487 aperui
285 2409 389 2489 (quarn
416 2409 591 2472 facilitatem
618 2410 784 2489 agrioi'isti,
810 2418 843 2471 ut
866 2410 983 2482 video),
1015 2410 1083 2489 quin
1109 2419 1139 2470 et
1163 2410 1289 2469 affectus
1314 2408 1406 2468 animi
1429 2417 1519 2486 pate-

167 2496 280 2560 faciam:
312 2494 402 2568 Quod
425 2505 458 2559 tu
483 2499 612 2561 fortasse
637 2499 752 2578 gaudes
783 2499 831 2570 (ut
854 2506 924 2560 sunt
947 2498 1107 2572 humana),
1134 2498 1163 2558 id
1188 2497 1360 2559 modulare
1384 2496 1520 2558 acerbis-

168 2586 231 2646 sime
255 2605 382 2647 necesse
407 2594 463 2648 est.
513 2585 702 2650 Christianus
725 2607 806 2658 sum,
840 2587 1049 2667 Angustauam
1077 2586 1296 2647 confessionem
1325 2605 1362 2646 ex
1394 2585 1521 2648 iustitu-

169 2674 237 2736 tione
261 2684 431 2754 parentum,
457 2694 493 2736 ex
518 2677 684 2738 rationibus
709 2676 832 2754 saepius
856 2676 894 2736 ad
919 2676 1064 2737 trutinam
1080 2675 1240 2748 revocatis,
1261 2693 1297 2734 ex
1319 2675 1520 2735 tentationum

170 2763 342 2841 quotidianis
367 2764 518 2825 exercitiis
542 2764 642 2839 hausi,
677 2765 754 2825 hanc
784 2765 962 2843 amplector,
993 2765 1133 2825 simulare
1162 2782 1219 2823 non
1250 2762 1354 2836 didici,
1386 2762 1467 2824 seria
1489 2763 1520 2822 in

171 2851 361 2931 religionibus
376 2860 485 2924 tracto,
511 2872 567 2914 non
594 2852 716 2928 ludicra,
743 2873 832 2933 quare
853 2860 885 2913 et
907 2852 985 2913 serio
1010 2854 1046 2913 de
1071 2851 1224 2930 religionis
1240 2851 1393 2922 exercitio,
1413 2870 1518 2912 sacra-

173 2949 326 3006 mentorum
344 2961 400 3003 usu
424 2949 542 3021 satago.
592 2941 670 3012 Quid
700 2942 819 3002 autern?
864 2940 963 3021 Ejecti
999 2949 1068 3001 sunt
1096 2941 1178 3002 hisce
1207 2938 1383 3019 provinciis,
1413 2939 1519 3019 quibus

174 3026 348 3091 internuntiis
371 3030 517 3092 hactenus
541 3049 608 3093 cum
631 3031 695 3092 Deo
716 3030 779 3110 egi:
818 3030 924 3110 quibus
961 3029 1029 3091 aliis
1067 3048 1157 3108 agere
1188 3047 1308 3108 possem
1340 3047 1407 3088 curn
1441 3026 1518 3100 Deo,

176 3113 259 3178 iinon
284 3118 492 3182 admittuntur.
544 3119 594 3180 Ad
627 3121 701 3181 haec
729 3119 841 3179 salario
869 3119 954 3192 vivo,
987 3137 1041 3198 pro
1070 3117 1240 3179 conditione
1270 3115 1340 3189 loci,
1374 3133 1518 3195 perquam

177 3207 255 3280 tonui;
283 3225 354 3286 spes
384 3219 451 3268 erat
486 3208 633 3270 auctionis
658 3208 686 3267 in
711 3217 878 3286 posterum:
909 3207 974 3286 quis
1004 3202 1148 3286 augebit?
1193 3205 1370 3266 Proceribus
1406 3204 1517 3265 ademti

177 3302 231 3353 lunt
252 3314 364 3368 omues,
391 3297 440 3376 qui
465 3296 652 3377 religionem,
674 3297 727 3375 ,qui
756 3306 838 3357 artes
869 3296 966 3375 magis
998 3296 1186 3356 necessarias
1217 3293 1404 3366 tractabant;
1435 3292 1518 3353 solus

181 3393 296 3461 superest
318 3385 559 3459 mathematicus,
585 3405 642 3465 quo
666 3405 768 3447 carere
785 3385 914 3445 omnium
931 3384 1071 3445 facillime
1086 3402 1176 3462 posse
1194 3401 1371 3462 persuasum
1392 3381 1516 3441 habent.

182 3466 207 3526 ln
223 3478 304 3539 tauta
327 3474 569 3547 exacerbatione,
598 3483 643 3535 tot
667 3474 810 3535 bonorum
835 3474 963 3534 virorum
988 3473 1096 3547 exiliis,
1122 3492 1181 3552 qua
1205 3471 1301 3532 fronte
1317 3469 1423 3531 otiosis
1442 3469 1517 3530 meis

184 3561 414 3632 speculationibus
438 3563 568 3642 amplius
593 3563 743 3642 quidpiam
767 3561 903 3640 petiero?
949 3562 1055 3640 Itaque
1084 3561 1110 3623 si
1129 3560 1282 3639 languent
1314 3577 1381 3618 mea
1404 3557 1516 3632 studia,

185 3641 203 3700 si
223 3658 340 3711 conatus
369 3650 571 3726 intercidunt,
602 3653 628 3712 si
659 3650 891 3730 exoptatissima
924 3649 1167 3727 Magnificentius
1201 3658 1271 3709 tuae
1303 3645 1517 3726 promtitudine

185 3731 438 3813 alpromovendas
463 3761 545 3801 meas
570 3740 797 3801 observationes
822 3750 852 3799 et
876 3738 1059 3799 conficienda
1080 3739 1277 3798 instrumenta
1297 3736 1324 3795 in
1345 3734 1519 3813 praesentia

186 3820 217 3880 uti
233 3844 347 3907 nequeo,
374 3829 572 3891 habitationis
598 3848 640 3890 sc.
665 3829 813 3889 incertus:
839 3829 957 3906 culpam
977 3846 1092 3887 omnem
1107 3827 1136 3886 in
1156 3821 1320 3903 religionis,
1335 3823 1364 3883 in
1385 3822 1516 3884 familiae

187 3923 262 3974 curam
283 3916 430 3978 conferes.
476 3919 584 3979 Petam
608 3927 709 3979 tamen
734 3920 785 3990 (ne
810 3924 999 3977 contemnere
1023 3913 1262 3976 benevolentiam
1286 3920 1368 3971 tuam
1386 3911 1516 3984 videar),

188 4000 243 4074 quod
263 4005 331 4066 mihi
353 4005 424 4090 vivo
448 4024 566 4085 semper
589 4007 662 4068 utile
688 4006 753 4067 erit.
801 4002 1072 4066 observationibus
1095 4001 1235 4062 Werneri
1258 4017 1357 4060 careo.
1402 3999 1517 4060 Exem-

188 4082 260 4160 lltria
290 4101 362 4173 post
404 4100 450 4155 tot
486 4114 581 4156 annos
617 4095 763 4156 distracta
797 4094 895 4154 omnia
938 4092 1088 4154 existimo.
1139 4089 1174 4152 Si
1207 4089 1284 4169 quod
1315 4107 1408 4166 penes
1451 4088 1518 4148 Vos

188 4182 313 4260 exemplar
336 4183 442 4257 estid
464 4202 604 4263 proceres
629 4183 723 4245 nostri
749 4181 852 4244 libenti
881 4181 979 4242 auimo
1004 4187 1232 4261 quantacunque
1256 4178 1382 4257 pecunia
1404 4175 1516 4237 biblio-

188 4259 267 4329 thecae
288 4289 361 4334 suae
386 4282 534 4334 asserent.
586 4271 647 4333 Sed
675 4279 707 4331 et
734 4271 760 4331 si
793 4271 858 4350 quis
892 4271 969 4331 alius
997 4268 1225 4330 observationes
1258 4284 1329 4326 suas
1360 4265 1388 4324 in
1422 4266 1517 4326 lucem

188 4348 318 4432 edidisset,
346 4360 413 4438 ejus
446 4379 501 4441 ego
526 4379 631 4421 nomen
656 4359 817 4432 sisciam,
851 4359 1061 4420 adminiculum
1089 4357 1119 4418 id
1144 4356 1213 4417 mihi
1239 4354 1297 4416 erit
1320 4351 1516 4431 comparandi

188 4444 271 4515 operis,
316 4445 397 4518 Quin
422 4448 479 4511 imo
505 4448 552 4509 vel
576 4449 706 4528 scriptas
730 4467 815 4521 anio,
850 4448 937 4509 modo
970 4447 1006 4507 de
1035 4445 1158 4506 artificis
1189 4452 1221 4505 et
1245 4441 1435 4504 amanuensis
1458 4440 1517 4501 fide

187 4540 307 4597 consono.
355 4536 457 4616 Atque
491 4539 547 4598 hac
579 4538 608 4598 iu
640 4557 671 4599 re
701 4546 772 4617 post
800 4544 915 4598 sumtus
940 4536 979 4596 ad
1003 4535 1203 4599 instrumenta
1226 4530 1299 4594 nihil
1324 4529 1395 4591 mihi
1418 4528 1517 4605 majus

187 4615 284 4772 {illest
306 4624 454 4707 quispiam
483 4626 770 4712 praestarepossit,
792 4644 880 4705 quam
903 4623 1109 4703 hujuscemodi
1129 4619 1372 4682 observationum
1398 4615 1517 4693 copiam

197 4721 261 4770 mrsu
280 4731 306 4777 o.
