3366 5482
740 230 823 296 emus
840 231 931 282 ¹111st
1456 228 1517 295 187

160 391 253 452 stasin.
277 390 300 443 si
320 390 485 454 ineffabiles,
506 409 561 445 non
575 392 645 448 dari.
672 393 736 446 Jam
749 392 875 447 effabiles
890 395 992 448 dentur
1006 411 1042 447 an
1061 391 1224 455 ineffabiles,
1247 372 1286 445 sic
1306 391 1520 460 dijudicandum:

160 487 249 524 omnes
263 479 387 525 motuum
401 487 590 542 apogaeorum
604 479 635 526 et
648 471 844 543 perigaeorum
860 473 1060 543 proportiones,
1086 482 1143 527 tam
1167 472 1301 535 binorum,
1326 488 1408 542 quem
1429 471 1523 541 singu-

160 551 251 612 lorum,
267 557 334 604 sunt
348 552 482 613 effabiles,
505 559 571 606 sunt
584 552 655 606 enim
683 554 825 606 desumtae
841 571 878 606 ex
892 553 1054 616 harmoniis,
1078 561 1108 605 et
1122 552 1188 605 illae
1203 560 1268 606 sunt
1282 568 1375 604 omnes
1388 551 1523 613 effabibs.

160 638 187 682 ιιι
200 636 231 682 et
245 630 381 683 concinna
394 638 424 684 et
438 630 575 684 concinnis
590 631 769 685 inservientia
783 631 934 685 intervalla
948 633 1047 687 omnia.
1069 633 1166 701 ltaque
1184 631 1232 684 lib.
1247 633 1281 686 V.
1299 631 1523 684 Harmonioorum

160 726 217 778 cap.
234 709 262 763 9.
278 725 358 779 prop.
375 710 422 764 48.
439 727 531 763 omnes
547 710 574 762 hi
589 721 679 764 motus
694 711 751 764 suis
766 713 884 765 numeris
899 712 1024 780 expressi
1040 720 1069 764 et
1084 710 1159 765 effati
1175 717 1248 763 sunt.
1269 711 1382 763 Numeri
1397 711 1468 763 enim
1483 710 1523 762 illi

162 788 276 858 praecisi
297 795 363 842 sunt
382 789 566 859 intelligendi.
595 791 656 844 Jam
679 807 743 843 vero
765 790 964 859 periodicorum
987 799 1141 860 temporum
1165 789 1236 843 inter
1260 807 1290 841 se
1314 789 1456 858 proportio
1480 797 1525 842 est

161 870 252 920 eadem
277 868 449 937 quantitate,
474 885 545 938 quae
569 876 613 923 est
635 877 664 923 et
687 878 806 923 motuum
829 871 985 925 mediorum.
1015 872 1107 924 Motus
1123 886 1188 921 vero
1210 868 1291 922 medii
1305 868 1476 937 participant
1490 870 1523 920 de

161 947 245 1001 medio
260 948 435 1002 arithmetico
449 948 522 1001 inter
536 956 685 1011 extremas,
702 950 841 1018 aphelium
856 958 885 1004 et
898 951 1078 1019 perihelium;
1095 951 1165 1019 quod
1180 948 1297 1002 medinm
1313 955 1356 999 est
1372 947 1443 1001 inter
1457 949 1523 1000 effa·

162 1028 226 1080 biles
242 1027 295 1080 hos
309 1028 449 1090 terminos,
464 1028 591 1082 effabile:
607 1029 776 1098 participant
789 1037 819 1083 et
833 1032 866 1082 de
882 1031 969 1083 medio
983 1030 1055 1083 inter
1069 1031 1179 1081 eosdem
1193 1026 1372 1099 geometrico.
1398 1030 1438 1080 At
1451 1028 1523 1080 inter

162 1106 283 1160 effabiles
304 1109 435 1162 terminos
455 1126 509 1161 non
531 1116 576 1161 est
593 1126 702 1178 semper
722 1109 832 1162 effabile
856 1111 972 1163 medium
993 1109 1199 1180 geometricum.
1230 1109 1301 1162 Sunt
1325 1106 1411 1176 igitur
1432 1115 1523 1159 motus

161 1188 335 1256 planetarum
348 1187 430 1241 medii
443 1187 597 1241 ineffabiles
619 1196 647 1242 et
678 1188 964 1243 incommensurabiles
985 1189 1104 1243 motibus
1124 1187 1255 1242 extremis
1271 1187 1446 1257 planetarum
1467 1202 1523 1238 om-

163 1267 239 1319 nium.
261 1266 331 1321 Vide
345 1268 476 1320 Harmon.
492 1267 544 1327 lib.
557 1269 590 1320 V.
606 1285 669 1336 cap.
686 1268 713 1321 9.
729 1285 807 1338 prop.
823 1268 870 1323 48.
891 1270 956 1322 Cum
972 1276 1065 1322 autem
1080 1284 1098 1320 a
1112 1267 1194 1336 priori
1210 1267 1289 1320 nulla
1303 1266 1339 1317 sit
1354 1265 1435 1327 ratio,
1452 1281 1523 1335 quae

163 1347 256 1398 formet
270 1353 359 1400 motus
374 1346 485 1411 medios,
509 1349 557 1401 sed
579 1364 639 1401 cum
657 1347 785 1401 resiliant
805 1349 909 1420 singuli
930 1367 966 1402 ex
986 1348 1043 1401 suis
1063 1347 1181 1400 motibus
1201 1345 1341 1407 extremis,
1369 1352 1524 1398 nonerunt

163 1425 237 1478 medii
252 1434 342 1480 motus
357 1444 392 1479 ne
405 1427 480 1479 inter
493 1445 522 1484 sc
537 1426 645 1497 quidem
659 1428 933 1489 commensurabilem
958 1428 1064 1481 nullum
1077 1427 1148 1479 enim
1163 1423 1332 1485 ordinatum,
1356 1431 1388 1477 ut
1402 1424 1520 1477 effabili·

164 1516 210 1568 tus,
235 1521 304 1559 casu
326 1506 448 1559 existere
472 1508 552 1561 solet.
591 1507 683 1569 Quare
707 1524 795 1577 neque
820 1509 925 1577 periodi
949 1516 1101 1577 temporum
1121 1506 1193 1558 inter
1211 1524 1241 1559 se
1260 1504 1520 1557 commensurabiles

164 1592 248 1639 emnt.
278 1585 365 1639 Nulla
378 1586 465 1656 igitur
479 1588 547 1640 data
563 1587 690 1656 perlecta
707 1597 829 1641 motuum
851 1587 1064 1657 apocatastasis‚
1091 1602 1161 1655 quac
1186 1603 1234 1655 pro
1252 1585 1306 1637 fine
1325 1592 1447 1637 motuum
1466 1584 1520 1637 ior·

165 1664 222 1717 mali
238 1681 289 1717 sen
303 1664 434 1719 rationali
449 1666 547 1720 haberi
561 1666 659 1736 possit.

236 1745 334 1798 Habes
348 1744 444 1818 igitur,
468 1745 564 1809 lector,
588 1762 706 1801 examen
726 1746 814 1799 libelli
835 1747 896 1810 mei,
921 1747 963 1800 oni
985 1746 1083 1800 titulus
1097 1761 1116 1797 a
1129 1742 1262 1813 Mysterio
1278 1740 1520 1813 Cosmographico,

167 1823 321 1892 promissum
334 1832 400 1892 ante
415 1841 502 1879 annos
520 1827 555 1880 10
569 1825 597 1879 in
613 1827 712 1886 Comm.
728 1826 825 1880 Martis
841 1835 913 1896 part.
931 1827 978 1890 ΙΙΙ,
994 1843 1088 1880 verum
1103 1830 1168 1877 ante
1184 1822 1408 1875 Harmonicorum
1423 1821 1519 1875 editio·

168 1920 219 1957 nem
233 1904 311 1959 locus
325 1904 390 1958 huic
404 1904 524 1959 examini
539 1923 594 1959 non
608 1905 670 1960 mit.
700 1906 792 1967 Quare
805 1906 859 1960 fine
880 1904 1100 1960 commentationi
1121 1901 1248 1973 imposito
1269 1910 1462 1957 convertamur
1485 1902 1519 1954 ad

111 2046 116 2054 Ι
168 1983 301 2052 hymnum,
324 1984 370 2056 qui
391 1983 491 2040 librum
511 1985 624 2039 clandit
