<?xml version="1.0" encoding="UTF-8"?>
<!DOCTYPE html PUBLIC "-//W3C//DTD XHTML 1.0 Transitional//EN"
    "http://www.w3.org/TR/xhtml1/DTD/xhtml1-transitional.dtd">
<html xmlns="http://www.w3.org/1999/xhtml" xml:lang="en" lang="en">
 <head>
  <title>
</title>
<meta http-equiv="Content-Type" content="text/html;charset=utf-8" />
  <meta name='ocr-system' content='tesseract 3.04.00' />
  <meta name='ocr-capabilities' content='ocr_page ocr_carea ocr_par ocr_line ocrx_word'/>
</head>
<body>
  <div class='ocr_page' id='page_1' title='image "./joanniskepleria04frisgoog_0393.png"; bbox 0 0 3366 5482; ppageno 0'>
   <div class='ocr_carea' id='block_1_1' title="bbox 240 274 1171 402">
    <p class='ocr_par' dir='ltr' id='par_1_1' title="bbox 240 274 1171 402">
     <span class='ocr_line' id='line_1_1' title="bbox 240 274 1171 402; baseline -0.003 -41"><span class='ocrx_word' id='word_1_1' title='bbox 240 294 306 363; x_wconf 76' lang='lat' dir='ltr'>att</span> <span class='ocrx_word' id='word_1_2' title='bbox 397 386 405 402; x_wconf 16' lang='grc' dir='ltr'><em>Ι</em></span> <span class='ocrx_word' id='word_1_3' title='bbox 660 274 1171 359; x_wconf 57' lang='lat' dir='ltr'>ammoni-rum</span> 
     </span>
    </p>
   </div>
   <div class='ocr_carea' id='block_1_2' title="bbox 236 453 1664 4874">
    <p class='ocr_par' dir='ltr' id='par_1_2' title="bbox 236 453 1664 4874">
     <span class='ocr_line' id='line_1_2' title="bbox 240 453 1598 533; baseline -0.004 -13"><span class='ocrx_word' id='word_1_4' title='bbox 240 457 369 520; x_wconf 78' lang='lat' dir='ltr'>necdum</span> <span class='ocrx_word' id='word_1_5' title='bbox 393 455 495 527; x_wconf 87' lang='lat' dir='ltr'>linita,</span> <span class='ocrx_word' id='word_1_6' title='bbox 524 455 646 516; x_wconf 87' lang='lat' dir='ltr'>simul</span> <span class='ocrx_word' id='word_1_7' title='bbox 637 473 704 533; x_wconf 81' lang='lat' dir='ltr'>ipsa</span> <span class='ocrx_word' id='word_1_8' title='bbox 728 455 857 514; x_wconf 85' lang='lat' dir='ltr'>musices</span> <span class='ocrx_word' id='word_1_9' title='bbox 879 453 969 532; x_wconf 91' lang='lat' dir='ltr'>hujus</span> <span class='ocrx_word' id='word_1_10' title='bbox 993 453 1129 512; x_wconf 77' lang='lat' dir='ltr'>suavitas</span> <span class='ocrx_word' id='word_1_11' title='bbox 1152 454 1264 514; x_wconf 83' lang='lat' dir='ltr'>invitat</span> <span class='ocrx_word' id='word_1_12' title='bbox 1284 473 1348 527; x_wconf 88' lang='lat' dir='ltr'>me,</span> <span class='ocrx_word' id='word_1_13' title='bbox 1378 461 1416 513; x_wconf 87' lang='lat' dir='ltr'>ut</span> <span class='ocrx_word' id='word_1_14' title='bbox 1437 453 1598 532; x_wconf 80' lang='lat' dir='ltr'>epistolam</span> 
     </span>
     <span class='ocr_line' id='line_1_3' title="bbox 240 541 1598 631; baseline -0.002 -26"><span class='ocrx_word' id='word_1_15' title='bbox 240 545 378 625; x_wconf 75' lang='lat' dir='ltr'>sequenti</span> <span class='ocrx_word' id='word_1_16' title='bbox 402 544 534 604; x_wconf 87' lang='lat' dir='ltr'>diatriba</span> <span class='ocrx_word' id='word_1_17' title='bbox 557 545 665 603; x_wconf 87' lang='lat' dir='ltr'>finiam</span> <span class='ocrx_word' id='word_1_18' title='bbox 713 543 876 602; x_wconf 80' lang='lat' dir='ltr'>Veteres</span> <span class='ocrx_word' id='word_1_19' title='bbox 868 561 896 601; x_wconf 84' lang='grc' dir='ltr'>ιη</span> <span class='ocrx_word' id='word_1_20' title='bbox 921 560 1027 601; x_wconf 79' lang='lat' dir='ltr'>vocum</span> <span class='ocrx_word' id='word_1_21' title='bbox 1051 541 1219 603; x_wconf 79' lang='lat' dir='ltr'>intervallis</span> <span class='ocrx_word' id='word_1_22' title='bbox 1234 543 1432 623; x_wconf 86' lang='lat' dir='ltr'>quaesierunt</span> <span class='ocrx_word' id='word_1_23' title='bbox 1452 543 1496 615; x_wconf 91' lang='lat' dir='ltr'>id,</span> <span class='ocrx_word' id='word_1_24' title='bbox 1520 543 1598 631; x_wconf 82' lang='lat' dir='ltr'>quod</span> 
     </span>
     <span class='ocr_line' id='line_1_4' title="bbox 241 624 1597 708; baseline -0.002 -14"><span class='ocrx_word' id='word_1_25' title='bbox 241 642 292 696; x_wconf 84' lang='lat' dir='ltr'>est</span> <span class='ocrx_word' id='word_1_26' title='bbox 322 632 492 704; x_wconf 90' lang='lat' dir='ltr'>minimum,</span> <span class='ocrx_word' id='word_1_27' title='bbox 530 642 563 692; x_wconf 92' lang='lat' dir='ltr'>ut</span> <span class='ocrx_word' id='word_1_28' title='bbox 596 651 632 691; x_wconf 92' lang='lat' dir='ltr'>ex</span> <span class='ocrx_word' id='word_1_29' title='bbox 665 651 701 690; x_wconf 87' lang='lat' dir='ltr'>eo</span> <span class='ocrx_word' id='word_1_30' title='bbox 734 650 787 689; x_wconf 90' lang='lat' dir='ltr'>ceu</span> <span class='ocrx_word' id='word_1_31' title='bbox 829 631 978 690; x_wconf 88' lang='lat' dir='ltr'>elemento</span> <span class='ocrx_word' id='word_1_32' title='bbox 1017 638 1229 708; x_wconf 82' lang='lat' dir='ltr'>componerent</span> <span class='ocrx_word' id='word_1_33' title='bbox 1262 631 1448 692; x_wconf 75' lang='lat' dir='ltr'>diastemata</span> <span class='ocrx_word' id='word_1_34' title='bbox 1476 624 1597 691; x_wconf 72' lang='lat' dir='ltr'>harmo-</span> 
     </span>
     <span class='ocr_line' id='line_1_5' title="bbox 239 718 1598 799; baseline -0.002 -14"><span class='ocrx_word' id='word_1_35' title='bbox 239 723 318 795; x_wconf 86' lang='lat' dir='ltr'>nica,</span> <span class='ocrx_word' id='word_1_36' title='bbox 343 739 401 799; x_wconf 91' lang='lat' dir='ltr'>qua</span> <span class='ocrx_word' id='word_1_37' title='bbox 419 741 453 780; x_wconf 89' lang='lat' dir='ltr'>re</span> <span class='ocrx_word' id='word_1_38' title='bbox 466 721 624 799; x_wconf 90' lang='lat' dir='ltr'>plurimum</span> <span class='ocrx_word' id='word_1_39' title='bbox 648 719 725 798; x_wconf 89' lang='lat' dir='ltr'>lapsi</span> <span class='ocrx_word' id='word_1_40' title='bbox 741 730 822 789; x_wconf 89' lang='lat' dir='ltr'>sunt,</span> <span class='ocrx_word' id='word_1_41' title='bbox 846 727 876 777; x_wconf 90' lang='lat' dir='ltr'>et</span> <span class='ocrx_word' id='word_1_42' title='bbox 892 738 960 777; x_wconf 80' lang='lat' dir='ltr'>sese</span> <span class='ocrx_word' id='word_1_43' title='bbox 984 719 1014 778; x_wconf 94' lang='lat' dir='ltr'>in</span> <span class='ocrx_word' id='word_1_44' title='bbox 1030 720 1151 779; x_wconf 91' lang='lat' dir='ltr'>dumeta</span> <span class='ocrx_word' id='word_1_45' title='bbox 1170 718 1392 780; x_wconf 83' lang='lat' dir='ltr'>inextricabilia</span> <span class='ocrx_word' id='word_1_46' title='bbox 1406 718 1598 782; x_wconf 84' lang='lat' dir='ltr'>induxerunt.</span> 
     </span>
     <span class='ocr_line' id='line_1_6' title="bbox 239 807 1601 887; baseline -0.004 -15"><span class='ocrx_word' id='word_1_47' title='bbox 239 809 276 872; x_wconf 93' lang='lat' dir='ltr'>Iu</span> <span class='ocrx_word' id='word_1_48' title='bbox 308 827 382 869; x_wconf 79' lang='lat' dir='ltr'>voce</span> <span class='ocrx_word' id='word_1_49' title='bbox 415 829 543 887; x_wconf 90' lang='lat' dir='ltr'>namque</span> <span class='ocrx_word' id='word_1_50' title='bbox 576 823 683 886; x_wconf 79' lang='lat' dir='ltr'>suapte</span> <span class='ocrx_word' id='word_1_51' title='bbox 717 815 825 867; x_wconf 90' lang='lat' dir='ltr'>natura</span> <span class='ocrx_word' id='word_1_52' title='bbox 857 825 915 866; x_wconf 94' lang='lat' dir='ltr'>non</span> <span class='ocrx_word' id='word_1_53' title='bbox 948 807 1038 868; x_wconf 92' lang='lat' dir='ltr'>datur</span> <span class='ocrx_word' id='word_1_54' title='bbox 1066 808 1217 867; x_wconf 90' lang='lat' dir='ltr'>minimum</span> <span class='ocrx_word' id='word_1_55' title='bbox 1250 808 1496 879; x_wconf 71' lang='lat' dir='ltr'>intervallorum,</span> <span class='ocrx_word' id='word_1_56' title='bbox 1529 808 1601 887; x_wconf 86' lang='lat' dir='ltr'>quia</span> 
     </span>
     <span class='ocr_line' id='line_1_7' title="bbox 242 895 1598 975; baseline -0.003 -15"><span class='ocrx_word' id='word_1_57' title='bbox 242 898 433 960; x_wconf 74' lang='lat' dir='ltr'>intervallum</span> <span class='ocrx_word' id='word_1_58' title='bbox 471 907 518 957; x_wconf 89' lang='lat' dir='ltr'>est</span> <span class='ocrx_word' id='word_1_59' title='bbox 550 896 736 975; x_wconf 88' lang='lat' dir='ltr'>comparatio</span> <span class='ocrx_word' id='word_1_60' title='bbox 769 896 892 955; x_wconf 87' lang='lat' dir='ltr'>duamm</span> <span class='ocrx_word' id='word_1_61' title='bbox 934 896 1135 974; x_wconf 79' lang='lat' dir='ltr'>inaequalium</span> <span class='ocrx_word' id='word_1_62' title='bbox 1173 897 1376 974; x_wconf 77' lang='lat' dir='ltr'>quantitatum</span> <span class='ocrx_word' id='word_1_63' title='bbox 1414 895 1598 969; x_wconf 80' lang='lat' dir='ltr'>sonantium,</span> 
     </span>
     <span class='ocr_line' id='line_1_8' title="bbox 240 984 1599 1067; baseline -0.001 -21"><span class='ocrx_word' id='word_1_64' title='bbox 240 994 402 1067; x_wconf 87' lang='lat' dir='ltr'>potestque</span> <span class='ocrx_word' id='word_1_65' title='bbox 431 986 571 1046; x_wconf 86' lang='lat' dir='ltr'>infinities</span> <span class='ocrx_word' id='word_1_66' title='bbox 594 986 704 1044; x_wconf 79' lang='lat' dir='ltr'>variari</span> <span class='ocrx_word' id='word_1_67' title='bbox 734 1003 770 1042; x_wconf 91' lang='lat' dir='ltr'>ex</span> <span class='ocrx_word' id='word_1_68' title='bbox 795 994 902 1044; x_wconf 88' lang='lat' dir='ltr'>natura</span> <span class='ocrx_word' id='word_1_69' title='bbox 926 985 1138 1062; x_wconf 77' lang='lat' dir='ltr'>quantitatum.</span> <span class='ocrx_word' id='word_1_70' title='bbox 1186 984 1282 1061; x_wconf 83' lang='lat' dir='ltr'>lgitnr</span> <span class='ocrx_word' id='word_1_71' title='bbox 1304 984 1460 1045; x_wconf 87' lang='lat' dir='ltr'>contraria</span> <span class='ocrx_word' id='word_1_72' title='bbox 1483 984 1599 1045; x_wconf 80' lang='lat' dir='ltr'>ratione</span> 
     </span>
     <span class='ocr_line' id='line_1_9' title="bbox 240 1072 1596 1152; baseline -0.002 -15"><span class='ocrx_word' id='word_1_73' title='bbox 240 1075 328 1137; x_wconf 84' lang='lat' dir='ltr'>uobis</span> <span class='ocrx_word' id='word_1_74' title='bbox 356 1074 513 1152; x_wconf 76' lang='lat' dir='ltr'>agendum.</span> <span class='ocrx_word' id='word_1_75' title='bbox 560 1072 760 1142; x_wconf 75' lang='lat' dir='ltr'>Quaerendae</span> <span class='ocrx_word' id='word_1_76' title='bbox 794 1092 903 1132; x_wconf 87' lang='lat' dir='ltr'>causae</span> <span class='ocrx_word' id='word_1_77' title='bbox 928 1073 1141 1132; x_wconf 89' lang='lat' dir='ltr'>diastematum</span> <span class='ocrx_word' id='word_1_78' title='bbox 1176 1073 1429 1145; x_wconf 86' lang='lat' dir='ltr'>harmonicorum,</span> <span class='ocrx_word' id='word_1_79' title='bbox 1465 1083 1500 1134; x_wconf 87' lang='lat' dir='ltr'>ut</span> <span class='ocrx_word' id='word_1_80' title='bbox 1522 1073 1596 1134; x_wconf 85' lang='lat' dir='ltr'>hac-</span> 
     </span>
     <span class='ocr_line' id='line_1_10' title="bbox 240 1161 1601 1240; baseline -0.002 -17"><span class='ocrx_word' id='word_1_81' title='bbox 240 1171 329 1224; x_wconf 86' lang='lat' dir='ltr'>tenus</span> <span class='ocrx_word' id='word_1_82' title='bbox 353 1179 410 1240; x_wconf 81' lang='lat' dir='ltr'>ego</span> <span class='ocrx_word' id='word_1_83' title='bbox 434 1162 506 1222; x_wconf 84' lang='lat' dir='ltr'>ieci:</span> <span class='ocrx_word' id='word_1_84' title='bbox 541 1163 624 1232; x_wconf 88' lang='lat' dir='ltr'>inde,</span> <span class='ocrx_word' id='word_1_85' title='bbox 657 1162 881 1238; x_wconf 88' lang='lat' dir='ltr'>comparatione</span> <span class='ocrx_word' id='word_1_86' title='bbox 906 1162 988 1220; x_wconf 86' lang='lat' dir='ltr'>iacta</span> <span class='ocrx_word' id='word_1_87' title='bbox 1012 1163 1227 1222; x_wconf 75' lang='lat' dir='ltr'>diastematum</span> <span class='ocrx_word' id='word_1_88' title='bbox 1251 1162 1370 1234; x_wconf 90' lang='lat' dir='ltr'>horum,</span> <span class='ocrx_word' id='word_1_89' title='bbox 1406 1161 1601 1222; x_wconf 85' lang='lat' dir='ltr'>resultabunt</span> 
     </span>
     <span class='ocr_line' id='line_1_11' title="bbox 240 1249 1597 1328; baseline -0.004 -15"><span class='ocrx_word' id='word_1_90' title='bbox 240 1251 320 1313; x_wconf 89' lang='lat' dir='ltr'>ultro</span> <span class='ocrx_word' id='word_1_91' title='bbox 343 1251 528 1310; x_wconf 72' lang='lat' dir='ltr'>diastemata</span> <span class='ocrx_word' id='word_1_92' title='bbox 546 1260 650 1310; x_wconf 84' lang='lat' dir='ltr'>cetera</span> <span class='ocrx_word' id='word_1_93' title='bbox 673 1269 730 1309; x_wconf 90' lang='lat' dir='ltr'>non</span> <span class='ocrx_word' id='word_1_94' title='bbox 755 1249 936 1321; x_wconf 88' lang='lat' dir='ltr'>harmonica,</span> <span class='ocrx_word' id='word_1_95' title='bbox 962 1250 1078 1309; x_wconf 87' lang='lat' dir='ltr'>usitata</span> <span class='ocrx_word' id='word_1_96' title='bbox 1100 1258 1200 1310; x_wconf 89' lang='lat' dir='ltr'>tamen</span> <span class='ocrx_word' id='word_1_97' title='bbox 1234 1260 1267 1310; x_wconf 87' lang='lat' dir='ltr'>et</span> <span class='ocrx_word' id='word_1_98' title='bbox 1288 1269 1344 1328; x_wconf 82' lang='lat' dir='ltr'>per</span> <span class='ocrx_word' id='word_1_99' title='bbox 1358 1269 1436 1328; x_wconf 84' lang='lat' dir='ltr'>qnae</span> <span class='ocrx_word' id='word_1_100' title='bbox 1460 1249 1597 1310; x_wconf 88' lang='lat' dir='ltr'>canendo</span> 
     </span>
     <span class='ocr_line' id='line_1_12' title="bbox 240 1337 1599 1416; baseline -0.001 -16"><span class='ocrx_word' id='word_1_101' title='bbox 240 1338 302 1400; x_wconf 88' lang='lat' dir='ltr'>itur</span> <span class='ocrx_word' id='word_1_102' title='bbox 324 1346 415 1416; x_wconf 88' lang='lat' dir='ltr'>atque</span> <span class='ocrx_word' id='word_1_103' title='bbox 439 1338 561 1411; x_wconf 89' lang='lat' dir='ltr'>reditur,</span> <span class='ocrx_word' id='word_1_104' title='bbox 587 1338 818 1416; x_wconf 88' lang='lat' dir='ltr'>apparebitque,</span> <span class='ocrx_word' id='word_1_105' title='bbox 844 1339 895 1397; x_wconf 90' lang='lat' dir='ltr'>illa</span> <span class='ocrx_word' id='word_1_106' title='bbox 920 1356 976 1396; x_wconf 89' lang='lat' dir='ltr'>non</span> <span class='ocrx_word' id='word_1_107' title='bbox 1001 1339 1104 1397; x_wconf 78' lang='lat' dir='ltr'>valere</span> <span class='ocrx_word' id='word_1_108' title='bbox 1127 1339 1192 1398; x_wconf 87' lang='lat' dir='ltr'>solo</span> <span class='ocrx_word' id='word_1_109' title='bbox 1215 1358 1285 1408; x_wconf 86' lang='lat' dir='ltr'>usn,</span> <span class='ocrx_word' id='word_1_110' title='bbox 1310 1339 1365 1397; x_wconf 90' lang='lat' dir='ltr'>sed</span> <span class='ocrx_word' id='word_1_111' title='bbox 1390 1347 1503 1398; x_wconf 87' lang='lat' dir='ltr'>natura</span> <span class='ocrx_word' id='word_1_112' title='bbox 1524 1337 1599 1410; x_wconf 89' lang='lat' dir='ltr'>niti;</span> 
     </span>
     <span class='ocr_line' id='line_1_13' title="bbox 240 1424 1597 1506; baseline -0.001 -18"><span class='ocrx_word' id='word_1_113' title='bbox 240 1445 337 1506; x_wconf 86' lang='lat' dir='ltr'>neque</span> <span class='ocrx_word' id='word_1_114' title='bbox 360 1427 441 1487; x_wconf 92' lang='lat' dir='ltr'>inter</span> <span class='ocrx_word' id='word_1_115' title='bbox 464 1445 532 1487; x_wconf 89' lang='lat' dir='ltr'>sese</span> <span class='ocrx_word' id='word_1_116' title='bbox 556 1426 773 1487; x_wconf 88' lang='lat' dir='ltr'>communicare</span> <span class='ocrx_word' id='word_1_117' title='bbox 796 1425 896 1504; x_wconf 91' lang='lat' dir='ltr'>aliquo</span> <span class='ocrx_word' id='word_1_118' title='bbox 920 1427 1049 1498; x_wconf 89' lang='lat' dir='ltr'>minimo,</span> <span class='ocrx_word' id='word_1_119' title='bbox 1075 1427 1153 1504; x_wconf 91' lang='lat' dir='ltr'>quod</span> <span class='ocrx_word' id='word_1_120' title='bbox 1177 1429 1218 1487; x_wconf 89' lang='lat' dir='ltr'>sit</span> <span class='ocrx_word' id='word_1_121' title='bbox 1241 1426 1328 1486; x_wconf 88' lang='lat' dir='ltr'>unius</span> <span class='ocrx_word' id='word_1_122' title='bbox 1352 1427 1445 1486; x_wconf 91' lang='lat' dir='ltr'>modi.</span> <span class='ocrx_word' id='word_1_123' title='bbox 1493 1424 1597 1506; x_wconf 83' lang='lat' dir='ltr'>Igitur,</span> 
     </span>
     <span class='ocr_line' id='line_1_14' title="bbox 241 1515 1598 1595; baseline -0.001 -19"><span class='ocrx_word' id='word_1_124' title='bbox 241 1515 267 1577; x_wconf 80' lang='lat' dir='ltr'>si</span> <span class='ocrx_word' id='word_1_125' title='bbox 291 1515 448 1575; x_wconf 87' lang='lat' dir='ltr'>harmonia</span> <span class='ocrx_word' id='word_1_126' title='bbox 471 1515 666 1595; x_wconf 84' lang='lat' dir='ltr'>aequalitatis</span> <span class='ocrx_word' id='word_1_127' title='bbox 691 1515 827 1573; x_wconf 80' lang='lat' dir='ltr'>solvatur</span> <span class='ocrx_word' id='word_1_128' title='bbox 850 1515 878 1573; x_wconf 91' lang='lat' dir='ltr'>in</span> <span class='ocrx_word' id='word_1_129' title='bbox 903 1516 961 1574; x_wconf 89' lang='lat' dir='ltr'>dno</span> <span class='ocrx_word' id='word_1_130' title='bbox 985 1515 1139 1592; x_wconf 82' lang='lat' dir='ltr'>aequalia,</span> <span class='ocrx_word' id='word_1_131' title='bbox 1167 1516 1245 1575; x_wconf 90' lang='lat' dir='ltr'>dnae</span> <span class='ocrx_word' id='word_1_132' title='bbox 1266 1524 1372 1594; x_wconf 85' lang='lat' dir='ltr'>partes</span> <span class='ocrx_word' id='word_1_133' title='bbox 1396 1524 1487 1577; x_wconf 88' lang='lat' dir='ltr'>erunt</span> <span class='ocrx_word' id='word_1_134' title='bbox 1509 1515 1598 1575; x_wconf 79' lang='lat' dir='ltr'>elior-</span> 
     </span>
     <span class='ocr_line' id='line_1_15' title="bbox 246 1600 1599 1681; baseline -0.001 -17"><span class='ocrx_word' id='word_1_135' title='bbox 246 1602 313 1677; x_wconf 88' lang='lat' dir='ltr'>dae,</span> <span class='ocrx_word' id='word_1_136' title='bbox 338 1621 461 1681; x_wconf 88' lang='lat' dir='ltr'>quarum</span> <span class='ocrx_word' id='word_1_137' title='bbox 486 1603 639 1681; x_wconf 86' lang='lat' dir='ltr'>quaelibet</span> <span class='ocrx_word' id='word_1_138' title='bbox 661 1621 728 1662; x_wconf 89' lang='lat' dir='ltr'>cnm</span> <span class='ocrx_word' id='word_1_139' title='bbox 752 1612 819 1662; x_wconf 91' lang='lat' dir='ltr'>tota</span> <span class='ocrx_word' id='word_1_140' title='bbox 842 1611 931 1662; x_wconf 86' lang='lat' dir='ltr'>sonat</span> <span class='ocrx_word' id='word_1_141' title='bbox 955 1609 1117 1663; x_wconf 68' lang='lat' dir='ltr'>turonen.</span> <span class='ocrx_word' id='word_1_142' title='bbox 1165 1603 1199 1663; x_wconf 93' lang='lat' dir='ltr'>Si</span> <span class='ocrx_word' id='word_1_143' title='bbox 1230 1603 1268 1662; x_wconf 91' lang='lat' dir='ltr'>ad</span> <span class='ocrx_word' id='word_1_144' title='bbox 1293 1613 1389 1662; x_wconf 89' lang='lat' dir='ltr'>totam</span> <span class='ocrx_word' id='word_1_145' title='bbox 1419 1603 1449 1663; x_wconf 92' lang='lat' dir='ltr'>in</span> <span class='ocrx_word' id='word_1_146' title='bbox 1475 1600 1496 1666; x_wconf 83' lang='lat'><strong>3</strong></span> <span class='ocrx_word' id='word_1_147' title='bbox 1521 1603 1599 1663; x_wconf 76' lang='lat' dir='ltr'>diri-</span> 
     </span>
     <span class='ocr_line' id='line_1_16' title="bbox 246 1690 1598 1771; baseline -0.001 -19"><span class='ocrx_word' id='word_1_148' title='bbox 246 1710 311 1752; x_wconf 87' lang='lat' dir='ltr'>sam</span> <span class='ocrx_word' id='word_1_149' title='bbox 335 1710 492 1771; x_wconf 88' lang='lat' dir='ltr'>compares</span> <span class='ocrx_word' id='word_1_150' title='bbox 516 1711 620 1751; x_wconf 90' lang='lat' dir='ltr'>sonum</span> <span class='ocrx_word' id='word_1_151' title='bbox 644 1691 774 1768; x_wconf 91' lang='lat' dir='ltr'>partium</span> <span class='ocrx_word' id='word_1_152' title='bbox 798 1690 835 1762; x_wconf 83' lang='lat'>2,</span> <span class='ocrx_word' id='word_1_153' title='bbox 859 1692 1132 1765; x_wconf 67' lang='lat' dir='ltr'>existitimatur,</span> <span class='ocrx_word' id='word_1_154' title='bbox 1162 1701 1254 1752; x_wconf 87' lang='lat' dir='ltr'>etex</span> <span class='ocrx_word' id='word_1_155' title='bbox 1279 1693 1343 1771; x_wconf 88' lang='lat' dir='ltr'>ejus</span> <span class='ocrx_word' id='word_1_156' title='bbox 1366 1691 1540 1753; x_wconf 77' lang='lat' dir='ltr'>differentia</span> <span class='ocrx_word' id='word_1_157' title='bbox 1561 1691 1598 1751; x_wconf 87' lang='lat' dir='ltr'>ad</span> 
     </span>
     <span class='ocr_line' id='line_1_17' title="bbox 244 1779 1598 1859; baseline 0 -17"><span class='ocrx_word' id='word_1_158' title='bbox 244 1785 399 1842; x_wconf 71' lang='lat' dir='ltr'>emaum</span> <span class='ocrx_word' id='word_1_159' title='bbox 430 1781 537 1841; x_wconf 76' lang='lat' dir='ltr'>existit</span> <span class='ocrx_word' id='word_1_160' title='bbox 564 1785 777 1856; x_wconf 73' lang='lat' dir='ltr'>dareooapor.</span> <span class='ocrx_word' id='word_1_161' title='bbox 824 1779 903 1842; x_wconf 78' lang='lat' dir='ltr'>Nam</span> <span class='ocrx_word' id='word_1_162' title='bbox 931 1781 961 1840; x_wconf 92' lang='lat' dir='ltr'>in</span> <span class='ocrx_word' id='word_1_163' title='bbox 992 1782 1087 1841; x_wconf 87' lang='lat' dir='ltr'>tribus</span> <span class='ocrx_word' id='word_1_164' title='bbox 1118 1782 1255 1852; x_wconf 77' lang='lat' dir='ltr'>vocibus,</span> <span class='ocrx_word' id='word_1_165' title='bbox 1289 1798 1414 1859; x_wconf 90' lang='lat' dir='ltr'>quarum</span> <span class='ocrx_word' id='word_1_166' title='bbox 1445 1791 1598 1842; x_wconf 81' lang='lat' dir='ltr'>extremae</span> 
     </span>
     <span class='ocr_line' id='line_1_18' title="bbox 244 1868 1599 1948; baseline 0.001 -19"><span class='ocrx_word' id='word_1_167' title='bbox 244 1873 399 1930; x_wconf 71' lang='grc' dir='ltr'>διαπασωο</span> <span class='ocrx_word' id='word_1_168' title='bbox 422 1869 553 1936; x_wconf 89' lang='lat' dir='ltr'>distant,</span> <span class='ocrx_word' id='word_1_169' title='bbox 578 1868 676 1928; x_wconf 87' lang='lat' dir='ltr'>media</span> <span class='ocrx_word' id='word_1_170' title='bbox 701 1888 766 1928; x_wconf 88' lang='lat' dir='ltr'>cnm</span> <span class='ocrx_word' id='word_1_171' title='bbox 792 1869 850 1927; x_wconf 89' lang='lat' dir='ltr'>ima</span> <span class='ocrx_word' id='word_1_172' title='bbox 874 1877 1005 1929; x_wconf 72' lang='lat' dir='ltr'>dtanmd</span> <span class='ocrx_word' id='word_1_173' title='bbox 1030 1869 1158 1942; x_wconf 85' lang='lat' dir='ltr'>iaciens,</span> <span class='ocrx_word' id='word_1_174' title='bbox 1187 1870 1260 1930; x_wconf 83' lang='lat' dir='ltr'>facit</span> <span class='ocrx_word' id='word_1_175' title='bbox 1284 1888 1351 1928; x_wconf 90' lang='lat' dir='ltr'>cum</span> <span class='ocrx_word' id='word_1_176' title='bbox 1375 1887 1520 1948; x_wconf 84' lang='lat' dir='ltr'>suprema</span> <span class='ocrx_word' id='word_1_177' title='bbox 1542 1876 1599 1930; x_wconf 72' lang='lat' dir='ltr'>aa·</span> 
     </span>
     <span class='ocr_line' id='line_1_19' title="bbox 242 1956 1598 2037; baseline 0 -19"><span class='ocrx_word' id='word_1_178' title='bbox 242 1978 415 2033; x_wconf 70' lang='lat' dir='ltr'>aucupor.</span> <span class='ocrx_word' id='word_1_179' title='bbox 448 1966 501 2017; x_wconf 91' lang='lat' dir='ltr'>aut</span> <span class='ocrx_word' id='word_1_180' title='bbox 524 1968 639 2017; x_wconf 90' lang='lat' dir='ltr'>contra.</span> <span class='ocrx_word' id='word_1_181' title='bbox 686 1956 755 2016; x_wconf 90' lang='lat' dir='ltr'>Jam</span> <span class='ocrx_word' id='word_1_182' title='bbox 785 1957 891 2034; x_wconf 84' lang='lat' dir='ltr'>igitur,</span> <span class='ocrx_word' id='word_1_183' title='bbox 925 1958 950 2017; x_wconf 88' lang='lat' dir='ltr'>si</span> <span class='ocrx_word' id='word_1_184' title='bbox 975 1976 1130 2037; x_wconf 89' lang='lat' dir='ltr'>compares</span> <span class='ocrx_word' id='word_1_185' title='bbox 1162 1968 1194 2018; x_wconf 89' lang='lat' dir='ltr'>et</span> <span class='ocrx_word' id='word_1_186' title='bbox 1224 1966 1341 2036; x_wconf 87' lang='lat' dir='ltr'>partem</span> <span class='ocrx_word' id='word_1_187' title='bbox 1365 1971 1443 2035; x_wconf 82' lang='lat' dir='ltr'>quae</span> <span class='ocrx_word' id='word_1_188' title='bbox 1468 1963 1598 2018; x_wconf 69' lang='lat' dir='ltr'>&amp;mma</span> 
     </span>
     <span class='ocr_line' id='line_1_20' title="bbox 243 2044 1597 2125; baseline 0.003 -21"><span class='ocrx_word' id='word_1_189' title='bbox 243 2054 275 2106; x_wconf 88' lang='lat' dir='ltr'>et</span> <span class='ocrx_word' id='word_1_190' title='bbox 298 2065 375 2125; x_wconf 87' lang='lat' dir='ltr'>qnae</span> <span class='ocrx_word' id='word_1_191' title='bbox 398 2051 604 2122; x_wconf 75' lang='lat' dir='ltr'>draceouupon</span> <span class='ocrx_word' id='word_1_192' title='bbox 627 2045 700 2105; x_wconf 87' lang='lat' dir='ltr'>facit</span> <span class='ocrx_word' id='word_1_193' title='bbox 728 2065 794 2105; x_wconf 90' lang='lat' dir='ltr'>cum</span> <span class='ocrx_word' id='word_1_194' title='bbox 825 2047 929 2105; x_wconf 86' lang='lat' dir='ltr'>eadem</span> <span class='ocrx_word' id='word_1_195' title='bbox 955 2055 1037 2120; x_wconf 89' lang='lat' dir='ltr'>tota,</span> <span class='ocrx_word' id='word_1_196' title='bbox 1069 2056 1101 2105; x_wconf 91' lang='lat' dir='ltr'>nt</span> <span class='ocrx_word' id='word_1_197' title='bbox 1126 2048 1151 2106; x_wconf 80' lang='lat' dir='ltr'>ei</span> <span class='ocrx_word' id='word_1_198' title='bbox 1175 2047 1287 2106; x_wconf 87' lang='lat' dir='ltr'>chorda</span> <span class='ocrx_word' id='word_1_199' title='bbox 1314 2046 1343 2105; x_wconf 94' lang='lat' dir='ltr'>in</span> <span class='ocrx_word' id='word_1_200' title='bbox 1375 2044 1411 2106; x_wconf 79' lang='grc'>12</span> <span class='ocrx_word' id='word_1_201' title='bbox 1436 2047 1597 2117; x_wconf 74' lang='lat' dir='ltr'>dividatur,</span> 
     </span>
     <span class='ocr_line' id='line_1_21' title="bbox 243 2132 1598 2212; baseline 0.001 -18"><span class='ocrx_word' id='word_1_202' title='bbox 243 2144 315 2194; x_wconf 92' lang='lat' dir='ltr'>tunc</span> <span class='ocrx_word' id='word_1_203' title='bbox 339 2153 429 2194; x_wconf 89' lang='lat' dir='ltr'>sonus</span> <span class='ocrx_word' id='word_1_204' title='bbox 452 2135 582 2212; x_wconf 90' lang='lat' dir='ltr'>partium</span> <span class='ocrx_word' id='word_1_205' title='bbox 607 2132 628 2195; x_wconf 88' lang='lat'>8</span> <span class='ocrx_word' id='word_1_206' title='bbox 652 2134 775 2193; x_wconf 85' lang='lat' dir='ltr'>sonabit</span> <span class='ocrx_word' id='word_1_207' title='bbox 797 2135 947 2211; x_wconf 87' lang='lat' dir='ltr'>diapente,</span> <span class='ocrx_word' id='word_1_208' title='bbox 972 2137 1101 2212; x_wconf 88' lang='lat' dir='ltr'>partium</span> <span class='ocrx_word' id='word_1_209' title='bbox 1126 2133 1146 2198; x_wconf 88' lang='grc'>9</span> <span class='ocrx_word' id='word_1_210' title='bbox 1170 2136 1370 2206; x_wconf 84' lang='lat' dir='ltr'>diatessaron,</span> <span class='ocrx_word' id='word_1_211' title='bbox 1396 2143 1469 2195; x_wconf 90' lang='lat' dir='ltr'>tunc</span> <span class='ocrx_word' id='word_1_212' title='bbox 1485 2154 1525 2195; x_wconf 88' lang='lat' dir='ltr'>ex</span> <span class='ocrx_word' id='word_1_213' title='bbox 1544 2136 1598 2195; x_wconf 89' lang='lat' dir='ltr'>hac</span> 
     </span>
     <span class='ocr_line' id='line_1_22' title="bbox 243 2221 1597 2304; baseline 0 -20"><span class='ocrx_word' id='word_1_214' title='bbox 243 2221 467 2300; x_wconf 86' lang='lat' dir='ltr'>comparatione</span> <span class='ocrx_word' id='word_1_215' title='bbox 490 2222 584 2283; x_wconf 90' lang='lat' dir='ltr'>oritur</span> <span class='ocrx_word' id='word_1_216' title='bbox 606 2233 695 2282; x_wconf 91' lang='lat' dir='ltr'>tonus</span> <span class='ocrx_word' id='word_1_217' title='bbox 719 2222 814 2301; x_wconf 89' lang='lat' dir='ltr'>major</span> <span class='ocrx_word' id='word_1_218' title='bbox 837 2224 915 2283; x_wconf 88' lang='lat' dir='ltr'>inter</span> <span class='ocrx_word' id='word_1_219' title='bbox 938 2224 1080 2283; x_wconf 84' lang='lat' dir='ltr'>chordam</span> <span class='ocrx_word' id='word_1_220' title='bbox 1105 2221 1170 2286; x_wconf 85' lang='lat' dir='ltr'>in9</span> <span class='ocrx_word' id='word_1_221' title='bbox 1194 2223 1321 2283; x_wconf 72' lang='lat' dir='ltr'>divisam</span> <span class='ocrx_word' id='word_1_222' title='bbox 1346 2232 1379 2283; x_wconf 90' lang='lat' dir='ltr'>et</span> <span class='ocrx_word' id='word_1_223' title='bbox 1403 2242 1510 2284; x_wconf 90' lang='lat' dir='ltr'>sonum</span> <span class='ocrx_word' id='word_1_224' title='bbox 1526 2243 1597 2304; x_wconf 87' lang='lat' dir='ltr'>par-</span> 
     </span>
     <span class='ocr_line' id='line_1_23' title="bbox 241 2308 1598 2390; baseline 0.001 -20"><span class='ocrx_word' id='word_1_225' title='bbox 241 2310 316 2371; x_wconf 89' lang='lat' dir='ltr'>tium</span> <span class='ocrx_word' id='word_1_226' title='bbox 339 2308 379 2382; x_wconf 87' lang='grc'>8;</span> <span class='ocrx_word' id='word_1_227' title='bbox 412 2310 520 2370; x_wconf 89' lang='lat' dir='ltr'>dicitnr</span> <span class='ocrx_word' id='word_1_228' title='bbox 542 2310 701 2388; x_wconf 65' lang='lat' dir='ltr'>a&#39;uoydooa,</span> <span class='ocrx_word' id='word_1_229' title='bbox 735 2331 772 2370; x_wconf 89' lang='lat' dir='ltr'>ex</span> <span class='ocrx_word' id='word_1_230' title='bbox 795 2313 880 2390; x_wconf 89' lang='lat' dir='ltr'>cnjns</span> <span class='ocrx_word' id='word_1_231' title='bbox 905 2313 1143 2373; x_wconf 83' lang='lat' dir='ltr'>accumulatione</span> <span class='ocrx_word' id='word_1_232' title='bbox 1172 2324 1306 2382; x_wconf 80' lang='lat' dir='ltr'>veteres,</span> <span class='ocrx_word' id='word_1_233' title='bbox 1339 2330 1399 2371; x_wconf 91' lang='lat' dir='ltr'>uno</span> <span class='ocrx_word' id='word_1_234' title='bbox 1424 2312 1598 2373; x_wconf 83' lang='lat' dir='ltr'>Ptolemaeo</span> 
     </span>
     <span class='ocr_line' id='line_1_24' title="bbox 241 2399 1598 2478; baseline 0.002 -19"><span class='ocrx_word' id='word_1_235' title='bbox 241 2407 379 2477; x_wconf 87' lang='lat' dir='ltr'>excepto,</span> <span class='ocrx_word' id='word_1_236' title='bbox 405 2399 468 2471; x_wconf 88' lang='lat' dir='ltr'>sed,</span> <span class='ocrx_word' id='word_1_237' title='bbox 494 2400 570 2478; x_wconf 91' lang='lat' dir='ltr'>quod</span> <span class='ocrx_word' id='word_1_238' title='bbox 596 2400 722 2471; x_wconf 86' lang='lat' dir='ltr'>mireris,</span> <span class='ocrx_word' id='word_1_239' title='bbox 748 2400 909 2460; x_wconf 87' lang='lat' dir='ltr'>etiamnum</span> <span class='ocrx_word' id='word_1_240' title='bbox 933 2401 1094 2473; x_wconf 71' lang='lat' dir='ltr'>Boethius,</span> <span class='ocrx_word' id='word_1_241' title='bbox 1128 2401 1228 2461; x_wconf 84' lang='lat' dir='ltr'>conati</span> <span class='ocrx_word' id='word_1_242' title='bbox 1252 2408 1323 2460; x_wconf 90' lang='lat' dir='ltr'>suut</span> <span class='ocrx_word' id='word_1_243' title='bbox 1346 2419 1527 2478; x_wconf 87' lang='lat' dir='ltr'>componere</span> <span class='ocrx_word' id='word_1_244' title='bbox 1550 2402 1598 2462; x_wconf 92' lang='lat' dir='ltr'>in-</span> 
     </span>
     <span class='ocr_line' id='line_1_25' title="bbox 240 2487 1594 2567; baseline 0.002 -19"><span class='ocrx_word' id='word_1_245' title='bbox 240 2487 371 2548; x_wconf 86' lang='lat' dir='ltr'>tervalla</span> <span class='ocrx_word' id='word_1_246' title='bbox 395 2488 577 2548; x_wconf 89' lang='lat' dir='ltr'>harmonica.</span> <span class='ocrx_word' id='word_1_247' title='bbox 625 2488 747 2567; x_wconf 89' lang='lat' dir='ltr'>ltaque,</span> <span class='ocrx_word' id='word_1_248' title='bbox 776 2489 801 2548; x_wconf 87' lang='lat' dir='ltr'>si</span> <span class='ocrx_word' id='word_1_249' title='bbox 826 2499 1002 2567; x_wconf 88' lang='lat' dir='ltr'>quaeratur,</span> <span class='ocrx_word' id='word_1_250' title='bbox 1033 2508 1124 2567; x_wconf 86' lang='lat' dir='ltr'>qnare</span> <span class='ocrx_word' id='word_1_251' title='bbox 1153 2508 1256 2549; x_wconf 90' lang='lat' dir='ltr'>omnes</span> <span class='ocrx_word' id='word_1_252' title='bbox 1280 2489 1356 2547; x_wconf 87' lang='lat' dir='ltr'>adeo</span> <span class='ocrx_word' id='word_1_253' title='bbox 1380 2489 1519 2550; x_wconf 85' lang='lat' dir='ltr'>homines</span> <span class='ocrx_word' id='word_1_254' title='bbox 1542 2510 1594 2551; x_wconf 87' lang='lat' dir='ltr'>ca-</span> 
     </span>
     <span class='ocr_line' id='line_1_26' title="bbox 238 2576 1598 2655; baseline 0.001 -19"><span class='ocrx_word' id='word_1_255' title='bbox 238 2576 336 2636; x_wconf 86' lang='lat' dir='ltr'>nendo</span> <span class='ocrx_word' id='word_1_256' title='bbox 360 2594 414 2655; x_wconf 87' lang='lat' dir='ltr'>per</span> <span class='ocrx_word' id='word_1_257' title='bbox 436 2577 492 2636; x_wconf 91' lang='lat' dir='ltr'>hoc</span> <span class='ocrx_word' id='word_1_258' title='bbox 516 2577 705 2639; x_wconf 82' lang='lat' dir='ltr'>intervallum</span> <span class='ocrx_word' id='word_1_259' title='bbox 729 2586 801 2637; x_wconf 91' lang='lat' dir='ltr'>eant</span> <span class='ocrx_word' id='word_1_260' title='bbox 824 2581 871 2647; x_wconf 90' lang='lat' dir='ltr'>(nt</span> <span class='ocrx_word' id='word_1_261' title='bbox 895 2579 923 2637; x_wconf 89' lang='lat' dir='ltr'>in</span> <span class='ocrx_word' id='word_1_262' title='bbox 951 2577 1122 2649; x_wconf 87' lang='lat' dir='ltr'>,Victimae</span> <span class='ocrx_word' id='word_1_263' title='bbox 1147 2578 1286 2637; x_wconf 88' lang='lat' dir='ltr'>Paschali</span> <span class='ocrx_word' id='word_1_264' title='bbox 1313 2578 1418 2637; x_wconf 86' lang='lat' dir='ltr'>laudes</span> <span class='ocrx_word' id='word_1_265' title='bbox 1444 2578 1598 2640; x_wconf 88' lang='lat' dir='ltr'>immolent</span> 
     </span>
     <span class='ocr_line' id='line_1_27' title="bbox 239 2661 1596 2745; baseline 0 -19"><span class='ocrx_word' id='word_1_266' title='bbox 239 2661 437 2739; x_wconf 46' lang='lat' dir='ltr'>christiani&amp;</span> <span class='ocrx_word' id='word_1_267' title='bbox 462 2675 550 2725; x_wconf 91' lang='lat' dir='ltr'>tonus</span> <span class='ocrx_word' id='word_1_268' title='bbox 575 2665 671 2742; x_wconf 89' lang='lat' dir='ltr'>major</span> <span class='ocrx_word' id='word_1_269' title='bbox 693 2673 743 2725; x_wconf 89' lang='lat' dir='ltr'>est</span> <span class='ocrx_word' id='word_1_270' title='bbox 766 2667 844 2725; x_wconf 87' lang='lat' dir='ltr'>inter</span> <span class='ocrx_word' id='word_1_271' title='bbox 867 2685 957 2725; x_wconf 80' lang='lat' dir='ltr'>voces</span> <span class='ocrx_word' id='word_1_272' title='bbox 983 2667 1043 2738; x_wconf 83' lang='lat' dir='ltr'>,im</span> <span class='ocrx_word' id='word_1_273' title='bbox 1066 2669 1171 2741; x_wconf 83' lang='lat' dir='ltr'>mo“),</span> <span class='ocrx_word' id='word_1_274' title='bbox 1195 2666 1403 2743; x_wconf 83' lang='lat' dir='ltr'>respondetur,</span> <span class='ocrx_word' id='word_1_275' title='bbox 1430 2668 1501 2745; x_wconf 88' lang='lat' dir='ltr'>quia</span> <span class='ocrx_word' id='word_1_276' title='bbox 1523 2669 1596 2728; x_wconf 89' lang='lat' dir='ltr'>haec</span> 
     </span>
     <span class='ocr_line' id='line_1_28' title="bbox 237 2752 1664 2833; baseline -0.001 -20"><span class='ocrx_word' id='word_1_277' title='bbox 237 2752 281 2813; x_wconf 84' lang='lat' dir='ltr'>sit</span> <span class='ocrx_word' id='word_1_278' title='bbox 311 2752 481 2814; x_wconf 82' lang='lat' dir='ltr'>differentia</span> <span class='ocrx_word' id='word_1_279' title='bbox 513 2754 637 2814; x_wconf 88' lang='lat' dir='ltr'>duarum</span> <span class='ocrx_word' id='word_1_280' title='bbox 671 2754 829 2831; x_wconf 87' lang='lat' dir='ltr'>primamm</span> <span class='ocrx_word' id='word_1_281' title='bbox 860 2755 1097 2824; x_wconf 89' lang='lat' dir='ltr'>harmoniamm,</span> <span class='ocrx_word' id='word_1_282' title='bbox 1133 2774 1208 2833; x_wconf 88' lang='lat' dir='ltr'>qnae</span> <span class='ocrx_word' id='word_1_283' title='bbox 1244 2754 1271 2813; x_wconf 91' lang='lat' dir='ltr'>in</span> <span class='ocrx_word' id='word_1_284' title='bbox 1297 2760 1452 2815; x_wconf 68' lang='grc' dir='ltr'>ὄιαπασωο</span> <span class='ocrx_word' id='word_1_285' title='bbox 1484 2757 1594 2816; x_wconf 88' lang='lat' dir='ltr'>insunt.</span> <span class='ocrx_word' id='word_1_286' title='bbox 1660 2806 1664 2811; x_wconf 82' lang='lat'><em>.</em></span> 
     </span>
     <span class='ocr_line' id='line_1_29' title="bbox 240 2839 1594 2921; baseline 0.001 -18"><span class='ocrx_word' id='word_1_287' title='bbox 240 2841 390 2919; x_wconf 63' lang='lat' dir='ltr'>Ammius,</span> <span class='ocrx_word' id='word_1_288' title='bbox 408 2842 433 2902; x_wconf 91' lang='lat' dir='ltr'>si</span> <span class='ocrx_word' id='word_1_289' title='bbox 449 2842 601 2903; x_wconf 86' lang='lat' dir='ltr'>dividatur</span> <span class='ocrx_word' id='word_1_290' title='bbox 616 2843 761 2919; x_wconf 85' lang='lat' dir='ltr'>diapason</span> <span class='ocrx_word' id='word_1_291' title='bbox 778 2843 806 2902; x_wconf 90' lang='lat' dir='ltr'>in</span> <span class='ocrx_word' id='word_1_292' title='bbox 822 2840 852 2914; x_wconf 85' lang='lat'>3,</span> <span class='ocrx_word' id='word_1_293' title='bbox 869 2842 898 2912; x_wconf 88' lang='grc'>5,</span> <span class='ocrx_word' id='word_1_294' title='bbox 925 2839 954 2914; x_wconf 91' lang='grc'>6,</span> <span class='ocrx_word' id='word_1_295' title='bbox 981 2854 1013 2903; x_wconf 89' lang='lat' dir='ltr'>ut</span> <span class='ocrx_word' id='word_1_296' title='bbox 1028 2863 1118 2903; x_wconf 87' lang='lat' dir='ltr'>sonus</span> <span class='ocrx_word' id='word_1_297' title='bbox 1133 2843 1263 2921; x_wconf 90' lang='lat' dir='ltr'>partium</span> <span class='ocrx_word' id='word_1_298' title='bbox 1282 2841 1302 2904; x_wconf 87' lang='grc'><strong>5</strong></span> <span class='ocrx_word' id='word_1_299' title='bbox 1318 2861 1384 2902; x_wconf 90' lang='lat' dir='ltr'>cum</span> <span class='ocrx_word' id='word_1_300' title='bbox 1402 2863 1477 2904; x_wconf 87' lang='lat' dir='ltr'>sono</span> <span class='ocrx_word' id='word_1_301' title='bbox 1494 2847 1594 2917; x_wconf 87' lang='lat' dir='ltr'>totius,</span> 
     </span>
     <span class='ocr_line' id='line_1_30' title="bbox 240 2926 1595 3009; baseline 0.001 -19"><span class='ocrx_word' id='word_1_302' title='bbox 240 2946 293 2990; x_wconf 82' lang='lat' dir='ltr'>scu</span> <span class='ocrx_word' id='word_1_303' title='bbox 308 2930 436 3008; x_wconf 89' lang='lat' dir='ltr'>partium</span> <span class='ocrx_word' id='word_1_304' title='bbox 453 2926 482 3004; x_wconf 91' lang='grc'>6,</span> <span class='ocrx_word' id='word_1_305' title='bbox 500 2930 592 2990; x_wconf 86' lang='lat' dir='ltr'>faciat</span> <span class='ocrx_word' id='word_1_306' title='bbox 608 2931 735 2991; x_wconf 87' lang='lat' dir='ltr'>diatrion</span> <span class='ocrx_word' id='word_1_307' title='bbox 747 2932 851 2990; x_wconf 90' lang='lat' dir='ltr'>molle:</span> <span class='ocrx_word' id='word_1_308' title='bbox 868 2932 959 2992; x_wconf 84' lang='lat' dir='ltr'>faciet</span> <span class='ocrx_word' id='word_1_309' title='bbox 975 2933 1053 2992; x_wconf 89' lang='lat' dir='ltr'>idem</span> <span class='ocrx_word' id='word_1_310' title='bbox 1064 2951 1155 2991; x_wconf 91' lang='lat' dir='ltr'>sonus</span> <span class='ocrx_word' id='word_1_311' title='bbox 1165 2932 1295 3009; x_wconf 90' lang='lat' dir='ltr'>partium</span> <span class='ocrx_word' id='word_1_312' title='bbox 1306 2929 1326 2992; x_wconf 88' lang='grc'><strong>5</strong></span> <span class='ocrx_word' id='word_1_313' title='bbox 1339 2951 1405 2991; x_wconf 90' lang='lat' dir='ltr'>cum</span> <span class='ocrx_word' id='word_1_314' title='bbox 1422 2952 1497 2993; x_wconf 91' lang='lat' dir='ltr'>sono</span> <span class='ocrx_word' id='word_1_315' title='bbox 1509 2933 1595 2994; x_wconf 88' lang='lat' dir='ltr'>dimi-</span> 
     </span>
     <span class='ocr_line' id='line_1_31' title="bbox 241 3014 1595 3098; baseline 0.002 -21"><span class='ocrx_word' id='word_1_316' title='bbox 241 3017 309 3078; x_wconf 90' lang='lat' dir='ltr'>diae</span> <span class='ocrx_word' id='word_1_317' title='bbox 325 3018 454 3080; x_wconf 86' lang='lat' dir='ltr'>chordae</span> <span class='ocrx_word' id='word_1_318' title='bbox 478 3038 531 3078; x_wconf 88' lang='lat' dir='ltr'>seu</span> <span class='ocrx_word' id='word_1_319' title='bbox 556 3019 684 3097; x_wconf 87' lang='lat' dir='ltr'>partium</span> <span class='ocrx_word' id='word_1_320' title='bbox 701 3014 730 3090; x_wconf 83' lang='lat'>3,</span> <span class='ocrx_word' id='word_1_321' title='bbox 756 3038 830 3097; x_wconf 89' lang='lat' dir='ltr'>qnae</span> <span class='ocrx_word' id='word_1_322' title='bbox 856 3039 913 3079; x_wconf 76' lang='lat' dir='ltr'>vox</span> <span class='ocrx_word' id='word_1_323' title='bbox 937 3030 987 3080; x_wconf 86' lang='lat' dir='ltr'>est</span> <span class='ocrx_word' id='word_1_324' title='bbox 1005 3020 1150 3098; x_wconf 88' lang='lat' dir='ltr'>superior,</span> <span class='ocrx_word' id='word_1_325' title='bbox 1175 3020 1360 3080; x_wconf 84' lang='lat' dir='ltr'>harmoniam</span> <span class='ocrx_word' id='word_1_326' title='bbox 1385 3019 1418 3080; x_wconf 70' lang='grc' dir='ltr'>η’</span> <span class='ocrx_word' id='word_1_327' title='bbox 1434 3018 1468 3093; x_wconf 71' lang='grc' dir='ltr'>ἐξ</span> <span class='ocrx_word' id='word_1_328' title='bbox 1482 3021 1595 3082; x_wconf 90' lang='lat' dir='ltr'>duram.</span> 
     </span>
     <span class='ocr_line' id='line_1_32' title="bbox 241 3102 1594 3187; baseline 0 -19"><span class='ocrx_word' id='word_1_329' title='bbox 241 3103 442 3185; x_wconf 82' lang='lat' dir='ltr'>Comparetur</span> <span class='ocrx_word' id='word_1_330' title='bbox 465 3125 537 3185; x_wconf 74' lang='lat' dir='ltr'>ergo</span> <span class='ocrx_word' id='word_1_331' title='bbox 567 3102 601 3186; x_wconf 91' lang='grc' dir='ltr'>Ἰ,</span> <span class='ocrx_word' id='word_1_332' title='bbox 632 3108 669 3167; x_wconf 90' lang='lat' dir='ltr'>ad</span> <span class='ocrx_word' id='word_1_333' title='bbox 703 3108 833 3185; x_wconf 87' lang='lat' dir='ltr'>priorem</span> <span class='ocrx_word' id='word_1_334' title='bbox 872 3104 902 3185; x_wconf 84' lang='grc' dir='ltr'>Ἰ,</span> <span class='ocrx_word' id='word_1_335' title='bbox 937 3129 989 3167; x_wconf 91' lang='lat' dir='ltr'>sen</span> <span class='ocrx_word' id='word_1_336' title='bbox 1023 3118 1176 3186; x_wconf 89' lang='lat' dir='ltr'>quartam,</span> <span class='ocrx_word' id='word_1_337' title='bbox 1208 3108 1265 3168; x_wconf 90' lang='lat' dir='ltr'>sibi</span> <span class='ocrx_word' id='word_1_338' title='bbox 1296 3109 1480 3187; x_wconf 88' lang='lat' dir='ltr'>propiorem,</span> <span class='ocrx_word' id='word_1_339' title='bbox 1516 3110 1545 3170; x_wconf 91' lang='lat' dir='ltr'>h.</span> <span class='ocrx_word' id='word_1_340' title='bbox 1570 3131 1594 3170; x_wconf 89' lang='lat' dir='ltr'>e.</span> 
     </span>
     <span class='ocr_line' id='line_1_33' title="bbox 247 3188 1594 3277; baseline 0.003 -23"><span class='ocrx_word' id='word_1_341' title='bbox 247 3188 313 3275; x_wconf 71' lang='grc' dir='ltr'>’Ἰ,,</span> <span class='ocrx_word' id='word_1_342' title='bbox 343 3196 381 3255; x_wconf 91' lang='lat' dir='ltr'>ad</span> <span class='ocrx_word' id='word_1_343' title='bbox 412 3191 482 3275; x_wconf 86' lang='grc' dir='ltr'>Ἰ,,,</span> <span class='ocrx_word' id='word_1_344' title='bbox 517 3196 629 3256; x_wconf 84' lang='lat' dir='ltr'>existet</span> <span class='ocrx_word' id='word_1_345' title='bbox 662 3205 732 3255; x_wconf 91' lang='lat' dir='ltr'>tnnc</span> <span class='ocrx_word' id='word_1_346' title='bbox 756 3205 845 3256; x_wconf 92' lang='lat' dir='ltr'>tonus</span> <span class='ocrx_word' id='word_1_347' title='bbox 879 3197 975 3257; x_wconf 90' lang='lat' dir='ltr'>minor</span> <span class='ocrx_word' id='word_1_348' title='bbox 1003 3191 1076 3275; x_wconf 87' lang='grc' dir='ltr'>Ἰ,,,</span> <span class='ocrx_word' id='word_1_349' title='bbox 1112 3210 1144 3257; x_wconf 90' lang='lat' dir='ltr'>ut</span> <span class='ocrx_word' id='word_1_350' title='bbox 1177 3197 1256 3257; x_wconf 93' lang='lat' dir='ltr'>inter</span> <span class='ocrx_word' id='word_1_351' title='bbox 1279 3216 1369 3258; x_wconf 83' lang='lat' dir='ltr'>voces</span> <span class='ocrx_word' id='word_1_352' title='bbox 1404 3198 1594 3277; x_wconf 76' lang='lat' dir='ltr'>„paschali.“</span> 
     </span>
     <span class='ocr_line' id='line_1_34' title="bbox 242 3283 1595 3363; baseline 0.003 -20"><span class='ocrx_word' id='word_1_353' title='bbox 242 3283 275 3344; x_wconf 87' lang='lat' dir='ltr'>ln</span> <span class='ocrx_word' id='word_1_354' title='bbox 295 3285 381 3344; x_wconf 81' lang='lat' dir='ltr'>scala</span> <span class='ocrx_word' id='word_1_355' title='bbox 404 3284 496 3361; x_wconf 80' lang='lat' dir='ltr'>igitur</span> <span class='ocrx_word' id='word_1_356' title='bbox 519 3284 656 3344; x_wconf 88' lang='lat' dir='ltr'>cantoria</span> <span class='ocrx_word' id='word_1_357' title='bbox 674 3285 819 3345; x_wconf 90' lang='lat' dir='ltr'>habemns</span> <span class='ocrx_word' id='word_1_358' title='bbox 843 3286 1011 3346; x_wconf 88' lang='lat' dir='ltr'>naturalem</span> <span class='ocrx_word' id='word_1_359' title='bbox 1036 3285 1181 3363; x_wconf 87' lang='lat' dir='ltr'>originem</span> <span class='ocrx_word' id='word_1_360' title='bbox 1205 3284 1226 3345; x_wconf 85' lang='lat'>5</span> <span class='ocrx_word' id='word_1_361' title='bbox 1250 3304 1371 3358; x_wconf 89' lang='lat' dir='ltr'>vocum,</span> <span class='ocrx_word' id='word_1_362' title='bbox 1396 3306 1445 3359; x_wconf 89' lang='lat' dir='ltr'>re,</span> <span class='ocrx_word' id='word_1_363' title='bbox 1471 3287 1517 3358; x_wconf 83' lang='lat' dir='ltr'>ia,</span> <span class='ocrx_word' id='word_1_364' title='bbox 1541 3286 1595 3361; x_wconf 86' lang='lat' dir='ltr'>sol,</span> 
     </span>
     <span class='ocr_line' id='line_1_35' title="bbox 241 3371 1594 3453; baseline 0.003 -23"><span class='ocrx_word' id='word_1_365' title='bbox 241 3371 286 3444; x_wconf 85' lang='lat' dir='ltr'>la,</span> <span class='ocrx_word' id='word_1_366' title='bbox 311 3372 371 3444; x_wconf 91' lang='lat' dir='ltr'>sol,</span> <span class='ocrx_word' id='word_1_367' title='bbox 396 3375 444 3443; x_wconf 83' lang='lat' dir='ltr'>fa,</span> <span class='ocrx_word' id='word_1_368' title='bbox 472 3373 521 3433; x_wconf 87' lang='lat' dir='ltr'>vel</span> <span class='ocrx_word' id='word_1_369' title='bbox 545 3372 573 3433; x_wconf 93' lang='lat' dir='ltr'>in</span> <span class='ocrx_word' id='word_1_370' title='bbox 598 3373 723 3453; x_wconf 78' lang='lat' dir='ltr'>hymno:</span> <span class='ocrx_word' id='word_1_371' title='bbox 764 3374 924 3445; x_wconf 84' lang='lat' dir='ltr'>„victimae</span> <span class='ocrx_word' id='word_1_372' title='bbox 949 3375 1085 3451; x_wconf 71' lang='lat' dir='ltr'>paschati</span> <span class='ocrx_word' id='word_1_373' title='bbox 1112 3375 1216 3434; x_wconf 85' lang='lat' dir='ltr'>laudes</span> <span class='ocrx_word' id='word_1_374' title='bbox 1240 3373 1396 3435; x_wconf 87' lang='lat' dir='ltr'>immolent</span> <span class='ocrx_word' id='word_1_375' title='bbox 1418 3373 1594 3447; x_wconf 87' lang='lat' dir='ltr'>Christiani,</span> 
     </span>
     <span class='ocr_line' id='line_1_36' title="bbox 239 3459 1595 3541; baseline 0.003 -21"><span class='ocrx_word' id='word_1_376' title='bbox 239 3478 335 3539; x_wconf 74' lang='lat' dir='ltr'>agata</span> <span class='ocrx_word' id='word_1_377' title='bbox 349 3462 419 3520; x_wconf 88' lang='lat' dir='ltr'>rede</span> <span class='ocrx_word' id='word_1_378' title='bbox 437 3464 478 3533; x_wconf 92' lang='lat'>(-</span> <span class='ocrx_word' id='word_1_379' title='bbox 493 3461 548 3522; x_wconf 88' lang='lat' dir='ltr'>mit</span> <span class='ocrx_word' id='word_1_380' title='bbox 564 3463 683 3530; x_wconf 82' lang='lat' dir='ltr'>oves).“</span> <span class='ocrx_word' id='word_1_381' title='bbox 722 3463 871 3539; x_wconf 85' lang='lat' dir='ltr'>Amplius,</span> <span class='ocrx_word' id='word_1_382' title='bbox 898 3463 924 3521; x_wconf 88' lang='lat' dir='ltr'>si</span> <span class='ocrx_word' id='word_1_383' title='bbox 940 3464 1089 3523; x_wconf 82' lang='lat' dir='ltr'>dividatur</span> <span class='ocrx_word' id='word_1_384' title='bbox 1105 3464 1250 3541; x_wconf 90' lang='lat' dir='ltr'>diapason</span> <span class='ocrx_word' id='word_1_385' title='bbox 1270 3464 1299 3522; x_wconf 91' lang='lat' dir='ltr'>in</span> <span class='ocrx_word' id='word_1_386' title='bbox 1315 3459 1346 3536; x_wconf 76' lang='lat' dir='ltr'>t,</span> <span class='ocrx_word' id='word_1_387' title='bbox 1363 3461 1393 3535; x_wconf 91' lang='lat'>5,</span> <span class='ocrx_word' id='word_1_388' title='bbox 1410 3461 1441 3536; x_wconf 89' lang='grc'>8,</span> <span class='ocrx_word' id='word_1_389' title='bbox 1457 3472 1492 3524; x_wconf 88' lang='lat' dir='ltr'>ut</span> <span class='ocrx_word' id='word_1_390' title='bbox 1506 3484 1595 3524; x_wconf 86' lang='lat' dir='ltr'>sonus</span> 
     </span>
     <span class='ocr_line' id='line_1_37' title="bbox 238 3548 1596 3629; baseline 0.001 -21"><span class='ocrx_word' id='word_1_391' title='bbox 238 3549 368 3628; x_wconf 88' lang='lat' dir='ltr'>partium</span> <span class='ocrx_word' id='word_1_392' title='bbox 384 3548 480 3612; x_wconf 90' lang='lat' dir='ltr'>5cum</span> <span class='ocrx_word' id='word_1_393' title='bbox 495 3569 569 3620; x_wconf 76' lang='lat' dir='ltr'>sono</span> <span class='ocrx_word' id='word_1_394' title='bbox 585 3550 688 3622; x_wconf 90' lang='lat' dir='ltr'>totins,</span> <span class='ocrx_word' id='word_1_395' title='bbox 714 3569 766 3610; x_wconf 87' lang='lat' dir='ltr'>sen</span> <span class='ocrx_word' id='word_1_396' title='bbox 780 3549 956 3629; x_wconf 80' lang='lat' dir='ltr'>partinmil</span> <span class='ocrx_word' id='word_1_397' title='bbox 982 3552 1074 3612; x_wconf 85' lang='lat' dir='ltr'>faciat</span> <span class='ocrx_word' id='word_1_398' title='bbox 1089 3549 1280 3624; x_wconf 65' lang='lat' dir='ltr'>ot&#39;tsmotte</span> <span class='ocrx_word' id='word_1_399' title='bbox 1306 3553 1398 3612; x_wconf 83' lang='lat' dir='ltr'>faciet</span> <span class='ocrx_word' id='word_1_400' title='bbox 1412 3552 1491 3612; x_wconf 87' lang='lat' dir='ltr'>idem</span> <span class='ocrx_word' id='word_1_401' title='bbox 1507 3572 1596 3613; x_wconf 82' lang='lat' dir='ltr'>sonus</span> 
     </span>
     <span class='ocr_line' id='line_1_38' title="bbox 239 3637 1595 3720; baseline 0.003 -22"><span class='ocrx_word' id='word_1_402' title='bbox 239 3637 371 3717; x_wconf 87' lang='lat' dir='ltr'>partium</span> <span class='ocrx_word' id='word_1_403' title='bbox 396 3637 416 3701; x_wconf 87' lang='lat'>5</span> <span class='ocrx_word' id='word_1_404' title='bbox 440 3658 506 3700; x_wconf 91' lang='lat' dir='ltr'>cum</span> <span class='ocrx_word' id='word_1_405' title='bbox 532 3656 606 3699; x_wconf 90' lang='lat' dir='ltr'>sono</span> <span class='ocrx_word' id='word_1_406' title='bbox 631 3639 771 3699; x_wconf 87' lang='lat' dir='ltr'>dimidiae</span> <span class='ocrx_word' id='word_1_407' title='bbox 796 3640 935 3713; x_wconf 88' lang='lat' dir='ltr'>chordae,</span> <span class='ocrx_word' id='word_1_408' title='bbox 961 3659 1014 3700; x_wconf 88' lang='lat' dir='ltr'>seu</span> <span class='ocrx_word' id='word_1_409' title='bbox 1038 3637 1223 3718; x_wconf 74' lang='lat' dir='ltr'>partiumd,</span> <span class='ocrx_word' id='word_1_410' title='bbox 1249 3659 1326 3718; x_wconf 89' lang='lat' dir='ltr'>qnae</span> <span class='ocrx_word' id='word_1_411' title='bbox 1348 3658 1409 3701; x_wconf 88' lang='lat' dir='ltr'>vox</span> <span class='ocrx_word' id='word_1_412' title='bbox 1433 3649 1482 3701; x_wconf 92' lang='lat' dir='ltr'>est</span> <span class='ocrx_word' id='word_1_413' title='bbox 1505 3659 1595 3720; x_wconf 89' lang='lat' dir='ltr'>supe·</span> 
     </span>
     <span class='ocr_line' id='line_1_39' title="bbox 238 3723 1596 3809; baseline 0.002 -22"><span class='ocrx_word' id='word_1_414' title='bbox 238 3725 310 3799; x_wconf 90' lang='lat' dir='ltr'>rior,</span> <span class='ocrx_word' id='word_1_415' title='bbox 334 3728 520 3788; x_wconf 87' lang='lat' dir='ltr'>harmoniam</span> <span class='ocrx_word' id='word_1_416' title='bbox 545 3733 681 3805; x_wconf 71' lang='grc' dir='ltr'>ὅιατριωι</span> <span class='ocrx_word' id='word_1_417' title='bbox 700 3728 813 3789; x_wconf 87' lang='lat' dir='ltr'>duram</span> <span class='ocrx_word' id='word_1_418' title='bbox 862 3727 1079 3807; x_wconf 85' lang='lat' dir='ltr'>Comparetnr</span> <span class='ocrx_word' id='word_1_419' title='bbox 1093 3748 1165 3807; x_wconf 86' lang='lat' dir='ltr'>ergo</span> <span class='ocrx_word' id='word_1_420' title='bbox 1196 3723 1230 3809; x_wconf 91' lang='lat'>7</span> <span class='ocrx_word' id='word_1_421' title='bbox 1263 3729 1301 3788; x_wconf 92' lang='lat' dir='ltr'>ad</span> <span class='ocrx_word' id='word_1_422' title='bbox 1330 3730 1413 3808; x_wconf 89' lang='lat' dir='ltr'>prins</span> <span class='ocrx_word' id='word_1_423' title='bbox 1443 3729 1596 3790; x_wconf 87' lang='lat' dir='ltr'>inventam</span> 
     </span>
     <span class='ocr_line' id='line_1_40' title="bbox 238 3810 1596 3898; baseline 0.001 -21"><span class='ocrx_word' id='word_1_424' title='bbox 238 3814 296 3877; x_wconf 84' lang='lat' dir='ltr'>sibi</span> <span class='ocrx_word' id='word_1_425' title='bbox 311 3835 480 3896; x_wconf 83' lang='lat' dir='ltr'>propiorem</span> <span class='ocrx_word' id='word_1_426' title='bbox 502 3810 553 3897; x_wconf 89' lang='lat'>7</span> <span class='ocrx_word' id='word_1_427' title='bbox 579 3836 630 3876; x_wconf 88' lang='lat' dir='ltr'>seu</span> <span class='ocrx_word' id='word_1_428' title='bbox 655 3811 722 3896; x_wconf 79' lang='grc' dir='ltr'>’Ἰ,,</span> <span class='ocrx_word' id='word_1_429' title='bbox 750 3812 819 3876; x_wconf 87' lang='lat' dir='ltr'>ad¹</span> <span class='ocrx_word' id='word_1_430' title='bbox 827 3811 896 3898; x_wconf 84' lang='grc' dir='ltr'>Ἰ,,,</span> <span class='ocrx_word' id='word_1_431' title='bbox 923 3817 1035 3877; x_wconf 83' lang='lat' dir='ltr'>existet</span> <span class='ocrx_word' id='word_1_432' title='bbox 1056 3817 1121 3877; x_wconf 90' lang='lat' dir='ltr'>hinc</span> <span class='ocrx_word' id='word_1_433' title='bbox 1138 3818 1280 3877; x_wconf 82' lang='lat' dir='ltr'>usitatum</span> <span class='ocrx_word' id='word_1_434' title='bbox 1296 3817 1487 3879; x_wconf 83' lang='lat' dir='ltr'>intervallum</span> <span class='ocrx_word' id='word_1_435' title='bbox 1502 3818 1596 3880; x_wconf 88' lang='lat' dir='ltr'>minus</span> 
     </span>
     <span class='ocr_line' id='line_1_41' title="bbox 239 3899 1597 3984; baseline 0.002 -20"><span class='ocrx_word' id='word_1_436' title='bbox 239 3903 346 3966; x_wconf 85' lang='lat' dir='ltr'>minori</span> <span class='ocrx_word' id='word_1_437' title='bbox 370 3915 451 3972; x_wconf 88' lang='lat' dir='ltr'>tono,</span> <span class='ocrx_word' id='word_1_438' title='bbox 472 3907 548 3984; x_wconf 93' lang='lat' dir='ltr'>quod</span> <span class='ocrx_word' id='word_1_439' title='bbox 580 3905 648 3965; x_wconf 86' lang='lat' dir='ltr'>ideo</span> <span class='ocrx_word' id='word_1_440' title='bbox 673 3904 865 3966; x_wconf 89' lang='lat' dir='ltr'>semitonium</span> <span class='ocrx_word' id='word_1_441' title='bbox 890 3906 1044 3984; x_wconf 88' lang='lat' dir='ltr'>appellare</span> <span class='ocrx_word' id='word_1_442' title='bbox 1069 3906 1168 3978; x_wconf 89' lang='lat' dir='ltr'>soleo,</span> <span class='ocrx_word' id='word_1_443' title='bbox 1207 3899 1292 3984; x_wconf 74' lang='grc' dir='ltr'>’Ἰ,,</span> <span class='ocrx_word' id='word_1_444' title='bbox 1325 3925 1367 3968; x_wconf 86' lang='lat' dir='ltr'>sc.</span> <span class='ocrx_word' id='word_1_445' title='bbox 1392 3905 1472 3967; x_wconf 89' lang='lat' dir='ltr'>inter</span> <span class='ocrx_word' id='word_1_446' title='bbox 1495 3907 1597 3970; x_wconf 81' lang='lat' dir='ltr'>claves</span> 
     </span>
     <span class='ocr_line' id='line_1_42' title="bbox 239 3992 1595 4069; baseline 0.004 -17"><span class='ocrx_word' id='word_1_447' title='bbox 239 3992 273 4067; x_wconf 91' lang='lat' dir='ltr'>d,</span> <span class='ocrx_word' id='word_1_448' title='bbox 298 3994 359 4068; x_wconf 90' lang='lat' dir='ltr'>dis,</span> <span class='ocrx_word' id='word_1_449' title='bbox 384 3995 433 4055; x_wconf 87' lang='lat' dir='ltr'>vel</span> <span class='ocrx_word' id='word_1_450' title='bbox 456 4012 546 4055; x_wconf 87' lang='lat' dir='ltr'>voces</span> <span class='ocrx_word' id='word_1_451' title='bbox 572 3994 613 4064; x_wconf 91' lang='lat' dir='ltr'>la,</span> <span class='ocrx_word' id='word_1_452' title='bbox 640 3994 679 4064; x_wconf 85' lang='lat' dir='ltr'>fa,</span> <span class='ocrx_word' id='word_1_453' title='bbox 705 3994 906 4054; x_wconf 88' lang='lat' dir='ltr'>ascendendo.</span> <span class='ocrx_word' id='word_1_454' title='bbox 954 3994 1037 4054; x_wconf 89' lang='lat' dir='ltr'>Idem</span> <span class='ocrx_word' id='word_1_455' title='bbox 1061 3996 1115 4055; x_wconf 87' lang='lat' dir='ltr'>fiet</span> <span class='ocrx_word' id='word_1_456' title='bbox 1139 3995 1167 4053; x_wconf 86' lang='lat' dir='ltr'>in</span> <span class='ocrx_word' id='word_1_457' title='bbox 1191 4005 1282 4055; x_wconf 89' lang='lat' dir='ltr'>cantu</span> <span class='ocrx_word' id='word_1_458' title='bbox 1306 3996 1395 4069; x_wconf 91' lang='lat' dir='ltr'>duro,</span> <span class='ocrx_word' id='word_1_459' title='bbox 1426 3997 1452 4058; x_wconf 88' lang='lat' dir='ltr'>si</span> <span class='ocrx_word' id='word_1_460' title='bbox 1475 3996 1595 4057; x_wconf 85' lang='lat' dir='ltr'>divida-</span> 
     </span>
     <span class='ocr_line' id='line_1_43' title="bbox 239 4075 1597 4164; baseline 0.004 -22"><span class='ocrx_word' id='word_1_461' title='bbox 239 4088 288 4142; x_wconf 90' lang='lat' dir='ltr'>tur</span> <span class='ocrx_word' id='word_1_462' title='bbox 311 4084 457 4163; x_wconf 89' lang='lat' dir='ltr'>diapason</span> <span class='ocrx_word' id='word_1_463' title='bbox 484 4082 510 4142; x_wconf 91' lang='lat' dir='ltr'>in</span> <span class='ocrx_word' id='word_1_464' title='bbox 536 4082 570 4154; x_wconf 86' lang='grc'>5,</span> <span class='ocrx_word' id='word_1_465' title='bbox 595 4080 635 4156; x_wconf 91' lang='grc'>8,</span> <span class='ocrx_word' id='word_1_466' title='bbox 664 4081 718 4154; x_wconf 89' lang='grc'>10,</span> <span class='ocrx_word' id='word_1_467' title='bbox 743 4090 814 4144; x_wconf 87' lang='grc' dir='ltr'>ωηο</span> <span class='ocrx_word' id='word_1_468' title='bbox 842 4075 894 4164; x_wconf 89' lang='grc' dir='ltr'>Ἰ,,</span> <span class='ocrx_word' id='word_1_469' title='bbox 923 4093 971 4143; x_wconf 87' lang='lat' dir='ltr'>ost</span> <span class='ocrx_word' id='word_1_470' title='bbox 993 4089 1042 4144; x_wconf 76' lang='grc' dir='ltr'>δια</span> <span class='ocrx_word' id='word_1_471' title='bbox 1065 4107 1152 4160; x_wconf 66' lang='lat' dir='ltr'>aptas</span> <span class='ocrx_word' id='word_1_472' title='bbox 1175 4085 1265 4156; x_wconf 89' lang='lat' dir='ltr'>dura,</span> <span class='ocrx_word' id='word_1_473' title='bbox 1302 4084 1381 4147; x_wconf 90' lang='lat' dir='ltr'>inter</span> <span class='ocrx_word' id='word_1_474' title='bbox 1405 4083 1450 4159; x_wconf 91' lang='lat' dir='ltr'>G,</span> <span class='ocrx_word' id='word_1_475' title='bbox 1475 4086 1509 4159; x_wconf 95' lang='lat' dir='ltr'>h,</span> <span class='ocrx_word' id='word_1_476' title='bbox 1544 4086 1597 4148; x_wconf 87' lang='lat' dir='ltr'>sed</span> 
     </span>
     <span class='ocr_line' id='line_1_44' title="bbox 244 4163 1596 4256; baseline 0.004 -25"><span class='ocrx_word' id='word_1_477' title='bbox 244 4163 279 4250; x_wconf 75' lang='grc' dir='ltr'>Ἰ,</span> <span class='ocrx_word' id='word_1_478' title='bbox 307 4179 356 4231; x_wconf 87' lang='lat' dir='ltr'>est</span> <span class='ocrx_word' id='word_1_479' title='bbox 387 4172 420 4233; x_wconf 70' lang='grc' dir='ltr'>δι’</span> <span class='ocrx_word' id='word_1_480' title='bbox 446 4167 479 4243; x_wconf 75' lang='grc' dir='ltr'>ἐξ</span> <span class='ocrx_word' id='word_1_481' title='bbox 502 4172 600 4243; x_wconf 84' lang='lat' dir='ltr'>molle,</span> <span class='ocrx_word' id='word_1_482' title='bbox 627 4172 706 4231; x_wconf 90' lang='lat' dir='ltr'>inter</span> <span class='ocrx_word' id='word_1_483' title='bbox 727 4171 762 4241; x_wconf 90' lang='lat' dir='ltr'>h,</span> <span class='ocrx_word' id='word_1_484' title='bbox 797 4191 826 4250; x_wconf 87' lang='lat' dir='ltr'>g.</span> <span class='ocrx_word' id='word_1_485' title='bbox 872 4172 954 4232; x_wconf 91' lang='lat' dir='ltr'>Tunc</span> <span class='ocrx_word' id='word_1_486' title='bbox 983 4165 1035 4250; x_wconf 90' lang='grc' dir='ltr'>Ἰ,,</span> <span class='ocrx_word' id='word_1_487' title='bbox 1063 4173 1110 4233; x_wconf 79' lang='lat' dir='ltr'>vel</span> <span class='ocrx_word' id='word_1_488' title='bbox 1150 4167 1182 4253; x_wconf 80' lang='grc' dir='ltr'>Ἰ,</span> <span class='ocrx_word' id='word_1_489' title='bbox 1217 4192 1282 4233; x_wconf 89' lang='lat' dir='ltr'>cum</span> <span class='ocrx_word' id='word_1_490' title='bbox 1302 4173 1437 4252; x_wconf 90' lang='lat' dir='ltr'>proximo</span> <span class='ocrx_word' id='word_1_491' title='bbox 1459 4169 1495 4256; x_wconf 82' lang='grc' dir='ltr'>Ἰ,</span> <span class='ocrx_word' id='word_1_492' title='bbox 1513 4193 1596 4236; x_wconf 91' lang='lat' dir='ltr'>com·</span> 
     </span>
     <span class='ocr_line' id='line_1_45' title="bbox 238 4254 1596 4341; baseline 0.005 -22"><span class='ocrx_word' id='word_1_493' title='bbox 238 4271 387 4339; x_wconf 87' lang='lat' dir='ltr'>paratum,</span> <span class='ocrx_word' id='word_1_494' title='bbox 413 4282 456 4323; x_wconf 89' lang='lat' dir='ltr'>so.</span> <span class='ocrx_word' id='word_1_495' title='bbox 490 4256 555 4341; x_wconf 86' lang='grc' dir='ltr'>ΙἸ,,</span> <span class='ocrx_word' id='word_1_496' title='bbox 584 4281 650 4321; x_wconf 91' lang='lat' dir='ltr'>cnm</span> <span class='ocrx_word' id='word_1_497' title='bbox 681 4255 767 4341; x_wconf 82' lang='grc' dir='ltr'>1Ἰ,,,</span> <span class='ocrx_word' id='word_1_498' title='bbox 792 4259 890 4339; x_wconf 84' lang='lat' dir='ltr'>gignit</span> <span class='ocrx_word' id='word_1_499' title='bbox 920 4254 1012 4341; x_wconf 78' lang='grc' dir='ltr'>“Ι,,,</span> <span class='ocrx_word' id='word_1_500' title='bbox 1037 4260 1117 4322; x_wconf 87' lang='lat' dir='ltr'>inter</span> <span class='ocrx_word' id='word_1_501' title='bbox 1132 4264 1180 4332; x_wconf 91' lang='lat' dir='ltr'>mi,</span> <span class='ocrx_word' id='word_1_502' title='bbox 1206 4263 1249 4331; x_wconf 79' lang='lat' dir='ltr'>t&#39;a,</span> <span class='ocrx_word' id='word_1_503' title='bbox 1274 4263 1320 4322; x_wconf 79' lang='lat' dir='ltr'>rel</span> <span class='ocrx_word' id='word_1_504' title='bbox 1345 4261 1373 4335; x_wconf 94' lang='lat' dir='ltr'>h,</span> <span class='ocrx_word' id='word_1_505' title='bbox 1399 4283 1429 4335; x_wconf 90' lang='lat' dir='ltr'>c,</span> <span class='ocrx_word' id='word_1_506' title='bbox 1454 4263 1486 4324; x_wconf 94' lang='lat' dir='ltr'>in</span> <span class='ocrx_word' id='word_1_507' title='bbox 1511 4283 1596 4326; x_wconf 91' lang='lat' dir='ltr'>com-</span> 
     </span>
     <span class='ocr_line' id='line_1_46' title="bbox 237 4345 1596 4433; baseline 0.007 -28"><span class='ocrx_word' id='word_1_508' title='bbox 237 4349 446 4427; x_wconf 86' lang='lat' dir='ltr'>pensationem</span> <span class='ocrx_word' id='word_1_509' title='bbox 470 4350 507 4422; x_wconf 91' lang='lat' dir='ltr'>h,</span> <span class='ocrx_word' id='word_1_510' title='bbox 534 4368 568 4425; x_wconf 66' lang='lat'>23</span> <span class='ocrx_word' id='word_1_511' title='bbox 602 4359 633 4409; x_wconf 91' lang='lat' dir='ltr'>et</span> <span class='ocrx_word' id='word_1_512' title='bbox 656 4350 682 4410; x_wconf 90' lang='lat' dir='ltr'>si</span> <span class='ocrx_word' id='word_1_513' title='bbox 706 4349 857 4411; x_wconf 85' lang='lat' dir='ltr'>dividatur</span> <span class='ocrx_word' id='word_1_514' title='bbox 880 4349 1027 4427; x_wconf 89' lang='lat' dir='ltr'>diapason</span> <span class='ocrx_word' id='word_1_515' title='bbox 1051 4351 1080 4411; x_wconf 90' lang='lat' dir='ltr'>in</span> <span class='ocrx_word' id='word_1_516' title='bbox 1106 4349 1139 4421; x_wconf 89' lang='lat'>5,</span> <span class='ocrx_word' id='word_1_517' title='bbox 1165 4346 1200 4424; x_wconf 90' lang='grc'>6,</span> <span class='ocrx_word' id='word_1_518' title='bbox 1239 4348 1291 4419; x_wconf 85' lang='grc'>10,</span> <span class='ocrx_word' id='word_1_519' title='bbox 1322 4358 1395 4412; x_wconf 89' lang='grc' dir='ltr'>ωηο</span> <span class='ocrx_word' id='word_1_520' title='bbox 1424 4345 1476 4433; x_wconf 87' lang='grc' dir='ltr'>Ἰ,,</span> <span class='ocrx_word' id='word_1_521' title='bbox 1505 4359 1596 4414; x_wconf 81' lang='lat' dir='ltr'>sonat</span> 
     </span>
     <span class='ocr_line' id='line_1_47' title="bbox 238 4431 1596 4520; baseline 0.004 -23"><span class='ocrx_word' id='word_1_522' title='bbox 238 4433 271 4497; x_wconf 76' lang='grc' dir='ltr'>δι’</span> <span class='ocrx_word' id='word_1_523' title='bbox 296 4433 328 4511; x_wconf 77' lang='grc' dir='ltr'>ἐξ</span> <span class='ocrx_word' id='word_1_524' title='bbox 374 4439 543 4507; x_wconf 77' lang='lat' dir='ltr'>datumst</span> <span class='ocrx_word' id='word_1_525' title='bbox 571 4431 604 4518; x_wconf 87' lang='grc' dir='ltr'>Ἰ,</span> <span class='ocrx_word' id='word_1_526' title='bbox 634 4445 681 4498; x_wconf 76' lang='grc' dir='ltr'>δια</span> <span class='ocrx_word' id='word_1_527' title='bbox 704 4461 793 4514; x_wconf 72' lang='lat' dir='ltr'>apion</span> <span class='ocrx_word' id='word_1_528' title='bbox 815 4438 914 4509; x_wconf 87' lang='lat' dir='ltr'>molle,</span> <span class='ocrx_word' id='word_1_529' title='bbox 941 4448 972 4499; x_wconf 89' lang='lat' dir='ltr'>et</span> <span class='ocrx_word' id='word_1_530' title='bbox 995 4448 1202 4517; x_wconf 89' lang='lat' dir='ltr'>comparatum</span> <span class='ocrx_word' id='word_1_531' title='bbox 1222 4433 1276 4519; x_wconf 87' lang='grc' dir='ltr'>Ἰ,,</span> <span class='ocrx_word' id='word_1_532' title='bbox 1305 4439 1353 4499; x_wconf 87' lang='lat' dir='ltr'>vel</span> <span class='ocrx_word' id='word_1_533' title='bbox 1379 4434 1412 4520; x_wconf 82' lang='grc' dir='ltr'>Ἰ,</span> <span class='ocrx_word' id='word_1_534' title='bbox 1440 4460 1596 4520; x_wconf 88' lang='lat' dir='ltr'>cumpro-</span> 
     </span>
     <span class='ocr_line' id='line_1_48' title="bbox 236 4520 1594 4608; baseline 0.004 -22"><span class='ocrx_word' id='word_1_535' title='bbox 236 4525 316 4588; x_wconf 82' lang='lat' dir='ltr'>ximo</span> <span class='ocrx_word' id='word_1_536' title='bbox 347 4520 401 4602; x_wconf 83' lang='grc' dir='ltr'>Ἰ,,</span> <span class='ocrx_word' id='word_1_537' title='bbox 426 4528 473 4587; x_wconf 87' lang='lat' dir='ltr'>vel</span> <span class='ocrx_word' id='word_1_538' title='bbox 504 4522 555 4607; x_wconf 86' lang='grc' dir='ltr'>Ἰ,,</span> <span class='ocrx_word' id='word_1_539' title='bbox 585 4547 650 4586; x_wconf 89' lang='lat' dir='ltr'>cum</span> <span class='ocrx_word' id='word_1_540' title='bbox 682 4523 748 4606; x_wconf 74' lang='grc' dir='ltr'>1Ἰ,,</span> <span class='ocrx_word' id='word_1_541' title='bbox 779 4548 808 4606; x_wconf 73' lang='lat' dir='ltr'>p</span> <span class='ocrx_word' id='word_1_542' title='bbox 803 4527 877 4606; x_wconf 86' lang='lat' dir='ltr'>gnrt</span> <span class='ocrx_word' id='word_1_543' title='bbox 905 4521 976 4608; x_wconf 86' lang='grc' dir='ltr'>Ἰ,,,</span> <span class='ocrx_word' id='word_1_544' title='bbox 1002 4535 1034 4587; x_wconf 89' lang='lat' dir='ltr'>ut</span> <span class='ocrx_word' id='word_1_545' title='bbox 1058 4528 1195 4600; x_wconf 81' lang='lat' dir='ltr'>interd</span> <span class='ocrx_word' id='word_1_546' title='bbox 1221 4548 1253 4601; x_wconf 92' lang='lat' dir='ltr'>e,</span> <span class='ocrx_word' id='word_1_547' title='bbox 1281 4528 1400 4602; x_wconf 65' lang='lat' dir='ltr'>tetre,</span> <span class='ocrx_word' id='word_1_548' title='bbox 1425 4529 1478 4591; x_wconf 90' lang='lat' dir='ltr'>mi</span> <span class='ocrx_word' id='word_1_549' title='bbox 1524 4529 1594 4591; x_wconf 86' lang='lat' dir='ltr'>Jam</span> 
     </span>
     <span class='ocr_line' id='line_1_49' title="bbox 238 4612 1595 4710; baseline 0.005 -38"><span class='ocrx_word' id='word_1_550' title='bbox 238 4612 329 4693; x_wconf 83' lang='lat' dir='ltr'>igitur</span> <span class='ocrx_word' id='word_1_551' title='bbox 353 4627 419 4676; x_wconf 89' lang='lat' dir='ltr'>tota</span> <span class='ocrx_word' id='word_1_552' title='bbox 442 4624 552 4676; x_wconf 85' lang='lat' dir='ltr'>octava</span> <span class='ocrx_word' id='word_1_553' title='bbox 576 4616 662 4676; x_wconf 89' lang='lat' dir='ltr'>nobis</span> <span class='ocrx_word' id='word_1_554' title='bbox 686 4636 753 4710; x_wconf 88' lang='lat' dir='ltr'>per</span> <span class='ocrx_word' id='word_1_555' title='bbox 762 4617 884 4695; x_wconf 82' lang='lat' dir='ltr'>gradus,</span> <span class='ocrx_word' id='word_1_556' title='bbox 908 4635 962 4693; x_wconf 80' lang='lat' dir='ltr'>per</span> <span class='ocrx_word' id='word_1_557' title='bbox 986 4634 1060 4693; x_wconf 90' lang='lat' dir='ltr'>qnos</span> <span class='ocrx_word' id='word_1_558' title='bbox 1084 4616 1296 4677; x_wconf 84' lang='lat' dir='ltr'>naturadocet</span> <span class='ocrx_word' id='word_1_559' title='bbox 1319 4618 1525 4695; x_wconf 86' lang='lat' dir='ltr'>canendoire‚</span> <span class='ocrx_word' id='word_1_560' title='bbox 1549 4627 1595 4679; x_wconf 86' lang='lat' dir='ltr'>est</span> 
     </span>
     <span class='ocr_line' id='line_1_50' title="bbox 239 4669 1595 4787; baseline 0.006 -27"><span class='ocrx_word' id='word_1_561' title='bbox 239 4702 348 4765; x_wconf 87' lang='lat' dir='ltr'>divisa.</span> <span class='ocrx_word' id='word_1_562' title='bbox 394 4706 474 4768; x_wconf 88' lang='lat' dir='ltr'>Nam</span> <span class='ocrx_word' id='word_1_563' title='bbox 498 4705 556 4765; x_wconf 84' lang='lat' dir='ltr'>etsi</span> <span class='ocrx_word' id='word_1_564' title='bbox 580 4704 710 4766; x_wconf 90' lang='lat' dir='ltr'>nondum</span> <span class='ocrx_word' id='word_1_565' title='bbox 735 4693 853 4785; x_wconf 80' lang='lat' dir='ltr'>quidem</span> <span class='ocrx_word' id='word_1_566' title='bbox 877 4723 967 4764; x_wconf 85' lang='lat' dir='ltr'>voces</span> <span class='ocrx_word' id='word_1_567' title='bbox 990 4705 1045 4779; x_wconf 91' lang='lat' dir='ltr'>mi,</span> <span class='ocrx_word' id='word_1_568' title='bbox 1079 4705 1158 4766; x_wconf 86' lang='lat' dir='ltr'>inter</span> <span class='ocrx_word' id='word_1_569' title='bbox 1181 4725 1228 4777; x_wconf 84' lang='lat' dir='ltr'>re,</span> <span class='ocrx_word' id='word_1_570' title='bbox 1263 4707 1295 4766; x_wconf 86' lang='lat' dir='ltr'>fa</span> <span class='ocrx_word' id='word_1_571' title='bbox 1317 4713 1389 4767; x_wconf 88' lang='lat' dir='ltr'>sunt</span> <span class='ocrx_word' id='word_1_572' title='bbox 1417 4669 1595 4787; x_wconf 81' lang='lat' dir='ltr'>desigdatae</span> 
     </span>
     <span class='ocr_line' id='line_1_51' title="bbox 237 4787 1596 4874; baseline 0.004 -23"><span class='ocrx_word' id='word_1_573' title='bbox 237 4787 269 4851; x_wconf 91' lang='lat' dir='ltr'>iu</span> <span class='ocrx_word' id='word_1_574' title='bbox 283 4791 425 4874; x_wconf 83' lang='lat' dir='ltr'>hymno</span> <span class='ocrx_word' id='word_1_575' title='bbox 419 4793 509 4873; x_wconf 87' lang='lat' dir='ltr'>qnid</span> <span class='ocrx_word' id='word_1_576' title='bbox 534 4791 680 4856; x_wconf 88' lang='lat' dir='ltr'>vidisti</span> <span class='ocrx_word' id='word_1_577' title='bbox 672 4795 725 4854; x_wconf 83' lang='lat' dir='ltr'>rn“</span> <span class='ocrx_word' id='word_1_578' title='bbox 729 4803 863 4869; x_wconf 86' lang='lat' dir='ltr'>,tamon</span> <span class='ocrx_word' id='word_1_579' title='bbox 887 4794 1025 4871; x_wconf 87' lang='lat' dir='ltr'>exemplo</span> <span class='ocrx_word' id='word_1_580' title='bbox 1051 4794 1287 4874; x_wconf 86' lang='lat' dir='ltr'>asnperioribus</span> <span class='ocrx_word' id='word_1_581' title='bbox 1307 4793 1480 4857; x_wconf 83' lang='lat' dir='ltr'>intervallis</span> <span class='ocrx_word' id='word_1_582' title='bbox 1495 4797 1596 4870; x_wconf 89' lang='lat' dir='ltr'>ducto,</span> 
     </span>
    </p>
   </div>
   <div class='ocr_carea' id='block_1_3' title="bbox 0 0 1688 5482">
    <p class='ocr_par' dir='ltr' id='par_1_3' title="bbox 0 0 1688 5482">
     <span class='ocr_line' id='line_1_52' title="bbox 0 0 1688 5482; baseline 0 1"><span class='ocrx_word' id='word_1_583' title='bbox 0 0 1688 5482; x_wconf 95' lang='lat' dir='ltr'> </span> 
     </span>
    </p>
   </div>
  </div>
 </body>
</html>
