3366 5482
747 314 836 358 souma
854 309 951 359 Ursum.
1039 360 1045 369 ,
1462 308 1527 375 259

164 462 257 522 elficit
279 461 373 524 insito
395 465 542 544 principio
562 466 675 539 'activo
700 467 753 527 sed
778 468 893 546 rapitur
917 489 936 530 a
959 468 1025 529 tisis
1045 464 1087 529 24
1112 468 1208 541 horis;
1232 468 1278 529 ita
1300 468 1397 547 prima
1419 469 1450 543 lt
1473 490 1526 532 ra-

163 550 244 630 pitur
267 571 286 612 a
309 552 408 630 prima
429 549 465 629 ii,
491 572 584 634 eoque
608 555 745 617 ordinate
770 574 889 635 semper
916 557 1063 618 inferioris
1087 558 1184 636 prima
1207 577 1226 617 a
1249 558 1344 635 prima
1366 559 1527 637 superioris

164 657 257 720 usque
280 640 321 701 ad
340 641 468 702 Lunam.
515 643 609 705 Porro
640 662 716 723 quae
748 644 794 706 hio
820 647 1037 707 Fracastorsus
1067 646 1284 724 interpretandi
1313 666 1405 713 causa
1428 648 1528 720 affert,

164 748 199 788 ea
222 728 250 789 si
273 746 341 791 eum
365 730 422 791 hae
445 731 695 812 interpretatione
721 734 921 808 conferantur,
948 753 1002 813 per
1026 755 1058 795 se
1074 753 1183 795 casura
1197 743 1279 812 puto.
1328 735 1441 796 Verum
1459 737 1529 814 ipsa

117 869 123 881 .
164 817 345 880 Aristotelis
368 819 443 881 haec
466 822 545 883 ratio
569 822 772 882 constituendi
797 823 947 884 coelestes
971 825 1060 884 orbes
1084 843 1142 884 non
1158 831 1274 884 tautum
1294 823 1322 883 iu
1343 826 1529 885 astronomia

165 907 297 982 ridetur,
322 909 376 968 sed
400 927 496 988 neque
521 910 708 971 naturalibus
733 911 862 992 undique.
886 912 1052 973 rationibus
1080 923 1129 973 est
1152 921 1367 972 consentanea.
1405 913 1527 986 Primo,

165 995 242 1075 quud
270 996 336 1058 siue
360 997 531 1059 discrimine
547 1000 731 1079 superiorum
747 1009 845 1061 motus
860 1001 888 1061 in
905 1001 1062 1062 inferiores
1078 1001 1208 1061 derivari
1228 1001 1348 1073 asserit,
1375 1009 1406 1060 et
1426 1021 1527 1080 eorum

165 1085 212 1164 qui
236 1086 462 1165 amplectuntur
485 1088 653 1163 inferiores,
678 1096 710 1148 et
734 1089 782 1168 qui
798 1109 855 1149 non
871 1090 1100 1169 amplectuntur,
1127 1089 1253 1169 epioyeli
1280 1089 1362 1155 dieti.
1410 1092 1528 1151 Deinde

165 1174 253 1253 quud,
278 1192 347 1236 eum
366 1195 403 1234 ex
417 1177 589 1256 promiscua
612 1196 728 1238 summa
751 1178 867 1239 orbium
883 1179 1042 1240 concludat
1059 1180 1243 1240 Aristoteles
1263 1178 1420 1256 aequalem
1442 1199 1527 1240 surn-

164 1282 242 1324 mam
267 1264 537 1343 intelligentiarum
561 1267 737 1337 motricium,
764 1277 880 1345 septem
904 1276 1004 1327 tamen
1030 1288 1046 1328 e
1070 1287 1208 1342 numero,
1232 1266 1282 1346 qui
1305 1267 1393 1345 primi
1418 1268 1527 1328 stella-

165 1370 226 1413 mm
259 1353 414 1428 dicuntur,
445 1364 528 1416 motu
558 1363 673 1416 carent.
725 1352 805 1424 Quid
834 1354 927 1433 igitur
954 1357 1015 1416 illis
1046 1375 1121 1435 opus
1149 1355 1351 1433 intelligentia
1382 1355 1527 1417 motrioe?

165 1441 219 1502 uisi
244 1441 325 1504 torta
348 1443 481 1522 passiva,
506 1444 590 1522 cujus
615 1444 645 1504 vi
669 1444 872 1505 obedientiam
893 1454 1053 1523 praestent
1077 1445 1221 1524 superiori
1245 1444 1378 1505 trahenti
1402 1445 1527 1524 ejusque

165 1538 268 1591 nutum
292 1531 371 1592 ultro
394 1540 568 1612 sequautur.
604 1533 707 1594 'l’ertio
732 1552 814 1607 oum,
840 1542 873 1593 ut
896 1534 1007 1594 dietum
1032 1543 1094 1605 est,
1123 1544 1239 1612 septem
1264 1551 1421 1594 enumero
1445 1541 1527 1595 motu

165 1628 298 1696 caream,
325 1639 377 1681 our
399 1640 456 1682 uon
482 1622 577 1683 vitem
593 1622 782 1683 restituentis
798 1623 953 1702 quaelibet
968 1623 1089 1701 supplet
1113 1631 1144 1683 et
1168 1623 1212 1683 ita
1228 1641 1312 1683 suam
1332 1621 1400 1700 ipsa
1414 1623 1528 1701 sphae-

166 1726 227 1769 ram
250 1707 292 1769 ab
315 1709 376 1770 ima
398 1710 559 1790 superioris
583 1711 714 1771 motione
738 1711 867 1772 liberat?
912 1711 978 1773 Nisi
1000 1711 1077 1772 forte
1093 1712 1242 1772 servanda
1257 1711 1427 1788 aequalitas
1452 1711 1529 1772 inter
1641 1711 1643 1714 ’

164 1797 290 1876 primam
317 1796 440 1861 Saturni
469 1806 501 1860 et
523 1799 637 1878 primas
661 1799 842 1880 reliquorum
866 1800 1070 1879 planetarum,
1101 1810 1148 1875 ut,
1178 1800 1249 1880 quia
1278 1799 1331 1860 illa
1359 1800 1415 1862 hoo
1436 1800 1529 1861 otium

167 1895 213 1948 est
234 1888 417 1958 nectabere
441 1906 557 1969 quoque
583 1889 687 1949 eodem
711 1888 870 1968 privilegio
893 1889 1055 1968 gaudeant.

252 1975 317 2038 Sed
339 1986 533 2057 pertexamus
557 1978 736 2039 Aristotelis
760 1977 947 2038 orationem:
972 1997 1060 2051 „enm
1083 1977 1174 2056 igitur
1200 1976 1358 2037 ferentium
1378 1977 1527 2055 sphaera·

167 2082 227 2126 mm
251 2064 333 2126 aliae
357 2065 500 2143 8„aliue
523 2063 565 2128 24
590 2066 672 2127 siut“
697 2067 741 2139 (iu
766 2065 837 2127 aliis
862 2066 1083 2146 exemplaribus
1109 2066 1219 2145 legitur
1238 2063 1307 2138 25).
1336 2063 1435 2126 ·Octo
1459 2066 1528 2145 qui-

168 2155 231 2215 dem
261 2162 333 2216 sunt
357 2153 480 2217 Saturni
509 2163 541 2215 et
562 2155 664 2229 Jovis,
700 2156 884 2234 singulomm
904 2152 936 2217 4.
983 2155 1176 2234 Reliquorum
1205 2153 1230 2213 si
1262 2153 1400 2233 quilibet,
1436 2155 1529 2216 etiam

143 2316 146 2321 Ι
169 2239 205 2320 Q
229 2251 263 2305 et
289 2246 335 2318 K,
359 2244 521 2305 seeundum
544 2252 675 2305 mentem
691 2244 881 2305 Fracastorei
906 2243 1020 2305 habent
1044 2241 1080 2315 5,
1105 2263 1220 2304 summa
1244 2243 1362 2322 quidem
1387 2241 1429 2303 25
1454 2262 1528 2304 con-

169 2333 264 2393 llatur.
315 2333 432 2394 Vereor
454 2333 548 2411 igitur
575 2341 608 2392 ut
631 2334 706 2394 haee
731 2332 876 2394 eorrectio
902 2329 943 2395 25
968 2352 1021 2417 pro
1046 2329 1089 2394 24
1113 2333 1154 2393 sit
1177 2332 1379 2392 l‘raeastorei.
1427 2330 1461 2393 Si
1487 2329 1528 2409 Q

168 2428 196 2482 et
216 2422 243 2493 D
272 2429 436 2501 quaternas
460 2431 578 2483 tantum
603 2422 725 2493 habent,
749 2441 866 2483 summa
887 2421 1086 2501 posteriorum
1111 2422 1169 2482 erit
1192 2418 1244 2495 23,
1270 2440 1327 2481 uon
1354 2416 1406 2481 25.

230 2510 328 2584 Vide,
362 2530 400 2571 an
430 2529 488 2573 uun
520 2510 564 2571 sio
592 2511 835 2590 intelligendum:
869 2511 969 2584 „aliae
997 2511 1103 2584 oeto‚“
1137 2511 1155 2570 i.
1189 2529 1215 2570 e.
1241 2508 1322 2570 Solis
1351 2518 1383 2570 ot
1412 2509 1528 2584 Lunae,

168 2599 265 2672 „aliae
286 2595 364 2673 23,“
387 2599 406 2659 i.
432 2619 458 2660 e.
483 2600 663 2679 reliquorum
687 2598 717 2662 5.
765 2600 807 2661 Ut
830 2599 874 2659 ita
898 2600 939 2660 sit
957 2598 1125 2660 evidentior
1145 2618 1238 2660 eausa
1262 2598 1350 2676 hujus
1372 2597 1528 2660 divisionis
1557 2673 1560 2679 .

169 2689 195 2748 in
217 2683 240 2750 8
266 2695 300 2748 et
323 2685 377 2750 23.

256 2776 324 2852 „Et
355 2776 461 2838 harum
487 2796 546 2837 nou
576 2795 700 2837 neeesse
732 2785 780 2837 est
810 2776 922 2837 habere
951 2777 1160 2837 restituentem
1196 2774 1290 2834 solam
1319 2774 1416 2848 illam,
1451 2793 1527 2855 quae

167 2875 279 2927 astrum
303 2865 439 2926 ultimum
465 2864 556 2927 lert.“
600 2865 713 2926 Omnes
739 2862 759 2926 6
783 2864 967 2944 superiores,
1002 2866 1047 2924 sui
1077 2863 1189 2924 ordinis
1217 2863 1309 2936 imae,
1343 2883 1418 2942 quae
1444 2873 1530 2926 astra

167 2971 218 3016 sus
240 2955 354 3029 ferunt,
370 2954 493 3016 >habeut
515 2955 571 3015 sub
595 2974 628 3014 se
652 2954 858 3025 restituentes,
886 2953 956 3032 quia
970 2952 1083 3013 habent
1107 2963 1138 3012 et
1161 2952 1270 3012 subse
1295 2952 1376 3011 aliud
1402 2962 1527 3014 astrum.

167 3040 237 3106 Sola
253 3044 369 3117 Lunae,
393 3043 490 3104 ultimi
514 3043 599 3118 astri,
625 3044 725 3125 ferens
750 3051 781 3102 et
804 3043 864 3103 ima
887 3059 945 3102 non
970 3041 1063 3102 habet
1088 3041 1190 3101 subse
1212 3040 1431 3114 restituentem,
1458 3041 1529 3120 quia

167 3133 277 3195 nullum
301 3139 417 3193 astrum
441 3131 584 3211 seqnitur,
610 3132 695 3210 enjus
718 3131 816 3210 prima
839 3131 1025 3191 restituatur.
1073 3129 1332 3204 „Restitnentium
1366 3126 1528 3209 quidemd

167 3230 251 3283 erunt
274 3221 401 3282 duomm
423 3220 619 3301 primorum.“
665 3221 744 3281 Nam
769 3218 914 3299 Calippus
939 3217 1070 3280 Saturno
1094 3214 1115 3279 4
1139 3218 1275 3292 dederat,
1299 3218 1426 3278 totidem
1446 3218 1526 3291 Jovi,

166 3310 269 3388 primis
293 3310 438 3390 planetis.
485 3311 672 3371 Aristoteles
702 3309 786 3369 addit
810 3311 947 3388 utrinque
976 3309 1116 3381 totidem,
1148 3326 1206 3367 uuo
1229 3307 1340 3376 miuus,
1374 3315 1408 3367 ut
1436 3326 1527 3387 supra

168 3399 413 3461 denunciaverat.
461 3397 540 3460 Sunt
568 3399 669 3478 itaque
698 3398 745 3458 bis
775 3406 851 3471 tres,
887 3416 961 3477 quos
990 3397 1089 3470 addit,
1124 3415 1165 3457 so.
1192 3392 1221 3458 6.
1269 3396 1430 3469 „Sedecim
1455 3414 1525 3456 vero

165 3487 364 3566 posteriorum
386 3485 440 3550 d.“
486 3487 565 3549 Nam
587 3486 732 3548 Eudoxus
757 3488 850 3548 dabat
873 3495 915 3555 d,
941 3488 975 3562 ζξ,
1002 3486 1044 3559 Ω,
1070 3484 1130 3562 Q:
1156 3485 1190 3561 5,
1215 3484 1252 3559 5,
1280 3484 1313 3557 5,
1339 3481 1375 3557 4;
1400 3486 1525 3546 Aristo-

165 3578 238 3640 teles
267 3576 357 3638 addit
385 3576 527 3650 totidem,
562 3594 681 3655 semper
709 3595 768 3636 uno
796 3575 909 3648 minus,
945 3594 988 3635 so.
1014 3573 1052 3649 4,
1082 3573 1116 3648 4,
1141 3571 1177 3647 4,
1203 3572 1236 3648 3,
1271 3574 1349 3653 quod
1378 3593 1523 3636 summam

166 3665 235 3733 fruit
262 3663 314 3728 15.
363 3664 417 3726 Sin
442 3675 543 3726 sutem
567 3674 598 3725 et
623 3663 663 3741 Q
688 3666 851 3725 secundum
875 3665 1066 3725 Fracastorei
1089 3674 1219 3725 mentem
1243 3663 1355 3722 habeat
1378 3661 1397 3725 5
1423 3665 1524 3724 feren·
1589 3677 1593 3682 ’
1655 3647 1657 3651 ’

165 3760 222 3830 tes,
251 3754 380 3816 habebit
408 3762 440 3815 et
463 3750 484 3815 4
507 3754 722 3826 restituentes,
754 3754 868 3831 eritque
898 3771 1015 3813 summa
1039 3770 1113 3813 sane
1143 3750 1191 3813 16.
1241 3749 1363 3825 „Quare
1393 3753 1524 3813 omnium

166 3861 302 3907 uumerus
336 3853 368 3904 et
403 3842 562 3904 ferentium
597 3851 629 3903 et
664 3842 887 3903 restituentium
920 3842 979 3902 erit
1007 3840 1086 3915 55;“
1122 3841 1269 3919 siquidem
1310 3839 1370 3900 illie
1407 3842 1522 3901 Fraea-

166 3940 261 3996 storeo
292 3932 434 4012 largiaris
464 3928 500 4007 8,
530 3929 592 4004 253
626 3931 674 3992 hie
703 3927 738 4004 6,
773 3928 821 3993 16.
870 3933 914 3991 At
942 3929 968 3990 si
996 3927 1030 4003 8,
1062 3927 1103 3991 23
1137 3938 1169 3989 et
1197 3926 1231 4002 6,
1264 3927 1303 3988 15
1332 3930 1520 4008 colligamus,
1567 3955 1569 3960 ·

166 4038 308 4084 mmmsm
331 4020 522 4092 coufieiemus
546 4017 597 4082 52.
641 4094 647 4103 ἱ

155 4125 156 4128 ’
248 4109 306 4186 „si
330 4127 401 4170 vero
416 4108 482 4171 Soli
505 4117 538 4169 et
551 4108 656 4168 Lunae
680 4125 737 4166 non
759 4106 911 4167 addiderit
929 4105 1006 4185 quis,
1031 4125 1104 4186 quos
1122 4104 1260 4180 diximus,
1285 4112 1384 4167 motus
1408 4125 1521 4182 omues,

165 4199 309 4278 sphaerae
332 4204 421 4258 eruut
442 4195 517 4260 492⁴
565 4195 637 4258 Sive
668 4196 747 4256 euim
772 4195 917 4273 Calippus
942 4196 1026 4256 binos
1056 4195 1219 4269 addiderit,
1249 4197 1360 4255 eadent
1381 4196 1477 4275 primo
1501 4192 1522 4257 4

166 4285 302 4362 ferentes,
329 4286 397 4347 dein
422 4284 443 4347 2
468 4286 664 4348 restituentes
689 4283 779 4358 Solis,
805 4280 914 4363 quia2
939 4284 1003 4361 ejus
1028 4286 1159 4343 serentes
1183 4284 1329 4345 cecidere.
1377 4283 1438 4346 Sex
1462 4284 1521 4362 igi-

164 4382 206 4438 tur
229 4377 257 4439 si
280 4376 406 4438 auferas
428 4396 447 4436 a
466 4373 523 4444 55,
551 4381 674 4435 restant
696 4368 749 4435 49.
796 4372 909 4452 Aliqua
941 4382 1040 4432 tamen
1065 4362 1256 4450 exemplaria
1276 4373 1390 4433 habeut
1414 4374 1521 4434 vitiose
1572 4445 1574 4449 ,

164 4459 221 4543 t⁷;
256 4465 322 4527 sive
347 4464 458 4543 singuli
483 4463 644 4542 aCalippo
668 4462 731 4523 siut
749 4460 854 4535 additi,
879 4461 990 4521 eadent
1013 4460 1107 4539 primo
1132 4459 1309 4533 2l'erentes,
1334 4480 1393 4522 uua
1407 4463 1520 4532 Lunae,

163 4552 259 4617 dress
281 4551 376 4628 Sulis,
400 4553 528 4632 indeque
552 4553 618 4630 ejus
642 4570 701 4611 una
724 4549 888 4611 restituens
896 4568 905 4623 ;
930 4546 1056 4627 quure3
1076 4550 1113 4609 de
1129 4547 1170 4611 52
1195 4549 1326 4623 ablatae,
1351 4549 1522 4629 relinquunt

162 4639 268 4706 iterum
292 4637 347 4706 49.
393 4641 505 4704 Nescio
537 4639 606 4721 quid
638 4639 765 4701 monstri
793 4638 868 4699 dant
895 4638 1028 4698 affectati
1057 4637 1184 4711 numeri,
1218 4637 1243 4698 si
1272 4647 1373 4698 tamen
1401 4637 1519 4716 genuini

162 4726 253 4794 suut:
285 4737 337 4793 est
358 4728 466 4792 binarii
488 4729 583 4793 tubus
606 4724 641 4801 8,
667 4746 807 4790 uumerus
830 4726 989 4789 ferentium
1011 4722 1032 4805 ii
1056 4735 1090 4787 et
1110 4725 1159 4800 ll;
1184 4733 1233 4787 est
1256 4725 1363 4786 binarii
1387 4725 1520 4805 quadra·

158 4824 223 4884 th
244 4806 450 4898 &autumus
472 4818 632 4894 stellarum
653 4825 726 4897 post
746 4816 823 4878 duae
846 4815 926 4891 illas,
950 4832 1029 4895 quae
1043 4815 1240 4879 restituentes
1263 4813 1319 4875 sub
1338 4832 1372 4876 se
1389 4814 1519 4891 habena
