3366 5482
614 215 697 284 ⁰⁸r⁸t
713 217 807 270 mll-
826 217 892 271 m
1373 206 1439 288 ι169

73 384 189 434 tucrunt
210 396 273 435 esse
295 377 435 450 conjuncti
455 379 484 434 in
506 379 559 434 hoc
582 376 736 451 archetypo
759 381 859 435 mundi.
902 381 995 435 Causa
1023 381 1098 436 dicta
1120 387 1166 436 cst
1187 382 1216 437 in
1239 383 1438 454 superioribus.

73 461 192 514 Nimium
207 461 279 515 enim
293 461 469 515 considerent
483 462 579 514 orbes:
600 461 700 515 flerent
722 462 842 529 majores
866 462 1133 531 prosthaphaereses
1158 463 1232 516 orbis
1247 464 1342 536 magni
1365 467 1440 534 apud

73 541 208 612 singulos,
230 547 350 612 quantos
364 558 419 594 non
432 541 620 595 observamus.
662 543 738 611 Ergo
762 542 815 595 fuit
827 541 1027 609 respiciendum
1049 545 1083 596 ad
1099 542 1247 597 distantias
1262 545 1438 613 planetarum

74 621 170 676 aSole
185 639 239 675 uon
253 620 411 683 mediocres,
434 623 482 674 sed
497 621 638 690 apheliam
660 638 753 675 eorum
776 621 914 676 interioris
933 629 963 676 et
980 622 1144 692 periheliam
1164 623 1320 687 exterioris,
1345 624 1438 689 idest,

74 703 109 756 ad
122 701 347 756 eccentricitates
362 701 548 771 planetarum,
571 718 642 772 quae
666 701 814 756 distantias
836 702 976 771 apheliam
990 710 1020 756 et
1033 702 1197 771 perihcliam
1212 704 1341 759 formant.
1386 708 1438 759 At·

73 781 118 853 qui
133 781 174 835 sic
189 783 223 836 ad
238 781 347 836 incerta
359 780 559 851 respiciebam:
582 782 700 834 nondum
724 782 796 835 enim
811 789 873 835 erat
887 783 1001 854 cognita
1023 783 1258 838 eccentricitatum
1274 801 1368 848 causa,
1391 802 1440 839 cur

72 867 156 916 tauta
171 867 248 935 esset
261 878 347 931 penes
362 861 487 932 singulos
502 862 633 931 planetas
648 862 853 922 eccentricitas;
875 879 923 915 cur
938 871 1019 916 tanta
1039 863 1206 924 differentia;
1230 881 1277 916 our
1291 865 1437 927 Saturnus,

70 941 185 1012 Jupiter
198 941 347 995 mediocres
368 941 513 1004 habereut,
529 942 613 1003 Mars,
628 943 780 995 Mercurius
795 943 937 1006 maximas,
954 944 1056 1005 Tellus.
1073 944 1167 996 Venus
1181 942 1315 997 minimas.
1358 942 1439 1015 l‘gno·

69 1029 138 1076 rata
151 1038 245 1086 causa,
271 1021 456 1092 quantitatem
479 1020 602 1092 ignorari
627 1039 739 1075 necesse
763 1030 825 1077 erut
847 1040 865 1076 a
884 1023 978 1091 priori.
1005 1023 1166 1076 remittebar
1189 1024 1225 1076 ad
1240 1024 1327 1077 nudas
1344 1025 1439 1078 obser·

69 1102 211 1157 rationes.

153 1178 185 1250 d)
206 1182 252 1236 lta
259 1179 368 1252 quidem
382 1186 461 1234 tenet
473 1181 650 1235 Ptolemaeus
672 1188 701 1235 et
715 1199 751 1234 ex
765 1181 815 1234 illo
831 1181 1007 1252 Copernicus.
1044 1182 1092 1236 Sol
1106 1181 1178 1236 enim
1194 1179 1254 1248 (seu
1269 1179 1367 1245 Terra)
1384 1199 1438 1244 nou

64 1268 186 1318 tantum
206 1262 333 1332 epioyclo
357 1268 448 1324 caret,
484 1264 531 1314 sed
554 1262 638 1315 etiam
663 1269 809 1332 aequante,
845 1269 876 1315 ut
899 1264 940 1316 illi
963 1264 1122 1332 putabant..
1166 1266 1205 1314 At
1227 1266 1375 1317 secuudum
1397 1262 1438 1317 rei

61 1343 223 1397 veritatem
242 1342 271 1396 in
292 1349 368 1396 motu
390 1342 439 1395 illo
459 1342 651 1396 translationis
672 1342 745 1395 eirca
758 1341 850 1395 Solem
872 1343 967 1396 similis
990 1350 1034 1396 est
1048 1344 1136 1396 Terra
1157 1342 1304 1414 unicuique
1318 1344 1439 1414 reliquo·

59 1441 132 1480 rum
146 1424 327 1493 planetarum
349 1421 377 1474 in
392 1422 529 1483 omnibus;
554 1429 586 1475 ut
609 1425 828 1483 demonstratum
853 1431 897 1477 est
918 1440 936 1476 a
950 1441 992 1477 me
1017 1423 1044 1475 in
1059 1424 1209 1476 Comment.
1224 1424 1331 1487 Martis,
1356 1429 1439 1494 parte

59 1503 171 1567 tertia,
195 1509 226 1557 ct
247 1501 324 1571 Epit.
345 1505 423 1556 Astr.
447 1502 494 1555 lib.
520 1502 580 1555 VlI.

155 1578 184 1648 c)
207 1582 260 1637 Hic
275 1581 349 1635 orbis
362 1581 523 1635 Ptolemaeo
538 1582 645 1643 Solis,
669 1581 820 1651 Copernico
836 1583 979 1646 Terrae,
1001 1581 1156 1637 Protenicis
1177 1598 1316 1636 annuus
1339 1581 1438 1636 dictus.

154 1660 179 1727 f)
203 1664 280 1716 Haec
295 1661 439 1732 Copernici
454 1663 568 1733 querela
590 1661 760 1731 potissimum
776 1662 893 1732 attingit
913 1663 977 1715 loca
991 1679 1178 1734 apogueorum
1196 1660 1278 1732 (quae
1293 1661 1355 1715 loca
1371 1659 1439 1716 nihil

59 1743 200 1800 attinent
212 1743 265 1808 hoc
279 1741 421 1814 negotium
436 1742 621 1812 proportionis
636 1740 767 1806 orbium);
791 1759 843 1795 non
859 1743 954 1795 eadem
970 1750 1014 1796 est
1028 1746 1061 1796 de
1076 1742 1339 1796 eccentricitatibus.
1381 1741 1438 1794 lta·

56 1841 128 1896 qne
148 1841 203 1878 non
226 1823 317 1894 pejus,
342 1823 389 1875 sed
413 1822 510 1875 melius
534 1822 641 1876 hahent
664 1822 741 1892 ipsae
765 1822 870 1876 orbium
894 1822 1095 1892 spissitudines.
1426 1893 1428 1897 Ι

155 1897 190 1976 g)
214 1901 366 1956 Audaciam
389 1920 453 1954 ecce
477 1902 639 1971 sponsionis,
665 1903 804 1956 suffultam
829 1902 992 1957 difficultate
1017 1901 1179 1957 conditionis
1200 1901 1245 1955 hic
1269 1900 1438 1971 propositae.

53 1983 146 2038 Vide
169 1990 262 2037 tamen
284 1989 314 2036 et
336 1982 512 2036 felicitatem:
537 1984 704 2052 exploratae
719 1991 783 2036 sunt
807 1999 825 2036 a
839 2000 881 2050 me
897 1984 1069 2052 quantitates
1089 1982 1325 2036 eccentricitatum
1340 1998 1376 2035 ex
1391 1983 1439 2036 ob·

57 2063 280 2122 servationibus
295 2062 408 2125 Brabei,
423 2063 585 2133 patefactae
600 2064 627 2117 iu
642 2063 814 2117 Harmonicis
830 2079 931 2116 causae
946 2063 1183 2117 eccentricitatum
1197 2062 1385 2134 singularum:
1409 2066 1440 2114 et

58 2162 142 2201 ecoe
156 2145 313 2214 productos,
337 2161 392 2196 non
407 2143 513 2212 quidem
528 2144 645 2197 exsulis
662 2144 679 2197 5
694 2145 799 2215 figuris,
825 2145 873 2196 sed
899 2144 1070 2213 potissimum
1091 2162 1128 2197 ex
1143 2142 1232 2196 causis
1248 2141 1439 2196 eccentricita·

60 2236 136 2281 aum
163 2217 341 2291 (harmoniis)
365 2239 444 2277 arcus
469 2240 518 2292 per
543 2225 634 2277 omnia
657 2225 776 2278 motibus
800 2240 943 2300 consonos.

155 2300 188 2371 h)
210 2303 352 2358 Laudabis
376 2303 474 2372 opinor
497 2304 581 2357 etiam
605 2306 750 2374 puerulum
775 2304 927 2367 trimulum,
959 2310 1180 2373 praesumentem
1204 2303 1293 2356 animo
1316 2316 1440 2372 pugnam

66 2401 139 2438 cum
152 2384 323 2457 gigantibus.
359 2384 420 2436 Non
434 2382 506 2437 enim
521 2402 613 2438 omnes
629 2385 813 2439 astronomiae
833 2385 922 2447 naevi,
948 2384 1000 2437 imo
1024 2383 1134 2437 minima
1157 2383 1265 2437 illorum
1285 2398 1352 2451 pars
1376 2387 1441 2436 sunt

72 2482 120 2518 ex
140 2464 241 2519 vitiosis
265 2462 518 2517 eccentricitatibus
552 2465 731 2535 singulorum.
776 2468 818 2519 De
842 2465 913 2519 Solis
943 2467 987 2517 rel
1012 2466 1115 2517 Terrae
1143 2461 1348 2518 eccentricitate
1376 2467 1441 2531 post

78 2544 190 2598 dicetur.

159 2621 178 2683 i)
201 2623 287 2678 Nullo
302 2623 435 2692 equidem,
462 2641 495 2675 ne
510 2622 619 2676 minimo
634 2624 754 2695 quidem;
779 2625 912 2695 quianon
928 2624 1048 2677 formant
1068 2624 1157 2686 orbes,
1183 2640 1234 2675 nec
1248 2622 1441 2691 praescribunt

89 2708 167 2757 metas
181 2701 426 2758 eccentricitatum.
455 2702 508 2756 Sed
524 2704 571 2756 ubi
585 2703 661 2774 prius
676 2704 807 2758 inventae
823 2705 926 2759 fuerint
940 2703 1170 2766 eccentricitates,
1192 2709 1224 2756 ut
1236 2721 1269 2755 ro
1284 2698 1325 2757 ὅτι
1341 2720 1377 2756 ex
1392 2704 1439 2756 ob·

26 2814 29 2819 -
93 2783 282 2837 certationibus
297 2783 409 2846 Brahei,
430 2782 490 2852 jam
504 2783 620 2854 denique
644 2785 732 2838 locum
754 2785 841 2839 habet
864 2783 1003 2855 inquisitio
1022 2800 1168 2837 causarum
1191 2799 1238 2836 seu
1257 2800 1291 2839 rs
1310 2784 1386 2838 diors
1403 2800 1441 2837 ex

96 2860 131 2913 his
150 2864 263 2935 quinque
285 2862 384 2933 figuris
407 2870 438 2917 et
455 2862 562 2932 junctis
586 2864 809 2934 proportionibus
834 2864 1007 2920 harmonicis.

160 2940 189 3007 k)
212 2945 280 2998 Cum
293 2943 366 2996 eninr
389 2943 592 2997 harmoniarum
616 2945 653 2998 sit
673 2944 768 3015 aliqua
789 2946 877 3015 copia,
903 2945 1010 2997 electae
1035 2943 1147 2996 fuerunt
1169 2958 1219 3011 pro
1234 2941 1352 3012 singulis
1367 2940 1440 3012 bigis

101 3019 251 3084 planetarum
273 3022 439 3086 vicinonia»,
467 3040 539 3093 quae
562 3024 719 3094 quantitate
744 3042 825 3095 quam
850 3026 974 3095 proxime
996 3024 1195 3092 responderent
1216 3021 1440 3091 proportionibus

103 3097 176 3158 hurum
198 3104 317 3174 quinque
340 3105 500 3174 figurarum.

742 3269 847 3278 -.-.-·

632 3455 752 3555 Caput
778 3454 885 3529 XIX.

243 3618 300 3679 De
322 3615 519 3700 sinpnslorum
541 3619 575 3679 in
596 3618 700 3698 specie
718 3615 923 3697 planetarum
945 3617 1076 3679 residua
1099 3614 1272 3678 discordia.

173 3757 253 3830 ilaec
287 3760 379 3839 igitur
410 3760 440 3821 in
473 3779 583 3840 genere
618 3760 714 3832 fuere,
749 3777 825 3838 quae
859 3779 980 3821 causam
1010 3781 1106 3822 meum
1138 3757 1273 3822 relevare
1305 3763 1441 3833 possunt.

106 3838 169 3906 Nunc
197 3845 226 3910 in
251 3849 351 3928 specie
375 3849 546 3923 videamus,
582 3848 686 3928 ecquid
718 3847 854 3908 excusari
885 3849 1012 3928 amplius
1036 3850 1144 3930 possit.
1192 3844 1313 3906 Initium
1337 3863 1356 3902 a
1379 3839 1440 3904 Sa·

107 3936 170 3994 turno
191 3956 353 4000 sumamus.
401 3940 503 4019 Atque
532 3938 596 4017 ejus
628 3936 746 4018 quidem
770 3935 937 4013 ἀποςηματι
966 3959 1076 4019 magna
1105 3940 1187 4000 facta
1216 3940 1264 3994 est
1287 3931 1440 3993 accessio:

106 4021 143 4081 led
169 4044 240 4105 quae
274 4035 374 4088 tamen
405 4027 604 4088 differentiam
628 4026 940 4106 prosthaphaereseos
964 4037 1092 4089 causata
1125 4032 1173 4087 est
1205 4041 1263 4085 nou
1297 4021 1441 4099 maj0rem

106 4100 132 4167 41
157 4115 308 4196 scrupulis.
355 4116 435 4179 Nam
464 4118 543 4178 sicut
571 4114 678 4194 ingens
713 4115 777 4192 ejus
810 4115 959 4177 distantia
990 4116 1163 4177 facillimam
1192 4111 1285 4174 errori
1318 4127 1440 4172 causam

96 4201 207 4274 ‚praebet
229 4205 259 4266 in
284 4204 512 4268 observatione:
546 4205 590 4265 sic
615 4222 699 4265 error
722 4204 752 4264 iu
777 4204 925 4264 distantia
949 4206 1086 4285 quamvis
1109 4205 1278 4266 luculentus
1303 4198 1441 4278 exiguam

106 4288 126 4342 tl
143 4290 270 4371 opinione
294 4293 439 4356 minorem
463 4293 555 4355 eflicit
583 4293 612 4354 in
642 4296 904 4372 προσθαφαιρισει
928 4294 1146 4356 diversitatem.
1194 4291 1236 4352 Et
1259 4297 1360 4350 tamen
1384 4306 1439 4365 ne:

107 4387 145 4448 ‘lle
164 4379 245 4462 hujus
270 4382 377 4444 sideris
402 4392 499 4444 motus
525 4381 694 4443 certissime
719 4382 869 4442 dimensos
894 4403 961 4444 esse
977 4391 1176 4457 astronomos
1201 4377 1438 4457 vel-solaprae·
1498 4420 1500 4424 »

108 4463 177 4559 ltrita
196 4469 303 4553 hyeme
328 4491 450 4534 cernere
475 4480 551 4533 erat.
598 4470 677 4532 Nam
702 4470 749 4531 die
773 4468 804 4532 2.
834 4468 882 4532 12.
908 4471 1054 4533 Novemb.
1080 4491 1157 4533 anno
1185 4462 1268 4532 1594
1292 4463 1441 4526 Satumu‘s

107 4562 166 4618 usus
186 4568 233 4622 est
256 4568 364 4622 exacte
389 4560 467 4622 iuter
490 4558 638 4621 cervicem
661 4568 693 4620 ct
716 4579 767 4621 cor
790 4560 917 4632 Leonis,
949 4559 997 4620 ubi
1023 4580 1090 4620 esse
1115 4558 1259 4621 debebat'
1279 4553 1440 4615 secundum

107 4640 226 4718 calculum
250 4649 299 4710 die
323 4647 377 4712 21.
404 4645 454 4711 31.
482 4646 624 4711 Octobris
648 4648 824 4727 praeterita.
865 4649 1043 4709 Differentia
1067 4649 1146 4727 long.
1164 4644 1218 4709 37‘
1242 4644 1310 4724 plus
1332 4640 1439 4702 minus.

109 4719 174 4796 Quod
200 4737 226 4800 si
257 4738 335 4801 bauo
364 4736 566 4823 quantitatem
596 4757 653 4799 non
684 4738 810 4802 excedat
839 4738 902 4816 ejus
933 4735 1141 4817 aOopemico
1171 4730 1324 4797 discordia
1350 4748 1441 4808 apoc-
