3366 5482
244 287 311 367 322
386 299 397 321 ο
665 281 1179 347 meum-immamus·

244 448 302 523 lupa
323 441 506 507 littoralibus
528 440 702 507 nationibus
725 439 803 500 inter
825 439 969 518 angliam
992 448 1025 501 et
1048 435 1179 509 Daciam
1201 455 1357 507 murmure
1381 436 1487 503 aisn.
1533 435 1599 497 lta·

245 552 302 615 quo
324 552 420 594 cansa
440 530 575 609 proxima
595 549 611 590 e
634 528 711 589 mari
734 537 819 588 esset
840 527 981 605 petenda.
1030 523 1148 586 Guttae
1175 525 1357 604 sulphureae
1382 526 1478 587 etiam
1499 525 1548 586 liic
1570 525 1600 586 ia

140 666 144 675 .
245 618 395 685 &hemia
418 639 496 679 anno
512 614 566 680 99.
591 616 815 696 praecedebant
838 626 955 694 pestem
981 626 1013 675 et
1040 614 1251 694 dysenteriam.
1276 611 1421 694 ‚Sufficit
1447 630 1538 695 porra
1561 613 1601 687 ,ad

245 720 363 791 pestem
394 709 454 768 fere
488 717 519 767 et
543 705 664 766 humida
688 716 802 766 aestas.
848 703 948 764 Julius
978 703 1061 764 initio
1086 702 1164 781 apud
1188 720 1242 761 nos
1267 702 1400 777 calidus,
1433 700 1473 764 ab
1497 700 1601 777 ultimo

245 799 356 860 triente
379 796 468 874 paolo
492 793 702 865 turbulentior,
733 795 889 869 Angustus
913 811 984 852 sero
1014 810 1106 870 nsque
1131 791 1170 851 ad
1193 786 1246 851 20.
1271 790 1410 852 humidus
1440 797 1474 854 et
1495 790 1601 853 incoo-

246 885 464 949 stantissimus.
508 880 640 944 Causam
663 881 692 942 in
717 890 817 941 motus
842 880 866 945 Q
891 884 958 951 stt
981 881 1112 951 confero,
1136 888 1241 940 euntes
1265 898 1320 960 per
1342 889 1486 960 aspectus
1509 898 1602 967 supe-

248 976 357 1038 riorum
381 986 412 1034 et
436 973 464 1031 io
490 981 590 1031 mutuo
615 969 715 1031 sextili
740 979 898 1030 uersantes
922 969 971 1030 diu
996 969 1163 1028 admodum.

318 1093 554 1145 FabricinszP.
570 1092 596 1141 S.
615 1093 638 1141 d.
660 1090 701 1139 15.
716 1094 779 1157 Aug.
819 1091 880 1140 Cum
900 1100 998 1155 praeter
1016 1093 1154 1156 opinionem
1172 1090 1259 1141 literae
1277 1094 1369 1155 priores
1386 1091 1427 1143 hic
1445 1100 1603 1151 manassi,
1657 1102 1663 1113 ¹

247 1168 312 1218 volui
329 1167 476 1233 posterimes
494 1179 564 1214 mear
584 1165 748 1227 cogitationes
765 1164 886 1225 prioribus
906 1163 980 1224 adjus
1000 1177 1041 1211 ere
1060 1170 1086 1211 et
1105 1162 1169 1210 addo
1187 1161 1234 1210 lias
1252 1164 1427 1226 quaestiones:

319 1237 461 1297 Quaeritur,
481 1249 513 1284 au
534 1230 559 1296 ἓ
580 1227 659 1297 aas]
677 1235 808 1287 booorm.
837 1241 865 1282 ut
886 1233 903 1293 ii
925 1242 951 1283 et
1005 1235 1088 1287 ‚rint
1112 1233 1169 1281 boni
1187 1233 1225 1281 rel
1243 1232 1322 1281 mali?
1358 1235 1398 1282 An
1424 1233 1603 1297 planetae

248 1314 564 1372 temperamentum
588 1305 693 1353 hominis
716 1307 770 1353 uati
789 1299 1051 1353 constituant?
1082 1303 1136 1367 Ego
1154 1318 1227 1367 nego.
1264 1303 1332 1363 oure
1354 1305 1602 1370 &interroga-

248 1380 414 1445 tionibus
432 1386 458 1428 et
473 1377 573 1439 iudiciis
591 1377 620 1424 iis
639 1376 801 1427 innitentibus
819 1377 851 1423 sit
869 1374 1048 1425 mouendum?
1085 1374 1158 1425 llulti
1174 1375 1305 1437 plurimum
1329 1376 1448 1429 tribunt
1480 1375 1535 1447 fga
1552 1390 1604 1435 effi

249 1450 410 1515 suspiciosam
429 1463 483 1498 esse
499 1448 592 1509 judico.
630 1445 695 1507 Quid
714 1445 744 1495 de
763 1447 857 1495 usitata
874 1454 979 1508 parte
997 1446 1188 1503 fortunae,
1208 1446 1238 1496 de
1258 1446 1508 1497 electionibus
1525 1454 1602 1505 aare

249 1522 336 1589 logicis
354 1512 452 1569 sentiri
489 1517 552 1567 Illud
581 1530 661 1582 nugas
688 1531 734 1580 ago
752 1522 848 1579 reputo.
885 1516 1082 1583 imaginum
1101 1516 1350 1567 camarinam
1377 1517 1423 1567 snb
1446 1523 1517 1577 easta
1543 1517 1604 1568 sosii

249 1594 331 1657 pariter
348 1591 445 1641 videtur
463 1588 547 1652 aliqua
563 1591 589 1637 in
607 1587 697 1636 morbis
714 1588 874 1651 profligandis
893 1589 928 1636 ris
947 1586 992 1636 dc.

339 1679 536 1758 Keplcrus:
571 1677 636 1736 Tua
668 1676 853 1756 postscripta
888 1696 934 1737 me
967 1688 1111 1738 revocant
1143 1677 1172 1737 in
1196 1676 1402 1756 astrologiam.
1450 1679 1604 1761 Aspecm

250 1768 368 1851 quinam
392 1766 471 1838 boni,
496 1766 545 1847 qni
569 1765 659 1826 mali?
704 1765 770 1843 Ego
785 1765 865 1826 inter
879 1776 1019 1843 aspectus
1040 1766 1220 1845 astrologice
1244 1784 1302 1827 ooo
1318 1766 1448 1829 discerni
1463 1775 1539 1849 poto
1551 1784 1605 1855 per

251 1857 396 1920 bonitatis
419 1865 450 1915 et
475 1854 609 1915 malitiae
633 1863 738 1926 notas,
773 1854 826 1914 sed
851 1863 967 1914 tanturn
991 1873 1046 1932 per
1069 1854 1272 1916 fortitudinem
1296 1862 1329 1915 et
1353 1853 1602 1925 imbecillitatem

251 1945 371 2008 Fortior
393 1944 429 2015 is,
454 1943 539 2021 cnjus
562 1942 780 2002 demonstratio
805 1942 918 2002 fortior.
967 1943 1066 2002 Primo
1082 1943 1252 2021 conjonctio
1267 1942 1443 2023 corporalis,
1472 1942 1545 2023 qnia
1558 1942 1604 2005 bic

251 2033 405 2096 identitas.
440 2031 578 2092 Secundo
589 2030 738 2109 oppositio
749 2029 922 2109 corporalis,
939 2032 1008 2109 quia
1018 2032 1164 2092 diameter
1174 2031 1285 2106 circuli,
1301 2031 1442 2093 bisecans
1451 2032 1603 2094 circulum.

251 2122 353 2184 Tertio
378 2120 574 2201 quadratura,
605 2118 672 2197 quia
702 2118 805 2179 lateris
830 2118 1008 2198 quadratum
1034 2129 1080 2179 est
1108 2119 1248 2198 quadrati
1271 2120 1410 2185 diametri
1439 2119 1602 2183 dimidium.

252 2208 370 2281 Quarto
394 2207 512 2268 sextilis
536 2215 567 2266 et
590 2207 743 2285 trigonus,
768 2207 838 2286 quia
861 2209 941 2267 latus
964 2208 1121 2286 sexanguli
1146 2209 1271 2287 aequale
1296 2217 1345 2270 est
1368 2208 1604 2281 semidiametro,

134 2329 137 2333 ,
252 2306 284 2360 st
306 2298 386 2359 latus
408 2295 551 2373 trianguli
574 2304 676 2374 potest
706 2288 738 2372 Ἰ,
766 2295 916 2356 diametri.
965 2294 1079 2365 Quinto
1103 2295 1237 2376 quintilis
1261 2305 1293 2357 et
1315 2297 1501 2379 biqnintilis,
1536 2296 1605 2381 qnia

247 2387 355 2468 juncta
378 2384 532 2464 utriusque
556 2385 705 2463 quadrata
727 2391 798 2444 sunt
830 2384 868 2444 ad
893 2385 1069 2463 quadratum
1095 2386 1233 2446 diametri
1266 2393 1299 2446 ot
1322 2383 1343 2446 b
1366 2385 1405 2446 ad
1429 2380 1460 2445 4.
1509 2384 1603 2447 Sexto

252 2474 534 2554 sesquiquadratos,
568 2473 638 2551 qnia
656 2471 840 2533 irrationalis
874 2482 905 2532 et
928 2473 992 2533 sine
1017 2473 1107 2534 socio.
1156 2474 1234 2534 Nam
1268 2476 1460 2557 octangulom
1484 2475 1606 2554 quidem

247 2564 336 2645 juvat
367 2563 450 2623 illnm
484 2562 521 2622 ad
554 2561 741 2640 aequandum
775 2561 951 2641 quadratum
985 2560 1136 2634 diametri;
1171 2563 1223 2622 sed
1247 2564 1440 2644 octangnlum
1474 2571 1606 2623 nonest

251 2651 331 2714 inter
350 2648 546 2711 harmonicus.
593 2650 664 2710 Jam
688 2649 716 2709 in
741 2649 873 2728 planetis
898 2669 954 2710 non
972 2659 1040 2710 sunt
1064 2650 1134 2711 boni
1158 2659 1190 2711 et
1205 2653 1286 2719 mali,
1310 2651 1365 2714 sed
1385 2650 1461 2726 duri,
1487 2651 1604 2719 molles,

253 2739 354 2812 calidi,
377 2738 491 2819 frigidi,
515 2737 642 2810 humidi,
667 2738 748 2798 sicci.
796 2738 938 2799 Mollibus
968 2747 1000 2799 et
1023 2739 1151 2800 humidis
1175 2740 1356 2801 conveniunt
1379 2739 1514 2815 sextilis,
1545 2740 1604 2801 tri·

252 2846 363 2908 gorna,
388 2826 668 2907 sesquiqnadratns‚
704 2826 854 2886 translato
879 2828 992 2887 aurium
1017 2829 1221 2907 experimento
1250 2848 1289 2891 ex
1310 2829 1425 2891 musica
1448 2829 1478 2889 in
1503 2837 1603 2894 astro·

253 2917 377 2997 logiam;
402 2916 484 2976 duris
507 2924 539 2975 et
561 2915 684 2976 fervidis
709 2916 895 2994 acceptiores
921 2916 1053 2995 quintilis
1078 2926 1110 2977 et
1133 2917 1308 2998 biqnintilis.

341 3004 387 3066 De
418 3012 706 3082 temperamento
738 3012 810 3082 poto
845 3004 1052 3083 quaestionem
1085 3026 1176 3085 sopra
1200 3006 1366 3087 agitatam,
1402 3014 1434 3067 et
1456 3005 1605 3087 prioribus

253 3092 350 3156 literis
373 3114 392 3154 a
414 3112 461 3153 me
485 3111 673 3172 responsum.
720 3092 839 3153 Natura
864 3092 992 3154 hominis
1017 3102 1064 3154 est
1087 3094 1184 3155 instar
1207 3095 1322 3156 metalli
1347 3095 1464 3175 liquati,
1490 3096 1606 3161 coelum

252 3181 349 3243 instar
373 3182 496 3252 formae,
522 3182 550 3240 in
575 3199 663 3261 quarn
685 3179 860 3242 intirnditnr.
907 3181 975 3243 Nisi
999 3192 1158 3244 contumax
1182 3184 1224 3244 sit
1237 3184 1401 3258 metallum,
1425 3191 1526 3246 totam
1541 3185 1605 3246 lor-

250 3288 329 3332 mam
362 3278 470 3331 exacte
502 3269 647 3347 suscipit3
681 3277 713 3328 at
741 3277 902 3332 contumax
933 3280 981 3330 est
1013 3271 1142 3332 hominis
1166 3280 1273 3334 natura
1305 3272 1344 3333 ob
1373 3272 1607 3352 imaginationes

250 3359 356 3419 matris
381 3358 596 3419 antecedentes
620 3367 651 3417 et
674 3357 873 3418 institutionis
898 3360 1054 3437 sequentis
1068 3360 1145 3435 rim,
1180 3379 1256 3440 qnae
1280 3369 1329 3422 est
1353 3360 1453 3424 instar
1474 3362 1553 3431 coeli
1577 3368 1607 3422 et

249 3448 382 3526 scalpri;
405 3447 569 3507 miscentur
591 3446 692 3526 itaque
718 3447 791 3507 haec
815 3447 884 3522 tria.
931 3447 981 3507 lta
1004 3456 1102 3509 tecum
1129 3450 1295 3511 consentio.

338 3536 384 3595 De
408 3544 516 3613 parte
541 3535 716 3595 fortunae
741 3540 773 3594 ut
797 3535 833 3594 de
858 3535 1024 3597 domibus
1045 3538 1162 3616 judico,
1196 3539 1355 3600 confictam
1379 3537 1420 3599 ad
1443 3537 1606 3603 formanda

248 3643 394 3703 respousa
417 3624 455 3682 ad
479 3643 565 3683 omne
589 3641 684 3701 genos
708 3620 928 3702 quaesiionum.
1482 3657 1486 3665 ·

335 3711 406 3774 lam
429 3730 501 3790 ergo
524 3721 557 3771 et
580 3711 617 3771 dc
641 3711 687 3771 his
711 3711 936 3791 quaestionibus
961 3732 1058 3774 meum
1074 3715 1167 3775 habes
1187 3714 1344 3794 judicium,
1370 3725 1422 3775 tuo
1437 3714 1606 3783 conforme.

249 3800 310 3863 Sed
335 3801 412 3873 ride,
439 3800 508 3878 qnid
533 3817 616 3877 agas.
664 3797 764 3861 Crede
789 3800 874 3871 mihi,
909 3801 1046 3880 utrinque
1081 3812 1113 3863 et
1145 3803 1414 3883 aqnaestionibus
1438 3802 1501 3867 tuis
1535 3811 1609 3865 eta

248 3889 484 3968 profectionibus
509 3888 647 3967 aequalia
680 3897 765 3950 stant
789 3889 995 3967 experimenta
1031 3899 1062 3951 et
1087 3892 1309 3953 frustrationes.
1356 3891 1438 3953 Nam
1466 3890 1606 3972 utrinqne

248 3978 369 4038 tortura
392 3977 573 4038 dominatur.

336 4065 525 4144 imagines
553 4064 648 4125 tueris
673 4072 848 4143 argomento
875 4063 988 4126 urbium
1014 4074 1045 4127 et
1075 4065 1239 4144 regionum.
1287 4068 1374 4153 Nego
1408 4066 1466 4141 tibi
1490 4076 1606 4141 ultum·

247 4171 314 4233 qus.
371 4153 554 4233 Imaginibus
588 4154 647 4214 virn
680 4152 823 4215 conciliat
855 4152 1029 4215 credulitas.
1082 4146 1194 4217 Audiri
1228 4156 1269 4217 ab
1300 4155 1435 4235 expertis
1469 4156 1605 4229 msdiais,

246 4259 339 4322 saepe
364 4243 462 4304 verbis
486 4241 593 4306 medici
618 4240 756 4303 fiduciam
779 4241 1030 4319 persuadentibus
1056 4262 1120 4302 cum
1145 4244 1263 4322 magico
1288 4244 1421 4306 lwiaore
1437 4246 1607 4307 murari

246 4337 385 4391 naturam
404 4331 470 4409 jam
496 4348 571 4408 pene
596 4329 772 4408 collapsam.
822 4329 936 4408 ltaque,
962 4331 988 4390 si
1008 4340 1040 4390 et
1067 4330 1105 4390 ob
1129 4331 1225 4418 visam
1248 4333 1410 4417 imaginem
1434 4333 1465 4394 in
1485 4351 1606 4420 gemma

245 4418 383 4480 tlduciam
407 4418 557 4496 concipiat
581 4419 718 4479 credulus
743 4435 843 4497 aeger,
864 4417 1047 4496 juvabimnr.
1097 4417 1198 4489 Quare
1221 4441 1280 4487 ooo
1295 4429 1369 4502 putu
1393 4420 1517 4509 publice
1530 4441 1606 4497 con·

246 4516 295 4569 tra
318 4507 541 4587 disputandum.
589 4504 652 4569 Sed
685 4505 723 4568 ab
748 4505 847 4579 herbis
873 4514 904 4566 et
922 4506 1010 4569 rebus
1040 4509 1227 4571 naturalibus
1252 4509 1489 4589 argumentaris,
1530 4530 1607 4592 qnae

244 4614 264 4656 a
286 4606 369 4658 certo
393 4604 528 4674 tempore
553 4594 611 4654 vim
635 4615 655 4655 a
677 4595 762 4655 coelo
785 4594 931 4672 majorem
956 4597 1137 4675 concipiant
1185 4599 1255 4660 Aut:
1272 4599 1305 4660 id
1327 4604 1378 4661 est
1400 4606 1523 4663 cortun
1533 4598 1605 4661 anni

244 4692 372 4777 tempus,
399 4683 447 4746 ubi
471 4702 564 4744 cansa
586 4682 616 4743 in
639 4683 772 4755 humore,
796 4682 946 4758 siccitate,
971 4684 1164 4759 maturitate.
1188 4687 1321 4751 rutubi
1345 4692 1397 4751 est
1410 4687 1607 4767 incognitum,

244 4769 272 4847 si
293 4771 356 4839 elia
377 4773 443 4859 ejm
466 4770 612 4853 temporis
634 4769 785 4853 periodus.
832 4771 874 4835 Et
896 4790 955 4835 noo
979 4774 1063 4837 valet
1086 4783 1294 4856 argumentum
1317 4782 1468 4843 susurra
1489 4777 1539 4845 ad
1554 4795 1608 4876 gn.
