3366 5482
162 299 228 368 300
310 352 313 357 .
588 301 689 353 Literae
706 255 811 366 Kopled
829 301 979 366 aliorumque
996 306 1098 352 mamae

160 462 218 525 lide
242 461 343 541 digno,
369 461 420 522 vix
443 462 554 524 imitari
580 450 691 535 audeo)
715 462 831 541 periere
857 460 985 522 flammis
1009 457 1051 522 25
1075 459 1221 534 homiues,
1246 455 1267 522 4
1290 466 1402 533 turres,
1426 456 1521 538 ipsine

160 549 247 613 Jovis
261 549 409 631 palatium
425 560 506 612 metu
522 551 646 629 periculi
671 570 755 611 suum
776 551 891 628 expulit
907 549 1119 610 habitatorem.
1159 545 1273 610 Omnes
1292 546 1423 609 reditum
1438 546 1520 625 prin-

162 640 237 719 cipis
271 638 433 717 trepidant.
481 640 598 700 Dicitur
627 640 734 699 Italica
763 639 875 699 arurilia
905 639 1062 698 adducere.
1115 637 1241 699 Senatui
1272 636 1369 698 civico
1399 643 1521 698 nostrae

161 726 363 790 confessionis
380 728 575 807 magistratus
601 729 764 805 abrogatus
790 736 844 787 est.
892 728 1051 787 Portarum
1068 734 1098 787 et
1115 725 1340 787 armamentarii
1355 724 1453 787 urbici
1468 744 1520 786 cu·

162 816 281 878 stodiae
312 816 416 895 Papae
449 816 672 878 confessoribus
706 817 848 877 creditae.
896 815 1044 876 Minarunr
1078 813 1176 875 omnia
1209 815 1309 893 plena.
1356 812 1419 876 Sed
1454 830 1522 875 eece

162 906 276 966 omina:
302 913 364 966 tres
388 905 417 965 in
443 906 498 966 hac
523 906 595 965 urbe
618 913 774 966 matronae
798 905 902 965 eodem
928 905 989 964 lere
1014 912 1156 982 tempore,
1183 905 1331 965 adornato
1355 902 1522 982 puerperio,

161 995 312 1056 conducta
335 1002 366 1053 et
390 995 540 1055 accersita
564 993 744 1069 obstetrice,
775 993 823 1053 diu
856 1013 910 1062 τας
935 991 1042 1063 nideror
1066 991 1417 1071 expectantes'tandem
1442 990 1521 1052 didi·

90 1109 107 1121 ·
161 1102 228 1144 cere
253 1103 271 1142 a
295 1082 356 1143 suis
382 1082 604 1154 obstetricibus,
625 1104 657 1143 se
677 1090 793 1143 uterum
814 1101 871 1142 non
887 1102 1001 1160 gerere,
1027 1082 1132 1142 Haben
1148 1082 1231 1162 Drey
1247 1081 1309 1141 fehl
1325 1080 1522 1153 (Nullitates)

161 1170 301 1252 geboren.
347 1172 437 1232 Faxit
460 1172 543 1233 Deus
575 1179 672 1232 ratum
703 1191 787 1232 omen
821 1179 852 1231 et
875 1171 1004 1248 dissipet
1032 1171 1158 1231 consilia
1182 1170 1427 1232 adversariorum
1451 1187 1523 1230 suo-

160 1279 233 1322 rum.
282 1257 410 1320 Oremus
435 1267 535 1321 autem
560 1260 665 1339 ipsum,
690 1269 723 1321 ut
746 1260 1023 1320 innocentissimum
1049 1259 1201 1338 juvenculi
1224 1258 1368 1338 principie
1393 1257 1522 1319 animun

160 1355 265 1410 contra
297 1347 445 1425 pessimos
479 1350 666 1409 consultores
699 1349 821 1409 muniat.
872 1347 951 1418 Quid
985 1347 1010 1407 si
1045 1349 1136 1409 donet
1170 1349 1266 1428 ipsum
1296 1348 1380 1408 Dens
1408 1345 1521 1408 nostris

160 1437 309 1515 precibus.

249 1523 408 1586 Cometam
433 1524 534 1584 dixere
559 1531 712 1586 nostrates
736 1525 855 1585 stellam
877 1525 1006 1584 Veneris
1031 1524 1159 1585 interdiu
1183 1525 1297 1597 visam;
1322 1523 1358 1584 de
1384 1542 1444 1602 quo
1468 1543 1523 1604 ego

161 1613 324 1681 consultus,
349 1621 382 1673 ut
405 1613 509 1693 aspexi
535 1612 684 1694 respondi,
709 1613 858 1674 mitiorem
887 1613 916 1673 in
937 1614 1020 1673 coelo
1045 1613 1167 1673 stellam
1190 1632 1248 1673 non
1264 1631 1343 1674 esse.
1382 1612 1419 1672 Id
1438 1631 1522 1673 omen

45 1737 48 1745 ν
160 1702 265 1762 eodem
289 1720 344 1779 ego
368 1701 482 1762 refero:
513 1711 547 1762 ut
570 1701 717 1780 significet
740 1701 787 1762 hic
811 1710 929 1762 cometa
947 1710 1058 1762 metum
1084 1701 1295 1762 frustraneum.
1336 1698 1405 1770 Quo
1431 1701 1521 1762 etiarn

158 1789 290 1869 pertinet
313 1790 462 1868 eclipseos
485 1781 613 1868 ἔκλειψιὲ
637 1790 684 1850 vel
699 1790 878 1850 ernanentia.
926 1789 1098 1850 Moscovita
1122 1790 1230 1851 dicitur
1250 1798 1396 1851 mortuus.
1441 1789 1519 1851 Ecce

159 1878 311 1941 borealem
335 1879 469 1956 eclipsin.
517 1880 563 1939 De
588 1880 687 1939 anca
711 1879 808 1956 exigui
841 1887 910 1938 sunt
935 1897 1079 1939 rumores.
1125 1878 1291 1939 Perhibent
1321 1887 1424 1939 tamen
1449 1897 1520 1939 ven·

160 1976 258 2029 turum
283 1968 403 2046 propria
434 1968 463 2028 in
497 1987 635 2047 persona.
682 1968 727 2028 De
756 1967 882 2028 Janrino
911 1976 1088 2044 recuperato
1118 1985 1244 2047 magnae
1279 1974 1351 2027 sunt
1383 1967 1520 2046 gratula-

160 2054 269 2117 tiones.
317 2057 384 2116 Non
410 2056 452 2116 ita
475 2057 589 2134 pridem
616 2055 878 2134 Constantinopoli
908 2052 995 2117 4000
1020 2056 1174 2116 domorum
1206 2056 1443 2134 conflagrarunt.
1489 2056 1520 2117 ln

161 2143 303 2225 Bithynia
326 2162 418 2222 prope
443 2145 661 2224 Trapezuntem
692 2145 768 2206 duae
792 2145 880 2205 urbes
915 2164 971 2205 non
997 2144 1145 2222 ignobiles
1169 2153 1267 2205 terrae
1292 2152 1376 2205 motu
1400 2163 1518 2205 corrue·

160 2239 247 2292 runt:
286 2240 317 2292 et
344 2232 471 2311 periisse
499 2233 695 2313 perhibentur
728 2235 765 2294 ad
791 2231 899 2295 70000
923 2232 1083 2293 hominum.
1132 2234 1164 2293 In
1189 2233 1344 2294 limitanea
1367 2234 1519 2312 Hungaria

160 2320 235 2380 duos
259 2321 375 2382 Bassos
398 2322 477 2382 inter
500 2323 566 2383 rixa
589 2329 619 2383 et
645 2322 743 2382 minae
768 2321 951 2382 delationum
976 2320 1013 2381 ad
1039 2340 1123 2383 suurn
1148 2319 1313 2383 Caesarem
1338 2322 1517 2383 intercesse-

160 2416 239 2470 rant.
286 2409 349 2470 Res
374 2408 411 2470 ad
427 2430 511 2471 arma
536 2411 627 2471 venit.
675 2411 802 2472 Delator
817 2411 932 2471 futurus
957 2410 994 2470 ab
1015 2410 1111 2470 altero
1134 2409 1164 2470 in
1190 2429 1354 2489 congressu
1378 2409 1517 2490 singulari

160 2496 352 2559 interfectus:
383 2500 459 2578 quod
485 2519 551 2562 cunr
575 2500 698 2561 alterius
722 2499 800 2560 servi
824 2499 974 2572 viderent,
1001 2498 1150 2561 dominum
1175 2498 1230 2560 ulti
1254 2499 1384 2560 alterurn
1408 2516 1516 2579 quoque

160 2584 394 2648 iuterfecerunt:
428 2589 543 2665 periere
568 2589 605 2650 ad
630 2586 675 2651 40
698 2589 844 2667 utrinque.
893 2589 977 2648 Haec
1002 2587 1102 2648 omnia
1125 2589 1203 2648 male
1227 2587 1271 2649 illi
1295 2587 1423 2665 imperio
1447 2587 1516 2648 orni·

161 2682 280 2735 uantur.
327 2675 406 2738 Nam
430 2678 455 2736 si
479 2686 595 2739 tautum
620 2678 782 2738 animorum
796 2676 903 2737 Bassis
928 2677 1067 2749 accrevit,
1094 2676 1164 2739 olim
1184 2676 1308 2738 audebit
1327 2676 1453 2755 aliquid,
1472 2674 1516 2755 qui

162 2763 254 2824 vitam
270 2783 354 2825 suam
370 2764 398 2825 in
415 2766 546 2845 periculo
566 2767 689 2841 ridebit.
727 2767 770 2827 Ut
793 2774 861 2826 sunt
884 2766 983 2825 omnia
998 2765 1137 2838 humana,
1159 2765 1224 2843 jam
1247 2763 1409 2836 salutaria,
1432 2765 1515 2844 paulo

161 2859 231 2930 post
254 2852 399 2922 exitiosa,
424 2855 467 2915 ita
491 2855 583 2915 etiam
607 2854 721 2934 rigidae
745 2855 907 2915 Turearum
932 2855 1029 2931 leges,
1065 2862 1097 2913 et
1119 2853 1316 2914 inexorabilis
1341 2852 1371 2914 in
1395 2853 1515 2928 Bassus,

160 2939 189 3000 in
214 2941 313 3020 regios
338 2942 448 3004 liberos
473 2943 634 3014 sententia,
660 2943 766 3022 quibus
790 2944 878 3003 rebus
903 2943 1048 3003 hactenus
1074 2942 1162 3002 stetit
1176 2942 1251 3002 haec
1267 2942 1373 3015 rooles,
1400 2944 1516 3004 eaedem

160 3027 242 3090 illam
273 3048 395 3108 pessum
425 3033 548 3094 dabunt.
597 3033 773 3110 Exemplum
805 3051 883 3092 anno
918 3026 1000 3093 1562
1030 3030 1058 3090 10
1083 3031 1249 3108 Mustapha
1271 3029 1413 3093 vidimus.
1460 3027 1515 3092 Sed

136 3116 336 3200 ¹Solymanni
360 3139 476 3181 summa
503 3121 668 3181 auctoritas
692 3119 892 3198 periculosum
918 3119 1084 3180 incendium
1109 3119 1296 3198 restinguere
1326 3127 1391 3181 tum
1413 3119 1514 3201 potnit,

91 3220 96 3231 ‘
160 3205 309 3267 aliusnon
325 3208 446 3286 poterit,
472 3209 557 3288 cujus
577 3228 633 3269 non
654 3217 703 3269 est
722 3216 808 3269 tauta
823 3209 902 3268 bello
919 3208 1051 3269 felicitas
1067 3214 1278 3288 gestorumque
1303 3207 1414 3288 gloria.
1460 3204 1514 3269 Sed

163 3296 265 3356 lutura
288 3296 331 3356 sic
356 3296 507 3358 habento:
546 3298 575 3358 in
599 3297 774 3377 praesentia
798 3297 874 3358 citra
898 3316 1014 3357 ornnem
1040 3297 1277 3357 controversiam
1300 3295 1405 3376 gliscit
1427 3294 1514 3358 nostri

164 3381 307 3445 Caesaris
333 3386 515 3458 auctoritas,
541 3395 690 3467 utcunque
714 3385 881 3464 Hispanica
905 3385 1033 3463 expiret.
1080 3384 1243 3446 Enimvero
1267 3385 1452 3463 vigilandum
1474 3390 1516 3445 est

160 3472 362 3534 nostratibus:
397 3474 516 3535 videtur
537 3474 567 3535 in
597 3483 707 3536 nostro*
726 3472 858 3535 Caesare
883 3473 982 3535 inesse
1008 3472 1227 3534 Archimedaea
1260 3473 1411 3554 quaedam
1443 3471 1512 3535 ratio

160 3569 279 3635 motus,
314 3563 363 3642 qui
388 3564 463 3624 adeo
488 3562 605 3637 lentus,
639 3570 673 3624 ut
695 3563 745 3622 vix
775 3562 877 3623 oculos
901 3562 1048 3632 incurrat,
1081 3581 1222 3622 successu
1247 3571 1350 3623 tamen
1375 3562 1511 3643 temporis

160 3648 312 3728 ingentem
335 3652 443 3712 molem
468 3661 665 3712 commoveat.
711 3650 792 3712 Ecce
816 3652 934 3731 Pragae
958 3650 1083 3724 sedens,
1122 3650 1186 3710 sine
1208 3651 1269 3712 ulla
1293 3650 1423 3713 bellicae
1446 3649 1511 3712 artis

159 3737 289 3816 peritia,
332 3739 395 3800 sine
429 3739 610 3801 auctoritate
645 3742 694 3812 (ut
717 3739 846 3800 antehac
875 3738 1068 3810 credebatur)
1102 3745 1202 3799 tamen
1236 3739 1386 3801 miracula
1407 3745 1509 3819 patrat

159 3826 310 3905 principes
333 3827 363 3888 iu
389 3828 487 3888 officio
512 3829 662 3896 continet,
697 3828 914 3908 obsequentes,
948 3835 1097 3906 promtos,
1132 3827 1273 3889 liberales
1297 3828 1407 3904 habet,
1441 3825 1509 3889 orbis

160 3917 353 3976 monarcham
387 3924 433 3977 tot
463 3917 572 3977 seculis
602 3916 821 3977 formidabilem
846 3916 991 3990 sustinet,
1027 3922 1126 3979 tractu
1151 3916 1222 3976 belli
1247 3916 1413 3996 defatigat,
1444 3916 1509 3978 citra

161 4010 260 4063 tamen
285 4025 425 4084 magnum
451 4006 570 4087 aliquod
595 4006 827 4078 incommodum,
860 4005 939 4083 qnod
962 4004 1123 4066 hostilibus
1147 4005 1344 4067 incommodis
1369 4022 1506 4086 praepos·

161 4089 256 4151 deret.
304 4091 420 4163 Quibus
444 4095 534 4156 rebus
558 4093 704 4173 ejusmodi
737 4113 837 4154 merae
860 4092 1024 4173 potestatis
1059 4093 1254 4156 fundamenta
1271 4094 1365 4172 jacit,
1398 4104 1432 4158 nt
1453 4093 1506 4156 sola

159 4178 243 4258 regni
268 4180 383 4242 ancici
417 4183 571 4243 inclinatio
606 4184 713 4244 deesse
746 4182 894 4244 videatur.
943 4181 1048 4251 Quid?
1095 4180 1211 4252 Quibus
1245 4201 1359 4262 quaeso
1394 4183 1503 4251 artibus,

160 4286 220 4347 qua
252 4268 397 4330 felicitate
422 4271 686 4353 Transsylvaniam
719 4271 853 4332 restituit
877 4270 1073 4333 Austriacis?
1120 4269 1207 4341 Quod
1240 4290 1344 4333 omnes
1369 4273 1503 4336 miramur·

159 4354 239 4428 Quiu
264 4365 295 4418 et
318 4357 373 4418 hoc
398 4359 511 4438 passim
536 4361 717 4433 affirmatur,
743 4360 865 4421 tertium
890 4359 1128 4421 exhaeredibus
1153 4359 1338 4423 nominatum
1353 4358 1502 4425 esseCar-
1563 4418 1566 4445 Ι

160 4465 257 4509 sarem
282 4454 417 4509 nostrum
441 4468 460 4508 a
483 4449 663 4510 Moscovita.
711 4448 748 4509 Ei
772 4449 813 4510 rei
839 4449 951 4528 legatio
976 4447 1223 4527 splendidissima
1246 4451 1457 4524 adornabatur,
1477 4450 1502 4506 ul
1564 4448 1566 4473 ²

158 4554 201 4598 so.
227 4535 309 4598 solus
334 4545 439 4598 noster
461 4537 567 4600 haeres
592 4537 805 4599 nominaretur.
853 4537 915 4599 Sed
939 4545 1034 4598 morte
1059 4538 1249 4599 Moscovitae
1279 4539 1394 4620 legatio
1420 4539 1500 4602 iuter·

115 4628 121 4638 ’
158 4624 243 4686 cidit.

246 4714 326 4776 Utut
348 4712 398 4786 sit,
424 4712 579 4775 fatendum
604 4712 722 4773 omniuo
748 4721 812 4783 est,
838 4733 857 4773 a
879 4713 944 4774 Deo
970 4714 1106 4776 benedici
1130 4714 1224 4775 nostri
1250 4712 1396 4781 Caesaris
1416 4716 1498 4780 rebus.
