3366 5482
158 233 227 300 nu
617 230 1062 297 usn-cmu-

229 391 1059 455 ummssnmmtqhuum:
1412 442 1418 455 Ι

238 481 581 550 flmunmtegu.
630 481 1316 535 Summarum-:sienni
1367 483 1527 536 nemun

159 576 272 623 sm,
301 562 680 630 permirum-endo,
706 576 852 613 mamm
879 562 1035 631 exiguis
1061 561 1523 630 mamintus:

158 640 756 708 ndrenltantexoetosolidislsm.
797 641 1525 709 §animositatum-inssisti

158 719 1523 790 proportisloagimdinisidiumnkeddiseffulounhsgmefflapntb·

161 800 331 854 mm.
371 799 436 851 Ju
456 800 522 867 quia
541 814 622 851 ames
643 800 795 865 dijudicans
816 801 888 852 inter
907 802 1032 851 disemus
1057 800 1230 859 brunias,
1258 800 1414 867 diffluant
1438 801 1525 853 effi

159 878 382 933 interdiversoa
409 894 491 930 m
517 879 598 930 nnius
625 879 686 931 fidis
713 880 849 931 mnata.
890 880 1085 931 Hineexistis
1112 879 1525 947 compnnu'odfith'suuo

157 960 227 1018 fido,
255 973 371 1027 'nrum
396 958 542 1027 longitudo
560 972 605 1010 ess
626 972 657 1010 nt
678 957 697 1011 8
717 960 753 1009 ad
775 959 801 1010 9.
843 959 949 1027 Deque
970 958 1023 1009 noe
1049 958 1228 1011 insemttu
1256 972 1368 1011 tonus
1396 958 1524 1026 major.

159 1037 1270 1097 mormomomomnetaewmffivnoednume.
1299 1038 1525 1092 suun

159 1117 643 1187 munoecmbantdeume
658 1118 756 1169 existit
771 1132 871 1169 tonus
890 1118 1010 1173 minor.
1029 1117 1313 1184 proportio-sidium
1331 1119 1382 1170 1⁰:
1398 1117 1430 1170 9.
1457 1118 1525 1170 hle

159 1191 1525 1266 nqmurmparmiohsdcwrdissddquaedioisurdiesistsinmPlntooelosproe)

161 1275 481 1345 proporuont15ztt.
503 1275 1526 1344 Deniqneexcomperntionelicumlsoritnrprcportiouadffiaio

158 1355 245 1409 etiam
257 1371 294 1407 cx
309 1355 515 1422 commosse
528 1373 545 1406 e
559 1372 619 1407 cum
633 1355 697 1406 dis·
708 1355 745 1407 Et
758 1357 858 1407 dicim
873 1355 1098 1407 semitonium.
1122 1356 1191 1406 Nan
1204 1356 1288 1407 diesis
1302 1366 1334 1408 et
1346 1355 1525 1409 renituit

158 1435 331 1487 mutiunt
348 1443 442 1487 unum
456 1436 596 1487 minorem.
624 1434 702 1494 Quod
722 1436 746 1486 si
767 1436 855 1486 diesin
875 1450 894 1486 a
915 1446 981 1485 tono
1001 1433 1107 1499 majore
1128 1434 1263 1496 autenm,
1284 1435 1456 1504 relinquitur
1473 1434 1524 1488 im·

161 1512 314 1584 perlectum
335 1515 519 1567 intervallum
541 1514 631 1580 majus
652 1515 807 1575 semitonio,
829 1515 916 1567 minus
930 1514 1008 1572 diesi,
1029 1531 1068 1564 sc.
1085 1504 1181 1572 ¹²⁸!.‚,.
1213 1514 1253 1565 Et
1271 1514 1324 1566 boc
1344 1513 1524 1568 intonalln

159 1604 205 1647 at
218 1593 340 1654 inusti,
354 1594 414 1652 Gis,
436 1595 467 1653 C.
488 1593 542 1653 Cis.
565 1594 595 1655 ἲ,
616 1595 673 1647 fu.
702 1593 802 1663 Sisque
823 1606 912 1646 totum
932 1593 1146 1645 christorum
1159 1594 1385 1646 utifioiosissine
1404 1604 1437 1646 et
1456 1609 1524 1664 gut·

160 1673 272 1728 mstrioe
293 1684 337 1726 est
358 1683 481 1727 tensum:
503 1682 532 1725 et
553 1682 615 1726 tota
634 1676 758 1726 essentia
776 1673 881 1727 musica
900 1673 1093 1741 philosophice
1110 1688 1142 1726 et
1162 1674 1314 1726 certissime
1328 1674 1477 1741 disputata
1495 1680 1526 1726 ct

159 1754 292 1806 msa
333 1753 404 1806 Nam
424 1753 488 1805 hinc
508 1754 593 1806 etia·
613 1766 691 1806 octo
712 1766 867 1806 tonorum
887 1758 970 1821 tqoos
986 1751 1103 1816 vocnt)
1121 1754 1278 1806 differentia
1297 1753 1399 1804 haberi
1417 1760 1523 1821 potest

238 1861 345 1913 Deinde
366 1870 441 1929 peto,
463 1872 493 1913 ut
515 1861 539 1913 si
561 1862 624 1929 quid
645 1860 799 1927 hujusmodi
821 1868 924 1911 metet
945 1859 1111 1913 Glareanus.
1135 1860 1160 1910 id
1180 1859 1246 1911 nulii
1267 1859 1417 1928 significes.
1456 1858 1524 1912 Nam

160 1946 285 1994 sutorem
299 1957 355 1993 non
368 1940 469 1992 heheu.
499 1940 553 1993 Sed
573 1941 761 2009 digredimur
782 1941 892 1991 tandem
912 1956 928 1989 e
948 1939 1053 1991 musica
1072 1944 1102 1989 et
1123 1939 1206 1998 sonis,
1228 1951 1257 1989 et
1278 1953 1447 2007 quaeramus
1468 1938 1526 1992 alis

161 2021 257 2074 borum
277 2025 373 2090 loyen
391 2019 529 2085 subjecta
569 2019 597 2071 Si
619 2019 678 2070 soni
699 2018 812 2085 capiunt
833 2018 883 2070 hos
905 2022 999 2086 loyor,
1019 2017 1150 2069 credibile
1171 2028 1199 2068 et
1220 2018 1253 2068 de
1275 2017 1422 2069 columbus.
1453 2017 1525 2071 Nam

160 2099 232 2152 sicut
260 2099 288 2151 in
315 2099 389 2151 sonis
412 2115 430 2151 a
449 2099 475 2151 G
496 2099 566 2168 ing
592 2097 715 2149 infinitae
740 2109 803 2148 sunt
829 2113 928 2158 voees,
959 2110 989 2149 at
1016 2112 1108 2164 panea
1136 2096 1245 2149 illarum
1272 2097 1431 2150 discrimina
1459 2096 1526 2150 iecit

161 2187 263 2231 natura
283 2179 431 2230 secundum
453 2178 644 2245 proportiones
665 2175 858 2245 geometricas,
883 2177 971 2228 sicet
993 2178 1065 2228 inter
1085 2177 1174 2229 lucem
1194 2185 1223 2227 et
1245 2177 1376 2229 tenebras
1398 2176 1524 2229 infinitae

159 2268 224 2310 sunt
245 2257 411 2317 vertentes,
433 2258 482 2308 sed
502 2257 596 2308 docuit
615 2266 717 2307 natura
737 2256 831 2307 oeulos
852 2272 958 2325 paucas
980 2256 1199 2324 appellationes,
1228 2272 1301 2325 quae
1322 2256 1418 2325 procul
1441 2256 1525 2308 dubio

158 2336 311 2390 consistent
333 2337 360 2388 in
381 2336 504 2389 terminis
525 2336 659 2387 dictorum
680 2339 782 2404 loyor.
824 2336 860 2388 Et
877 2335 938 2402 jam
958 2336 986 2387 in
1007 2335 1170 2404 crepusculo
1194 2336 1296 2395 semel,
1327 2342 1385 2388 tum
1407 2336 1435 2388 in
1457 2335 1525 2388 iride

158 2417 201 2470 tis
221 2423 323 2468 saturo
343 2415 423 2468 nobis
443 2432 477 2467 eo
499 2413 617 2484 digitum
637 2415 762 2467 intendit.
803 2417 833 2468 ln
853 2417 1016 2483 crepusculo
1037 2432 1075 2467 ex
1094 2415 1159 2467 albo
1181 2416 1208 2467 in
1228 2416 1341 2468 rubrum
1362 2424 1391 2467 et
1412 2414 1525 2486 nigrum

158 2495 189 2549 n
210 2494 353 2548 tremitur.
390 2495 420 2547 ln
440 2494 537 2562 eclipsi
559 2493 631 2546 Solis
651 2511 688 2546 ex
710 2495 776 2547 albo
796 2511 847 2563 per
866 2496 968 2547 tarum
991 2506 1019 2546 et
1041 2495 1154 2547 rubrum
1175 2496 1203 2547 in
1223 2494 1342 2564 nigmm.
1383 2493 1525 2548 sincerius

159 2575 253 2628 lorsan
274 2574 301 2626 in
323 2575 401 2627 iride.
441 2573 495 2627 Sed
516 2574 593 2625 soleo
614 2573 785 2644 distinguere
812 2592 872 2627 cum
894 2588 1004 2627 natura
1047 2575 1147 2626 Plarus
1169 2574 1241 2628 enim
1261 2582 1305 2626 est
1326 2575 1526 2642 quodammodo

158 2653 284 2717 medium,
306 2654 343 2705 ab
363 2671 397 2706 eo
418 2662 574 2706 extrorsum
594 2670 702 2706 versum
723 2654 903 2706 tetransiton
918 2671 970 2723 per
983 2654 1094 2706 rubrum
1109 2655 1136 2705 in
1150 2654 1308 2707 umbrosum
1328 2653 1387 2705 sire
1403 2653 1531 2725 nigrum.

161 2740 276 2803 propter
295 2733 500 2786 diminutionem
520 2733 642 2801 corporis
662 2733 767 2786 Solaris
789 2741 817 2785 et
844 2733 1041 2786 admixtionem
1061 2734 1175 2785 umbrae
1197 2734 1224 2785 in
1245 2734 1326 2786 nubis
1347 2748 1445 2785 crassa
1465 2747 1523 2787 ma·

161 2810 241 2866 teria
283 2815 309 2865 Δ
330 2812 400 2865 flaro
422 2812 568 2865 introrsum
590 2829 641 2880 per
659 2813 773 2866 viridem
794 2813 961 2873 caeruleum,
983 2828 1159 2880 purpureum,
1181 2813 1343 2872 violaceum,
1364 2811 1391 2863 in
1413 2812 1526 2884 nigmm

160 2898 204 2944 est
224 2891 359 2944 transitus
380 2900 495 2960 propter
515 2892 599 2944 aliurn
618 2907 740 2946 causam.
770 2892 842 2944 Nam
863 2891 932 2944 haec
953 2892 1062 2944 omnino
1083 2898 1125 2942 est
1146 2892 1286 2944 retractio.
1319 2891 1417 2960 ltsque
1439 2907 1527 2960 saepo

161 2969 292 3042 cogitari,
314 2987 349 3023 an
365 2972 507 3039 proportio
522 2972 618 3040 anguli
633 2971 807 3024 retractionis
821 2974 974 3025 constituat
989 2972 1129 3032 terminos,
1152 2970 1178 3023 in
1200 2971 1298 3040 quilius
1320 2971 1430 3023 dicatur
1450 2971 1528 3024 color

160 3050 263 3112 viridis,
285 3051 430 3104 caeruleus
445 3049 493 3104 dc.
525 3050 562 3103 Ut
583 3051 606 3103 si
627 3050 757 3103 retractio
778 3051 892 3112 duecte,
916 3052 1036 3121 angulus
1057 3050 1150 3103 nullus
1169 3051 1322 3104 constituat
1335 3052 1445 3112 samm,
1467 3051 1528 3103 sire

160 3130 254 3200 potius
276 3129 301 3182 itl
323 3131 395 3199 quod
415 3139 460 3183 est
480 3129 728 3198 splendidissimum
749 3131 776 3184 in
796 3131 877 3191 flavo,
900 3131 950 3183 lux
972 3131 1042 3198 ipsa
1078 3133 1115 3182 At
1137 3131 1245 3199 quando
1265 3129 1397 3184 retractio
1418 3129 1458 3183 sit
1477 3146 1527 3183 an·

162 3209 248 3279 gulus
267 3218 376 3270 motus.
399 3210 437 3262 ibi
458 3217 549 3261 cesset
570 3209 655 3262 omnis
677 3209 743 3270 lux,
773 3210 838 3279 quia
858 3227 956 3279 nempe
977 3218 1056 3262 recta
1076 3209 1207 3277 objicitur
1227 3226 1342 3279 corpus,
1371 3208 1529 3280 inquunt
1572 3247 1576 3251 -

161 3287 301 3342 rensoio
338 3288 382 3341 Sic
404 3305 453 3357 pro
467 3287 576 3341 ratione
590 3288 730 3341 divisionis
750 3289 819 3341 recti
840 3289 937 3358 anguli
958 3289 1164 3343 constituuntur
1184 3290 1299 3342 colores.
1338 3294 1380 3356 (in
1398 3297 1527 3361 margins:

160 3367 274 3422 Rectitm
289 3368 342 3420 sic:
363 3369 562 3438 Agnoscendus
584 3377 629 3421 est
649 3368 730 3421 albus
752 3368 778 3421 in
797 3369 885 3421 medio
899 3370 963 3422 flavi
980 3378 1011 3421 et
1030 3369 1131 3431 viridis,
1154 3370 1200 3438 qui
1221 3369 1302 3422 albus
1324 3376 1369 3423 est
1390 3369 1455 3438 ipsa
1475 3370 1526 3423 lux

160 3446 241 3503 Solis.
269 3446 332 3500 Jam
353 3448 441 3500 flavus
455 3449 604 3516 respondet
618 3447 704 3508 viridi,
727 3449 843 3501 adustus
858 3478 897 3486 -
911 3449 1024 3501 schiller
1039 3477 1074 3486 -
1091 3449 1228 3510 caeruleo,
1250 3449 1353 3502 rubens
1376 3465 1526 3519 purpureo,

161 3533 314 3598 sequuntur
332 3527 461 3596 utrinque
483 3528 625 3580 tenebrae.
668 3527 777 3581 Priores
798 3536 864 3582 sunt
885 3529 977 3590 terrei,
999 3529 1167 3596 posteriores
1188 3528 1337 3598 aquatiles.
1378 3528 1528 3596 Propertio

161 3605 295 3660 mistionis
316 3607 450 3660 materiae
471 3603 592 3671 eadem.)
633 3607 687 3661 Sed
715 3610 847 3677 quomodo
873 3609 1010 3661 dividetur
1039 3607 1160 3678 angmlus
1188 3607 1363 3661 remotionis
1389 3607 1529 3662 maximus

161 3701 213 3756 pro
233 3685 356 3739 terminis
378 3687 506 3749 colorum,
529 3686 639 3739 difficile
660 3695 705 3740 est
718 3688 801 3741 dictu.
837 3689 924 3741 Credo
946 3694 1039 3741 tamen
1060 3688 1167 3740 omnino
1189 3687 1212 3740 si
1231 3688 1393 3758 designetur
1418 3681 1460 3746 Ἰ..
1485 3682 1525 3750 Ἰ..

166 3757 205 3827 Ἴ..
230 3759 270 3827 ¹12,
297 3759 326 3823 ‘lt
349 3766 427 3827 recti,
450 3766 476 3818 in
491 3783 523 3819 eo
537 3766 713 3820 retractionis
728 3768 833 3837 angulo
848 3768 979 3821 constitui
994 3768 1102 3826 tiorum.
1124 3769 1245 3830 viridem,
1268 3767 1438 3830 caeruleum,
1460 3782 1528 3836 pur·

125 3855 132 3867 ·
162 3860 289 3915 pureum,
316 3845 455 3898 cinerium.
496 3847 569 3898 Ecce
590 3847 709 3900 altitudo
730 3848 805 3899 iridis
827 3865 886 3900 cum
908 3846 1093 3901 semicirculus
1115 3858 1174 3909 est,
1200 3848 1330 3916 numquid
1351 3863 1462 3915 semper
1482 3853 1529 3900 est

161 3924 272 3978 circiter
291 3923 328 3978 45
342 3919 363 3987 ⁰,
385 3925 431 3994 qui
453 3927 587 3995 angulum
609 3927 782 3980 semirectum
804 3927 925 3980 metitur.
967 3926 1020 3980 Sed
1042 3929 1097 3979 sint
1117 3927 1172 3979 hae
1193 3927 1373 3995 suspiciones.
1414 3926 1530 3980 Pariter

161 4011 191 4058 et
220 4005 255 4056 de
284 4003 429 4073 saporibus
456 4005 490 4056 de
516 4004 698 4076 odoribusque
724 4007 866 4059 dicendum
893 4007 954 4059 erit.
997 4007 1040 4058 De
1067 4005 1183 4073 objectis
1210 4015 1303 4060 tactus
1329 4023 1384 4060 non
1406 4006 1526 4069 ridetur,

161 4091 227 4137 sunt
246 4083 317 4137 euim
338 4084 499 4137 materiales
521 4085 690 4154 qualitates,
722 4093 750 4139 et
778 4087 854 4139 calor
882 4103 955 4139 mere
983 4086 1077 4139 sotira
1103 4086 1244 4155 qualitas,
1273 4086 1332 4138 sine
1361 4086 1527 4151 discrimine,

162 4162 245 4233 quale
267 4162 294 4216 in
315 4164 414 4216 ceteris
436 4164 509 4217 inest
528 4164 686 4217 sensilibus.
729 4165 772 4217 De
793 4164 979 4219 communibus
1006 4164 1152 4218 sensilibus
1181 4166 1243 4235 quid
1270 4181 1340 4234 opus
1360 4172 1405 4218 est
1425 4165 1528 4229 dicere,

162 4258 223 4295 cum
239 4240 299 4310 jum
319 4242 486 4296 dixerimus?
520 4243 608 4296 Sonus
630 4244 701 4297 enim
722 4252 767 4297 est
787 4253 876 4298 motus
898 4245 971 4298 neris
997 4252 1027 4298 et
1052 4251 1166 4314 propter
1185 4253 1288 4299 motum
1309 4245 1409 4313 recipit
1430 4248 1528 4316 loyes,

161 4320 228 4375 fides
249 4321 320 4375 enim
347 4322 430 4389 duplo
459 4323 568 4393 longior
595 4323 679 4392 duplo
707 4331 832 4377 movetur
853 4325 968 4377 tardius.
1010 4324 1095 4377 Porro
1116 4326 1250 4394 quomodo
1271 4325 1300 4377 in
1321 4322 1427 4378 musica
1448 4331 1480 4378 et
1499 4324 1528 4379 in

162 4400 358 4455 saltationibus
380 4408 468 4455 motus
490 4409 520 4454 et
541 4408 632 4455 status
652 4404 905 4472 proportionentur‚
928 4404 1089 4457 audirimus.
1130 4404 1200 4464 Quid
1222 4406 1255 4456 de
1282 4402 1401 4457 numeris
1427 4404 1528 4468 dicam.

162 4480 207 4551 qui
228 4487 382 4550 sequnntur
402 4480 594 4549 quantitates?
625 4482 744 4536 Videant
760 4484 915 4546 anatomici,
939 4500 974 4537 an
996 4484 1024 4536 hi
1046 4490 1129 4556 loyor
1148 4484 1204 4537 sint
1224 4484 1297 4538 inter
1317 4485 1443 4538 membru
1463 4496 1528 4553 per·

163 4560 227 4613 lecti
248 4558 361 4614 humani
382 4561 512 4629 corporis.
548 4562 690 4614 Vitruvius
712 4563 840 4632 praeivit.
877 4564 919 4616 De
941 4564 1036 4634 figuris
1053 4581 1118 4617 vero
1133 4563 1272 4633 praecipit
1285 4562 1437 4625 Vitruvius,
1459 4580 1527 4634 quo·

162 4641 239 4694 modo
261 4639 299 4693 sit
319 4640 488 4694 instituenda
509 4641 705 4696 architectura.
745 4643 864 4714 Figurae
886 4651 952 4696 sunt
972 4661 1074 4697 causae
1096 4648 1198 4712 λογων.
1234 4644 1359 4711 Corpora
1379 4641 1528 4713 regularia

163 4719 255 4774 omnia
274 4726 390 4776 utuntur
417 4719 459 4773 his
488 4724 593 4792 λογοις.
636 4723 773 4795 Compara
794 4723 899 4786 lutera,
930 4723 1034 4795 plana,
1066 4724 1194 4798 augmos.
1236 4723 1373 4796 Compara
1393 4736 1532 4783 summ
