3366 5482
224 265 288 336 tot
358 311 362 325 ·
777 265 899 332 Ambus
916 265 1040 329 uyeuonu

224 429 400 493 ecceutricis
432 432 621 507 permutatos
655 426 820 488 fabuletur:
854 425 1021 487 videbimus
1054 445 1090 486 ex
1121 425 1305 499 Aristotele,
1339 425 1412 507 quid
1446 425 1524 488 certi
1558 427 1593 490 de

222 518 339 587 Eudoxi
368 515 522 578 sententia
550 515 653 577 haberi
685 513 804 594 possit:
838 514 999 594 praecipue
1033 534 1098 576 curn
1127 516 1206 577 hunc
1229 515 1329 576 locum
1354 537 1373 577 a
1396 515 1512 578 ceteris
1542 522 1594 577 aut

221 606 391 687 neglectum
415 613 468 666 aut
482 604 561 665 male
576 610 740 666 tractatum
761 604 974 682 interpretibus
999 622 1109 681 operae
1133 603 1264 683 pretium
1288 605 1434 667 videatur
1458 602 1593 685 diligen-

221 696 282 759 tius
307 694 486 774 expendere.
533 691 609 755 (lum
633 701 733 755 antem
757 692 785 752 in
803 692 920 770 gemina
935 692 1092 753 constituti
1109 693 1204 754 simus
1220 692 1414 766 difficultate,
1441 712 1489 767 eo,
1515 692 1594 774 quod

221 791 255 847 et
277 782 475 855 Aristoteles,
509 800 607 843 rerum
638 780 918 843 mathematicorum
949 781 1114 860 imperitior
1148 789 1180 842 ut
1203 781 1307 841 multis
1341 782 1418 844 locis
1452 791 1594 861 apparet,

221 872 339 936 Eudoxi
364 878 494 933 mentem
517 871 564 931 vel
588 870 709 932 sinistre
733 870 904 949 perceperit
926 871 974 930 vel
999 869 1154 930 obscurius
1186 870 1382 948 expresserit,
1417 879 1451 932 et
1478 870 1594 933 numeri

222 961 382 1024 manifeste
407 981 425 1020 a
449 958 549 1020 verbis
574 959 755 1020 dissideant:
781 958 927 1019 faciamus
951 959 1029 1038 quod
1052 977 1221 1037 possumus,
1247 960 1410 1021 verborum
1435 959 1596 1021 involucra

223 1048 406 1127 conjecturis
431 1048 621 1109 sublevemus
644 1066 889 1126 numerorumque
914 1066 1030 1109 errores
1055 1048 1241 1108 correctione
1256 1048 1358 1108 verbis
1382 1055 1596 1110 consentanea

222 1137 374 1200 tollamus.
421 1136 518 1214 Igitur
546 1156 612 1197 cum
635 1136 686 1198 lib.
712 1136 782 1198 XII.
808 1135 944 1214 Metapb.
969 1136 1149 1197 Aristoteles
1181 1136 1209 1196 in
1234 1136 1494 1216 contemplatione
1522 1155 1594 1198 ver-

224 1232 307 1288 setur
339 1225 578 1286 substantiamm
611 1224 789 1303 simplicium
823 1232 854 1284 et
884 1224 1011 1284 materia
1043 1225 1223 1298 carentium,
1262 1243 1357 1304 eoque
1392 1225 1594 1286 sublimitatis

222 1314 369 1376 evehatur
392 1319 535 1374 accurata
559 1320 656 1374 motus
681 1321 713 1375 et
735 1313 848 1392 primae
872 1321 1004 1374 motuum
1029 1332 1139 1374 causae
1160 1312 1380 1392 disquisitione,
1410 1322 1444 1375 ut
1468 1309 1593 1377 invento

222 1422 262 1464 ex
284 1402 420 1481 simplici,
446 1401 586 1463 uniformi
611 1409 641 1462 et
666 1410 788 1462 aeterno
813 1409 905 1475 motu,
931 1420 1018 1481 quern
1037 1403 1165 1483 primum
1182 1402 1317 1477 dicimus,
1343 1410 1462 1464 motore
1483 1403 1592 1483 primo,

222 1491 261 1554 ad
284 1491 553 1570 intelligentiarum
577 1491 774 1551 secundarum
798 1499 828 1551 et
851 1491 964 1572 primae
989 1491 1252 1553 subordinatarum
1276 1510 1432 1571 numerum
1457 1490 1593 1554 investi-

222 1581 353 1660 gandum
378 1598 444 1659 cap.
469 1575 500 1641 8.
526 1580 671 1641 accedat:
695 1579 769 1640 illud
792 1579 952 1659 praecipue
976 1598 1096 1657 urgens,
1118 1580 1244 1659 siugulis
1264 1580 1425 1641 mobilibus
1451 1579 1592 1659 singulas

177 1711 181 1719 ,
221 1687 365 1750 praeesse
388 1667 617 1748 intelligentias,
643 1687 696 1728 nee
719 1668 969 1729 introducendum
995 1668 1153 1748 quiequam
1171 1669 1369 1740 inmundum,
1394 1669 1476 1749 quod
1492 1668 1602 1731 officio

220 1764 326 1820 eareat
356 1758 522 1819 otiosumve
556 1757 604 1818 sit
659 1757 816 1818 Mobilium
853 1775 923 1817 vero
957 1758 1133 1818 coelestium
1168 1776 1325 1835 corporum
1359 1776 1519 1819 numerum
1555 1777 1591 1819 ex

221 1855 362 1920 motuum,
388 1846 438 1926 qui
460 1846 602 1907 videntur
624 1845 653 1907 in
678 1847 771 1919 coelo,
798 1845 947 1906 varietate
973 1845 1115 1908 instituit.
1163 1845 1208 1907 At
1222 1854 1322 1907 motus
1346 1846 1442 1926 ipsos,
1467 1846 1591 1927 quinam

221 1945 254 1998 et
277 1942 350 2016 quot
374 1935 646 2014 deprehendantur,
672 1934 790 2013 quaerit
814 1934 851 1995 ab
876 1934 1066 1997 astronomis.
1114 1935 1191 1996 Hinc
1212 1936 1276 2013 ejus
1291 1937 1399 1996 verba:
1424 1954 1487 2009 „ae
1510 1936 1589 1998 mul-

219 2033 269 2087 tos
299 2024 418 2105 quidem
448 2032 546 2085 motus
570 2042 637 2084 esse
666 2041 767 2084 eorum
800 2043 875 2103 quae
905 2024 1054 2096 feruntur,
1090 2023 1125 2084 iis
1159 2023 1251 2084 etiarn
1282 2022 1407 2084 evidens
1441 2032 1507 2098 est,
1541 2025 1590 2105 qui

222 2112 412 2175 mediocriter
440 2112 469 2173 in
502 2113 559 2173 hac
582 2131 614 2173 re
638 2111 753 2173 versati
778 2121 856 2173 suot.
904 2113 984 2174 Nam
1014 2113 1148 2191 pluribus
1176 2112 1236 2174 uoai
1265 2112 1448 2173 motionibus
1479 2113 1589 2192 singuli

221 2220 343 2264 errones
378 2202 520 2263 feruutur.
577 2198 661 2270 Quot
694 2208 794 2261 autem
827 2201 903 2274 siut,
938 2221 1013 2262 nunc
1048 2201 1167 2282 quidem
1198 2221 1236 2261 ea
1269 2220 1345 2280 quae
1379 2201 1589 2264 mathematici

222 2290 354 2353 nonnulli
378 2288 512 2362 tradunt,
538 2288 717 2370 cognitionis
741 2309 833 2351 causa
856 2289 1000 2363 dicimus;
1035 2300 1069 2352 ut
1092 2290 1190 2351 animo
1215 2299 1329 2351 certum
1353 2290 1507 2369 quendam
1531 2311 1588 2353 nu-

221 2398 335 2442 merum
358 2379 508 2457 possimus
531 2378 796 2457 comprehendere:
824 2386 926 2439 cetera
940 2379 1051 2457 partim
1066 2378 1153 2440 nobis
1176 2379 1355 2459 inquirenda
1369 2387 1451 2450 sunt,
1475 2379 1589 2458 partim

189 2534 190 2538 ,
221 2468 258 2542 ii,
292 2468 341 2547 qui
365 2468 440 2528 haec
464 2466 632 2547 inquirunt,
662 2467 881 2546 interrogandi,
914 2487 982 2528 uum
1007 2467 1077 2547 quid
1101 2475 1223 2547 praeter
1247 2487 1283 2528 ea
1307 2468 1494 2546 quae‘diota
1517 2467 1588 2539 siut,

221 2556 260 2622 iis
290 2555 430 2617 videatur
461 2556 618 2635 quihaec
646 2564 797 2630 tractant:
831 2576 866 2616 ac
895 2565 957 2618 tum
988 2556 1105 2636 utrique
1131 2556 1251 2617 amandi
1280 2557 1323 2617 illi
1358 2556 1477 2636 quidem
1503 2564 1591 2618 eruut

223 2645 326 2724 eisque
350 2645 452 2723 gratia
474 2645 632 2720 habenda:
657 2646 711 2706 sed
734 2645 773 2706 iis
797 2646 914 2706 demum
938 2645 1079 2707 habenda
1102 2646 1186 2719 fides,
1211 2646 1259 2724 qui
1280 2645 1453 2707 accuratius
1469 2653 1503 2706 et
1517 2646 1588 2707 dili-

221 2733 341 2815 gentius
365 2733 587 2795 tradiderunt.“
633 2734 700 2796 Hoc
723 2735 888 2813 proemium
914 2734 1019 2795 audiat
1042 2732 1196 2795 Osiander
1219 2741 1252 2795 et
1274 2735 1371 2796 Ursus
1403 2741 1437 2794 et
1460 2734 1587 2814 quicun-

223 2841 280 2903 que
309 2830 548 2884 astronomorum
578 2823 614 2884 de
641 2842 739 2885 rerum
768 2832 878 2884 natura
905 2832 1068 2902 conceptus
1097 2824 1182 2901 parvi
1214 2823 1296 2885 facit.
1345 2817 1489 2902 Sequitur
1522 2823 1589 2901 ipsa

220 2929 289 2975 res:
313 2911 479 2986 „Eudoxus
503 2911 584 2974 Solis
608 2921 640 2973 et
662 2913 766 2973 Lunae
790 2912 944 2992 utriusque
967 2913 1111 2973 lationem
1136 2912 1164 2972 in
1190 2912 1285 2973 tribus
1308 2912 1443 2990 ponebat
1472 2912 1586 2992 sphae-

221 2999 280 3072 ris,
312 3020 436 3081 quarum
466 3002 593 3080 primam
624 3020 692 3063 esse
721 3020 779 3062 non
809 3002 974 3062 errantium
998 3000 1188 3063 stellarum.“
1234 3002 1319 3061 Haec
1343 3000 1373 3061 iu
1399 3001 1586 3080 compendiis

221 3089 432 3152 astronomicis
455 3091 545 3170 vulgo
570 3090 742 3170 depingitur
766 3090 907 3170 amplecti
933 3099 1029 3152 totum
1052 3091 1179 3168 alicujus
1203 3089 1344 3168 planetae
1366 3097 1513 3171 systema,
1537 3089 1584 3150 id-

220 3197 276 3258 que
302 3178 375 3239 saoit
398 3179 635 3252 concentrioum;
670 3186 805 3240 movetur
829 3198 919 3257 super
941 3179 1020 3258 polis
1048 3179 1222 3259 aequaturis
1247 3179 1285 3239 ab
1306 3185 1374 3240 ortu
1394 3178 1423 3239 iu
1445 3197 1586 3240 occasum

222 3273 255 3328 et
283 3267 448 3329 revolvitur
475 3287 535 3328 una
566 3287 633 3329 curn
661 3287 697 3328 eo
730 3267 812 3329 horis
836 3264 889 3330 at.
941 3269 1094 3329 interdum
1127 3267 1153 3328 ei
1185 3268 1265 3328 aliud
1293 3268 1416 3346 insuper
1445 3267 1587 3341 officium,

221 3355 375 3418 deferendi
400 3357 503 3429 nodos,
529 3355 714 3429 attribuitur,
739 3358 816 3417 unde
839 3357 1013 3437 plerumque
1037 3375 1142 3417 nomeu
1167 3357 1274 3429 habet;
1304 3356 1359 3416 sed
1384 3357 1440 3417 hoo
1465 3375 1525 3418 nou
1550 3375 1587 3416 ex

220 3444 338 3506 Eudoxi
361 3452 471 3506 mente.
518 3444 710 3520 „Secundam
734 3453 834 3507 autem
859 3464 911 3525 per
935 3466 1001 3506 eum
1025 3445 1167 3506 circulum
1192 3445 1277 3514 ferri,
1302 3444 1351 3523 qui
1374 3463 1430 3523 per
1453 3445 1585 3506 medium

221 3533 336 3595 zodiaci
361 3533 442 3596 est.“
488 3534 627 3614 Apparet
649 3534 807 3596 Eudoxum
839 3536 916 3595 hunc
944 3535 1045 3596 orbem
1075 3534 1118 3594 sic
1147 3534 1332 3613 disposuisse
1363 3531 1393 3593 iu
1418 3533 1521 3609 Luna,
1555 3542 1589 3595 ut

222 3622 287 3702 ejus
309 3622 371 3701 poli
394 3622 487 3702 priori
512 3623 575 3685 orbi
600 3623 796 3685 revolutionis
821 3623 943 3684 diurnae
968 3624 1159 3696 insisterent,
1191 3623 1378 3683 declinantes
1402 3623 1544 3702 utrinque
1568 3642 1587 3682 a

219 3709 298 3790 polis
322 3711 403 3773 illius
427 3712 455 3774 iu
479 3713 580 3773 coluro
604 3712 802 3773 solstitiorum
828 3712 928 3791 spatio
953 3711 1142 3790 obliquitatis
1168 3711 1337 3789 eclipticas.
1385 3711 1491 3772 Motus
1514 3729 1586 3772 vero

222 3799 287 3879 ejus
310 3808 358 3862 est
381 3801 437 3862 snb
460 3801 552 3880 priori
577 3802 615 3863 ab
640 3810 707 3862 ortu
730 3801 761 3861 in
786 3820 925 3862 occasum
951 3821 1002 3862 seu
1029 3801 1057 3861 in
1083 3800 1310 3872 antecedentia,
1335 3799 1512 3861 restituitur
1535 3820 1586 3861 se-

221 3888 281 3951 mel
310 3889 348 3950 ad
378 3890 456 3951 idem
485 3890 566 3952 illius
592 3890 679 3970 primi
712 3891 776 3951 sive
805 3892 843 3951 ad
868 3890 946 3950 idem
974 3889 1090 3950 zodiaci
1123 3897 1266 3969 punctum
1298 3888 1384 3949 anuis
1417 3886 1467 3951 19.
1521 3887 1588 3959 Quo

222 3978 320 4058 spatio
345 3979 518 4041 circumfert
541 3982 645 4042 nodos.
692 3977 799 4049 Qualis
813 3997 885 4039 vero
909 3987 1007 4040 motus
1031 3977 1120 4056 hujus
1145 3977 1247 4038 circuli
1272 3977 1314 4038 sit
1336 3977 1364 4037 iu
1387 3977 1508 4039 theoria
1527 3976 1589 4040 So·

222 4066 269 4142 lis,
295 4067 392 4130 dicam
412 4069 476 4147 jam
500 4077 643 4148 quantum
667 4068 726 4130 dici
748 4076 851 4147 potest
873 4069 902 4129 iu
923 4068 1024 4128 tertio.
1073 4067 1229 4140 „Tertiam
1245 4075 1346 4128 autem
1366 4085 1422 4145 per
1436 4066 1589 4146 obliquum

222 4154 363 4218 circulum
388 4158 426 4218 ad
451 4157 640 4219 latitudinem
665 4157 851 4238 signorum.“
898 4155 950 4218 Sic
973 4156 1125 4235 intelligo,
1156 4157 1279 4217 tertium
1305 4156 1344 4216 ad
1369 4155 1536 4217 secundum
1558 4155 1589 4216 in

222 4244 317 4306 latum
346 4246 487 4307 inflexum
517 4266 594 4310 esse.
641 4246 702 4308 Est
731 4263 804 4327 ergo
833 4245 896 4319 hic,
932 4245 980 4325 qui
1005 4246 1121 4306 Lunam
1154 4244 1248 4323 ipsam
1274 4245 1381 4305 defert.
1427 4242 1504 4323 Ejus
1528 4243 1589 4323 poli

222 4333 354 4396 secundo
378 4334 549 4415 infiguntur,
575 4337 773 4398 deflectentes
797 4336 934 4415 utrinque
960 4329 1060 4413 spatici
1084 4333 1254 4395 latitudinis
1274 4333 1424 4394 maximae
1441 4333 1588 4394 Lunaris:

222 4429 359 4485 movetur
392 4424 420 4484 iu
451 4425 665 4504 consequentia
696 4445 748 4487 sen
777 4425 815 4486 ab
844 4443 952 4485 occasu
981 4423 1010 4484 iu
1036 4429 1133 4483 ortum
1162 4430 1193 4482 et
1222 4422 1394 4484 restituitur·
1423 4421 1462 4482 ad
1491 4421 1589 4502 primi,

182 4505 184 4511 ’
222 4530 275 4574 seu
300 4512 338 4574 ad
367 4512 483 4574 zodiaci
517 4514 596 4575 idem
623 4522 765 4594 punctum
799 4513 898 4593 spatio
920 4513 985 4574 iere
1008 4520 1171 4573 menstruo.
1219 4513 1267 4574 lta
1293 4511 1341 4584 fit,
1375 4510 1484 4589 utqui
1509 4509 1590 4572 orbis

220 4609 344 4682 propter
367 4610 481 4665 motum
504 4602 699 4682 longitudinis
721 4602 851 4683 ponitur,
877 4602 904 4663 is
919 4601 1071 4663 latitudini
1095 4599 1219 4676 serviat,
1244 4600 1381 4681 quivero
1397 4597 1590 4662 latitudinem

223 4689 330 4754 stellae
353 4699 511 4772 praestare
535 4692 636 4766 debet,
662 4691 857 4769 longitudinis
881 4698 994 4753 motum
1018 4689 1141 4752 efficiat.

312 4777 363 4843 Sit
385 4778 477 4843 ADG
504 4782 637 4863 sphaera
663 4780 787 4843 fixarum
815 4787 848 4842 et
878 4780 907 4842 iu
940 4800 978 4841 ea
1008 4778 1074 4859 ipse
1106 4774 1197 4840 ADG
1227 4777 1347 4839 colurus
1377 4775 1590 4852 solstitiorum,
