3366 5482
161 309 228 378 ⁴32
726 309 964 362 Del'ndffl

729 468 866 530 Thesis
889 467 958 529 LIL

249 556 401 619 Recensui
425 556 609 635 ,potissimas
642 557 881 638 praedictionum
909 555 1160 634 astrologicamm
1187 575 1315 632 cansam
1347 554 1430 636 quod
1452 554 1535 618 reti:

162 666 252 727 quum
275 657 334 720 est,
359 647 389 707 in
409 645 483 724 ipsis
507 655 540 706 ut
562 646 722 724 plurimum
745 645 999 724 praedictionibus
1030 664 1216 708 consumam.
1263 647 1396 708 Primum
1424 663 1524 706 mense

161 736 342 810 Decembri,
378 734 524 795 Ianuario
532 782 538 787 „
556 743 588 795 et
620 736 783 797 Pebmario
821 735 939 796 sextilis
967 733 1090 796 Saturni
1118 743 1150 795 et
1172 736 1283 797 Martis
1305 735 1384 804 erit,
1405 743 1525 812 praeter

161 844 273 887 morem
287 825 454 885 diuturnus.
484 824 606 884 Accidit
630 825 717 897 euim,
738 834 771 885 ut
786 825 871 884 Mars
895 824 982 884 simul
1007 825 1059 884 fiat
1082 824 1290 898 stationarius,
1315 832 1349 884 et
1371 822 1521 884 Saturnus

160 934 215 994 per
248 934 281 974 se
312 913 419 974 tardus
453 923 510 973 est.
558 911 728 974 Commotio
760 914 920 974 vehemens
949 921 981 973 et
1003 912 1191 974 certissimus
1214 932 1359 975 excessus
1389 912 1420 972 iu
1443 919 1524 973 statu

163 1003 253 1064 aeris.
300 1003 335 1063 In
360 1020 417 1081 quo
442 1011 542 1062 autem
566 1022 744 1063 excessurus
768 1003 825 1076 sit,
852 1021 909 1062 nou
934 1002 978 1062 ita
1001 1001 1174 1080 expeditum
1197 1012 1254 1064 est.
1294 1001 1431 1064 Namad
1451 1001 1523 1062 hane

162 1112 225 1154 rem
248 1091 409 1170 requiritur
432 1091 583 1169 generalis
598 1092 677 1152 illius
693 1091 901 1171 dispositionis
916 1091 1067 1150 Terrenae
1090 1092 1271 1169 speculatio,
1296 1091 1398 1171 qualis
1427 1090 1524 1152 maura

163 1183 213 1256 sit,
239 1179 318 1259 quod
341 1179 461 1258 quidem
486 1180 575 1240 nullis
591 1180 688 1240 adhuc
712 1179 892 1258 conjecturis
916 1179 1037 1258 assequi
1060 1197 1115 1239 nos
1142 1197 1233 1258 posse
1255 1190 1339 1259 puto,
1359 1198 1438 1260 quae
1462 1179 1522 1241 dis-

158 1270 268 1350 positio
292 1269 397 1330 fortior
420 1280 485 1342 cst,
510 1287 599 1347 quam
623 1269 755 1350 ipsorum
783 1270 972 1347 planetarum
1000 1268 1185 1345 operationis
1208 1269 1339 1330 variatio
1363 1287 1418 1348 per
1441 1268 1520 1330 vira

163 1358 339 1438 peculiares.
388 1355 423 1417 Si
448 1358 531 1417 solus
556 1358 614 1417 iste
639 1357 748 1417 fuisset
770 1366 926 1436 aspectus,
956 1376 1102 1417 summum
1127 1357 1165 1417 ab
1189 1357 1437 1419 exhalationibus
1459 1357 1523 1417 nin-

166 1448 245 1527 gidis
270 1447 364 1525 frigus
387 1446 618 1523 praedixissem.
665 1448 709 1507 At
736 1448 801 1525 jam
832 1456 955 1526 propter
986 1447 1388 1525 concursum‘plurimorum
1416 1463 1522 1525 aspec-

164 1547 247 1598 tuum
270 1544 388 1596 tautam
419 1543 493 1613 puto
517 1535 580 1595 fore
605 1536 832 1596 commotionem
857 1534 1036 1606 (accedente
1054 1536 1235 1612 praesertim
1250 1536 1385 1597 statione
1399 1534 1523 1606 Muta)

162 1634 197 1686 ut
219 1631 272 1685 aer
295 1623 407 1702 tepidis
431 1623 521 1700 plane
544 1624 721 1703 vaporibus,
745 1643 762 1682 e
786 1624 898 1684 Terrae
922 1622 1088 1684 visceribus
1111 1624 1254 1697 excretio,
1280 1624 1417 1693 calefiat,
1442 1624 1522 1685 uires

162 1713 377 1793 propemodum
400 1708 600 1786 resolvantur,
626 1713 735 1773 itinera
758 1713 916 1790 plurimum
930 1711 1150 1791 impediantur.
1196 1711 1334 1775 Januarii
1352 1710 1385 1775 4.
1412 1715 1445 1789 ό
1454 1709 1522 1789 &Q

161 1803 245 1863 nives
275 1810 328 1862 aut
351 1809 473 1874 ventos,
498 1809 588 1878 prout
612 1802 689 1862 feret
712 1801 862 1880 generalis
887 1800 1057 1880 dispositio.
1104 1798 1196 1862 Circa
1227 1799 1277 1864 10.
1306 1801 1357 1864 11.
1383 1801 1522 1863 1111111-

160 1892 272 1952 tissimi
296 1897 451 1968 aspectus.
498 1890 603 1950 1111111
627 1897 732 1968 tepor,
766 1899 798 1950 et
829 1889 950 1967 pluviae
980 1908 1047 1949 cum
1071 1888 1190 1951 nivibus
1213 1890 1406 1952 intermixtis.
1453 1890 1522 1951 Fine

161 2000 198 2041 cx
223 1979 354 2059 antiquis
378 1979 552 2057 aspectibus
576 1979 659 2049 nulli,
688 1998 724 2038 ex
748 1979 833 2039 novis
857 1997 928 2039 vero
952 1979 981 2040 d.
998 1975 1051 2038 21.
1077 1978 1211 2056 quintilis
1233 1977 1321 2040 Jovis
1345 1988 1378 2040 et
1396 1978 1522 2040 Veneris

162 2071 309 2130 flatuosus
333 2076 364 2127 et
387 2067 512 2140 calidus,
539 2078 681 2147 quantum
705 2068 810 2147 hyems
834 2067 902 2128 sert.
941 2067 979 2127 D.
1005 2061 1058 2126 24.
1083 2067 1217 2144 quintilis
1242 2067 1366 2130 Saturni
1390 2076 1424 2129 et
1446 2066 1522 2130 Solis

163 2158 299 2236 frigidus,
324 2156 464 2234 ningidus
489 2175 542 2216 scu
565 2156 694 2235 pluvius.
728 2156 767 2217 D.
789 2152 841 2218 28.
859 2155 1128 2235 sesquiquadratus
1147 2156 1257 2218 Martis
1282 2165 1315 2217 et
1337 2157 1432 2230 Solis,
1447 2174 1521 2230 acer,

162 2245 317 2307 subtilium
342 2252 373 2304 et
395 2243 559 2322 rigidorurn
583 2253 748 2317 ventorum,
773 2251 805 2304 et
826 2262 882 2322 pro
907 2262 938 2304 re
962 2252 1036 2304 nata
1058 2244 1208 2324 ningidus.
1239 2243 1418 2308 Observent
1435 2247 1523 2327 igitur

163 2335 218 2396 hos
241 2335 317 2404 dies,
341 2334 447 2413 quibus
472 2343 520 2394 est
543 2333 661 2394 animus
684 2351 779 2394 novos
803 2341 946 2412 aspectus
969 2333 1110 2411 probare.

722 2421 855 2481 Thesis
878 2421 963 2482 LIII.
1545 2492 1549 2497 ,

250 2508 433 2574 Februarius
467 2519 569 2570 scatet
601 2510 733 2589 antiquis
768 2520 801 2570 et
827 2510 913 2570 novis
945 2509 1127 2588 aspectibus.
1174 2510 1208 2570 In
1239 2509 1388 2589 principio
1413 2509 1524 2588 (1ῼὲ

164 2600 268 2662 turbas
302 2600 331 2659 in
360 2600 439 2660 airis
468 2599 684 2660 constitutione
711 2599 834 2673 afferet,
869 2617 938 2659 nam
972 2600 1033 2658 scre
1067 2598 1190 2660 Saturni
1213 2607 1246 2659 et
1268 2599 1380 2661 Martis
1405 2608 1523 2661 contra·

163 2690 301 2750 natatem
325 2688 426 2749 sortiti
451 2697 535 2763 suut,
569 2696 602 2749 ut
630 2706 722 2767 supra
750 2688 862 2749 vidisti.
910 2687 1031 2765 Loquor
1058 2696 1160 2749 tamen
1188 2687 1237 2749 hic
1267 2707 1305 2749 ex
1329 2688 1522 2768 experientis,

162 2797 239 2857 quae
263 2778 352 2838 valde
376 2777 579 2838 turbulentam
602 2785 736 2838 testatur
759 2777 864 2838 horum
887 2776 1173 2854 configurationem
1198 2777 1276 2837 sorte
1299 2777 1332 2838 id
1354 2783 1391 2839 et
1411 2777 1450 2839 ob
1471 2779 1522 2838 hoc

162 2874 225 2939 est,
259 2867 419 2946 quiscum
443 2865 506 2926 sint
534 2866 669 2944 aequalis
698 2883 791 2944 prope
820 2883 935 2939 cursus,
960 2865 1046 2925 tarde
1070 2874 1259 2945 separantur,
1283 2875 1317 2927 et
1339 2868 1522 2946 ponderosos

163 2956 355 3036 aliquatenus
388 2961 629 3033 repraesentant.
689 2953 838 3033 Equidem
872 2962 903 3014 et
936 2954 1070 3014 tonitma
1101 2972 1169 3015 esse
1201 2963 1338 3033 possunt.
1393 2954 1445 3017 Ab
1477 2953 1521 3018 11.

162 3046 236 3106 Feb.
261 3044 310 3104 ad.
335 3040 388 3105 23.
414 3044 496 3104 nulla
518 3044 606 3122 plane
631 3043 726 3121 quies.
773 3044 881 3121 Itaque
904 3051 968 3122 ,aut
998 3042 1157 3122 plurimum
1184 3043 1303 3123 ninget,
1337 3044 1365 3105 si
1395 3045 1445 3107 dic
1475 3041 1520 3106 11.

163 3135 241 3213 apud
265 3131 384 3212 [ὶῇΘ
410 3132 504 3212 higna
527 3132 661 3206 redierit,
686 3139 739 3192 aut
760 3132 919 3212 plurimum
941 3131 1034 3211 pluet,
1059 3131 1087 3193 si
1110 3140 1197 3212 tepor
1220 3132 1295 3208 illic,
1326 3134 1407 3215 quod
1429 3131 1521 3213 magis

161 3223 264 3297 credo,
289 3223 440 3302 perduret.

720 3306 857 3368 Thesis
880 3308 966 3369 LIV.

249 3398 364 3460 Habuit
379 3396 561 3462 Febmarius
581 3393 621 3459 21
639 3403 781 3476 aspectus
797 3415 850 3457 sex
865 3397 1055 3475 planctamm
1070 3396 1194 3470 (Lunae
1209 3405 1243 3458 ut
1265 3396 1391 3462 nimium
1413 3398 1520 3462 velocis

161 3487 239 3549 iuter
270 3496 413 3567 aspectus
446 3487 523 3548 ratio
552 3505 628 3566 pene
659 3486 741 3547 nulla
770 3488 842 3559 est).
890 3484 1020 3546 Martius
1048 3485 1154 3564 viginti
1177 3487 1372 3550 nanciscitur.
1419 3491 1519 3569 Itaque

160 3576 254 3637 multo
278 3576 375 3638 adhuc
398 3575 598 3637 turbulentior
621 3574 693 3649 erit;
719 3593 784 3634 curu
808 3575 885 3635 alias
909 3593 1026 3654 quoque
1044 3574 1120 3636 haec
1140 3575 1203 3654 ejus
1218 3584 1327 3640 natura
1341 3578 1392 3640 sit.
1422 3578 1518 3639 Prima

160 3665 273 3727 mensis
291 3675 378 3744 parte
397 3666 462 3744 jam
486 3665 621 3726 tonitrua
643 3671 767 3744 propter
791 3668 816 3735 00
831 3660 871 3739 Θ
883 3671 923 3735 d,
953 3664 999 3724 cui
1024 3664 1083 3724 etsi
1107 3664 1235 3725 latitudo
1258 3665 1370 3728 Martis
1399 3667 1528 3729 multum¹

160 3754 312 3830 detrahit,
350 3754 498 3816 crebritas
531 3762 632 3814 tamen
667 3760 842 3832 aspectuum
874 3751 1007 3813 vicissim
1039 3753 1118 3815 uires
1147 3753 1242 3816 addit.
1290 3755 1392 3835 Tepor
1422 3756 1516 3836 itaque

159 3843 428 3922 praeternaturalis
461 3843 626 3918 hactenus,
658 3862 676 3902 a
704 3838 750 3902 13.
775 3841 878 3902 Martii
912 3859 1041 3920 auguror
1074 3843 1340 3923 commutationem
1368 3844 1399 3906 in
1430 3844 1516 3924 frigus

159 3931 315 4011 hyemale:
345 3933 412 3993 exin
437 3932 596 3993 continuos
618 3930 1056 4079 ventosTlpigidoerppvesque
1079 3931 1188 4012 pluviis
1208 3932 1413 3997 intermixtas.

784 4038 862 4079 esis
948 4064 955 4079 .

248 4106 385 4187 Aprilem
409 4126 497 4187 spero
522 4108 691 4169 naturalem
714 4106 800 4168 initio
823 4106 939 4180 calido,
964 4108 1002 4168 ob
1025 4107 1213 4187 biquintilem
1237 4108 1348 4171 Martis
1377 4116 1410 4171 et
1431 4107 1512 4182 Solis,

158 4197 291 4278 pluvium
315 4198 475 4260 admodum
500 4195 589 4257 biduo
613 4205 684 4257 ante
708 4203 740 4255 et
763 4203 834 4275 post
856 4195 1060 4274 plenilunium,
1086 4198 1310 4276 configurantur
1324 4197 1512 4261 enimomnes

159 4287 311 4366 planetae.
359 4288 425 4348 Nec
449 4285 576 4346 deerunt
599 4305 618 4345 a
645 4282 693 4347 13.
719 4284 749 4345 11
776 4281 825 4346 16.
850 4285 981 4364 pluviae.
1023 4286 1097 4347 Inde
1121 4286 1204 4348 calor
1227 4295 1260 4348 et
1282 4286 1365 4349 circa
1388 4283 1441 4350 24.
1464 4305 1511 4348 ox·

159 4394 273 4451 cessus,
299 4375 403 4456 quiin
427 4373 561 4435 tonitrua
584 4381 728 4453 emmpet,
753 4374 791 4435 ob
815 4374 964 4454 trigonum
988 4373 1070 4437 Solis
1093 4381 1125 4436 et
1147 4375 1268 4438 Martis.
1315 4373 1392 4439 Fine
1414 4376 1511 4440 iterum

157 4464 322 4615 lmbredieii
346 4549 492 4632 principia
515 4550 615 4612 reddit
638 4551 761 4627 horrida
784 4558 815 4612 et
839 4550 1008 4611 tonitruosa
1026 4549 1140 4627 (19ζῖ,
1165 4551 1223 4612 nisi
1246 4550 1520 4616 1111111111111110Δ

158 4641 488 4712 1111111111111111,
518 4658 595 4720 quae
619 4641 779 4701 admodum
804 4647 889 4701 certa
911 4658 970 4700 non
995 4647 1061 4713 est,
1091 4648 1125 4701 ut
1151 4659 1207 4701 nec
1235 4641 1302 4704 dies
1324 4649 1449 4724 propter
1468 4637 1519 4701 11·

158 4730 268 4791 tiosnm
292 4730 454 4792 etiamnum
478 4729 636 4790 calculum.
682 4730 740 4791 Die
765 4727 814 4792 10.
839 4726 888 4790 11.
908 4725 957 4790 12.
983 4727 1110 4808 frigidae
1134 4728 1265 4808 pluviae,
1290 4738 1324 4792 et
1345 4732 1395 4794 vel
1417 4727 1507 4793 nixu

158 4819 325 4895 montanis,
359 4816 521 4902 insalubris
554 4823 616 4881 adr.
663 4816 708 4879 At
731 4836 837 4880 sereno
861 4817 945 4879 coelo
975 4816 1136 4880 etiamnum
1158 4819 1267 4900 pruina
1289 4819 1384 4884 metui
1405 4822 1506 4903 potest
