3366 5482
586 577 1520 657 anvetflleasenipsanneaapogaeiepteyefimitureeup-

586 650 666 703 ticae
690 649 952 701 etsieBfitK.
976 648 1165 709 etClit'l’,
1193 644 1519 714 quiaADperpendicu·

587 718 672 769 lariter
695 720 914 769 adeescendit
952 719 1522 786 sseQRmistotoeoettapogaeilinea

414 758 507 853 &N
587 791 805 854 perpendicularis
824 791 1521 856 vveroempogsemnepteyetimlgamtoeet

589 876 743 925 apogaeum
772 877 788 911 a
813 878 860 927 qun
888 860 1047 911 dimanat*
1031 862 1265 925 prolatitudine
1290 862 1520 928 inquirendarum

542 934 670 982 debet.
708 933 777 982 Data
800 935 876 998 igitur
901 932 1058 982 distantia'f
1084 935 1115 982 ab
1141 948 1254 997 apogaeo
1276 934 1387 999 wlgari,
1416 933 1521 984 addatur

546 998 621 1052 illi
641 1006 775 1053 ὥιιιηιὶιο
794 1008 871 1054 tenni
890 1005 993 1068 epicycli
1013 1005 1045 1053 ιδ
1062 1019 1174 1069 apogaeo
1191 1007 1326 1055 eccentriei
1346 1006 1479 1062 tutanda
1496 1013 1520 1056 et

267 1086 284 1111 *x
324 1047 554 1395 j
586 1075 663 1125 babes
682 1085 796 1133 totam
780 1074 965 1124 distantiam
983 1076 1015 1124 ab
1034 1089 1148 1140 apogaeo
1166 1076 1270 1138 epieycli
1288 1075 1413 1160 parallelo
1438 1076 1519 1126 latitu-

242 1194 248 1207 ‚
298 1196 299 1201 ,
587 1148 679 1196 Munna
716 1115 834 1196 Cireellus
856 1162 945 1211 parrus
969 1144 1036 1207 (EF)
1064 1161 1139 1210 prope
1157 1146 1260 1196 Terram
1283 1149 1365 1196 ricem
1389 1149 1520 1198 mulsi

274 1222 297 1311 (Ι
391 1238 394 1247 ·
586 1221 650 1283 gerit
676 1217 871 1282 quodammodo,
897 1221 918 1266 si
942 1220 1052 1281 superior
1076 1231 1134 1280 pars
1152 1217 1173 1265 E
1192 1220 1246 1278 ejus
1264 1218 1389 1274 declinet,
1424 1219 1521 1268 inlerloe

287 1314 323 1362 N&

585 1305 643 1353 pars
662 1289 681 1338 P
699 1291 770 1339 uuita
788 1292 820 1337 ait
847 1289 927 1338 lineae
956 1290 989 1337 ad
1014 1289 1155 1351 eclipticam
1180 1289 1325 1351 productae.
1364 1288 1392 1338 Si
1411 1297 1519 1339 centrum

586 1362 718 1410 eccentrici
736 1364 761 1409 in
775 1361 795 1408 E
809 1362 925 1422 superiori
935 1368 1014 1422 parte,
1034 1369 1094 1408 tunc
1112 1360 1179 1407 linea
1198 1359 1304 1409 aTerra
1321 1375 1369 1423 per
1383 1360 1446 1409 illud
1464 1375 1532 1413 ean.

584 1441 648 1480 trum
666 1434 799 1480 eccentrici
819 1433 910 1479 educta
928 1430 1038 1479 ostendit
1056 1430 1248 1479 declinau'onern
1267 1431 1300 1479 ab
1319 1431 1449 1494 ecliptica.

232 1502 262 1551 ln
280 1500 380 1553 Venere
397 1512 466 1567 puto.
485 1518 562 1552 uuam
579 1504 735 1554 latitudinem
754 1512 851 1551 tantum
871 1518 939 1559 esse;
958 1502 1115 1551 missionem
1133 1501 1249 1550 videlicet
1265 1504 1413 1558 matrici.
1429 1502 1520 1552 nullan

158 1589 215 1623 vero
235 1574 426 1623 declinationem
446 1572 496 1636 (l),
515 1590 571 1624 cum
591 1576 654 1624 adeo
672 1589 749 1638 parra
771 1610 776 1619 .
797 1610 803 1621 .
825 1609 830 1618 .
852 1609 858 1621 .
879 1571 916 1634 (l)
936 1609 942 1620 .
962 1609 970 1620 .
989 1607 996 1618 .
1016 1586 1081 1635 quae
1104 1572 1167 1621 torte
1185 1573 1245 1620 ritio
1264 1573 1447 1623 observationis
1462 1573 1518 1623 Pte

157 1646 279 1694 lemaicae
298 1645 335 1693 ita
353 1645 469 1694 ordinata
488 1647 542 1694 luit

229 1715 320 1764 ludica
337 1721 365 1763 tu
384 1716 415 1765 de
433 1715 482 1766 hac
500 1718 679 1780 speculatione,
697 1719 738 1779 qui
758 1715 968 1763 observationibus
981 1713 1147 1775 Tychouiauis
1165 1713 1320 1763 hauddubie
1336 1716 1474 1765 iniunctus
1486 1729 1518 1764 es

233 1785 375 1851 Diligenter
393 1802 489 1850 quoque
508 1803 538 1837 ea
556 1788 725 1852 parallaxibus
743 1787 781 1834 rel
800 1786 993 1834 cruciationibus
1006 1782 1236 1847 (evagationibusl)
1256 1787 1322 1833 risus
1342 1786 1519 1836 attendendum

159 1857 244 1920 judico
263 1856 294 1905 de
313 1855 430 1907 Mercurii
449 1859 535 1907 νίιιιδί
553 1861 704 1923 quantitate.
724 1873 756 1906 an
775 1854 791 1903 4
810 1859 887 1920 signis
907 1859 939 1905 ιδ
957 1870 1069 1918 apogaeo
1087 1862 1196 1903 mmotns
1214 1870 1301 1905 revera
1320 1858 1405 1922 magis
1417 1858 1451 1906 ad
1463 1857 1517 1907 Ter·

161 1943 214 1978 ram
234 1930 422 1992 appropinquet,
440 1944 514 1993 quam
533 1932 558 1978 in
577 1933 703 1993 perigaeo,
722 1929 759 1978 rel
779 1943 811 1976 an
830 1928 889 1976 illud
908 1928 954 1976 fiat
971 1941 1014 1990 per
1026 1933 1119 1974 motum
1136 1926 1251 1974 diametri
1262 1930 1336 1989 juxta
1348 1928 1519 1992 Capernicum,

160 1999 199 2048 rel
218 1998 323 2063 epicycli
342 2002 539 2062 majorationem,
557 2010 585 2049 ut
603 2004 638 2049 sic
657 1999 754 2049 dicam?

185 2077 230 2149 sss·
259 2103 279 2137 ⁵·
411 2087 612 2166 Keplerus:
646 2089 702 2148 ilic
727 2105 880 2148 meracas
904 2087 932 2145 in
958 2087 1144 2166 labyrinthos
1161 2099 1228 2147 tuos
1253 2082 1289 2146 de
1314 2087 1468 2149 Mercurio
1490 2101 1519 2150 et

251 2220 264 2258 ὁ
323 2175 453 2237 Venere.
485 2177 554 2239 Non
580 2177 663 2239 lubet
686 2176 785 2255 sequi:
820 2175 897 2235 citra
921 2175 1066 2236 rationem
1101 2175 1241 2255 fatigaris
1274 2178 1421 2238 assumtis
1446 2179 1517 2238 Pto-

324 2264 430 2325 lemaei
453 2264 585 2344 placitis,
611 2286 687 2347 quae
719 2274 782 2325 tam
806 2264 901 2324 multa
931 2263 1298 2344 falsadeprehenduntur.
1348 2265 1427 2326 Mihi
1455 2267 1516 2327 sul-

323 2352 385 2413 licit
408 2355 486 2416 scire
510 2354 566 2415 hoc
590 2355 627 2415 de
651 2355 771 2415 Venere
796 2361 826 2412 ct
852 2352 1000 2415 Mercurio
1025 2373 1063 2413 ea
1086 2352 1365 2420 obseruationibus,
1392 2355 1517 2417 inclina-

322 2443 420 2503 tiones
435 2444 592 2522 planorum
612 2445 702 2522 (quae
719 2452 789 2503 sunt
805 2441 981 2502 Ptolemaeo
996 2441 1138 2523 epicycli)
1162 2441 1201 2502 ad
1219 2441 1342 2520 planum
1361 2443 1517 2523 eclipticas

201 2590 214 2607 ..
325 2550 393 2592 esse
418 2542 608 2607 constantes,
634 2541 666 2592 et
689 2532 799 2592 variari
825 2549 913 2609 posse
931 2532 1121 2592 latitudinem
1145 2551 1198 2591 sen
1211 2531 1440 2597 inclinationem
1454 2552 1511 2593 ma·

208 2608 222 2693 f
323 2621 443 2693 rimam,
470 2623 588 2700 quando
612 2621 759 2697 contingit
783 2621 810 2681 in
835 2616 919 2696 όΘ
946 2642 964 2680 a
991 2614 1034 2682 l⁰
1056 2619 1085 2681 in
1112 2613 1180 2681 10·
1202 2619 1248 2679 vel
1276 2617 1355 2693 11⁰,
1380 2631 1415 2683 ut
1438 2622 1517 2683 vides

210 2708 241 2724 ““
324 2709 352 2768 in
378 2709 497 2786 adjecto
522 2710 687 2772 schemate.
734 2708 803 2769 Erit
828 2707 938 2782 9559
964 2729 1054 2788 supra
1081 2704 1157 2782 11⁰,
1188 2710 1267 2769 infra
1293 2705 1336 2769 1ο
1358 2729 1387 2772 c.
1411 2728 1438 2771 c.

264 2784 278 2811 ⁸
412 2800 556 2859 Fortasse
584 2799 682 2860 minus
711 2799 779 2877 quid
810 2797 984 2871 dicendum,
1019 2809 1050 2858 ut
1079 2797 1208 2857 alterum
1236 2797 1363 2860 alterius
1392 2799 1434 2860 sit
1464 2819 1515 2860 non

323 2887 534 2965 undecuplum,
569 2889 621 2950 sed
647 2887 813 2967 octuplum,
848 2899 899 2946 aut
925 2889 1001 2948 sorte
1032 2887 1237 2947 tantummodo
1262 2887 1453 2968 sextuplum,
1484 2890 1517 2950 (le

233 2994 236 3003 ·
322 2995 380 3054 quo
403 2996 460 3037 non
485 2996 594 3056 pugno.
642 2974 765 3038 Circclli
789 2975 936 3037 libratorii
961 2976 1177 3048 ultrocadunt,
1201 2975 1321 3036 bisecta
1335 2978 1514 3040 eccentrici·

322 3073 387 3124 tate
402 3065 524 3127 Terrae.
562 3065 609 3126 Ex
625 3065 767 3147 epicyclis
782 3065 856 3125 fient
873 3064 1042 3139 eccentrici,
1067 3063 1195 3144 quilibet
1208 3084 1273 3125 cum
1288 3086 1343 3127 suo
1360 3076 1516 3148 aequante.

248 3170 257 3197 ν
323 3153 452 3215 Teutavi
477 3163 547 3215 ante
572 3174 667 3215 annos
691 3152 781 3215 tirel
807 3151 842 3228 ἲς
875 3153 979 3216 videor
1001 3152 1188 3227 meminisse,
1213 3172 1271 3214 non
1294 3173 1389 3234 posse
1412 3155 1513 3218 Ptole·

259 3252 273 3299 ὸ
323 3242 401 3303 maci
426 3242 540 3321 placita
563 3244 733 3305 transfundi
757 3243 786 3303 in
809 3242 1046 3322 Copemicanam
1071 3245 1197 3304 formam
1220 3242 1298 3303 citra
1320 3244 1515 3306 mutationem

160 3351 348 3410 nonnanes
368 3347 485 3403 eorum,
519 3351 595 3411 quac
628 3350 665 3392 ex
693 3332 889 3393 Ptolemaicis·
920 3340 1092 3411 sequnntur.
1140 3331 1350 3410 Triangulatio
1379 3331 1516 3396 Mercurii

160 3428 303 3501 suspecta
326 3429 384 3488 est,
409 3421 493 3501 quia,
518 3430 660 3501 quantum
685 3421 716 3482 id
739 3430 787 3482 est
810 3421 839 3480 in
864 3421 1089 3493 observatione,
1116 3421 1194 3500 quod
1217 3418 1396 3483 Ptolemaeo
1421 3423 1514 3485 trian-

160 3509 343 3590 gulationem
367 3511 534 3588 persuasit,
565 3511 595 3570 id
619 3519 732 3585 toturn,
758 3529 851 3588 eoque
875 3511 973 3589 majus
1007 3508 1119 3589 aliquid
1149 3509 1372 3571 observationis
1394 3511 1514 3573 incerti-

160 3599 256 3660 tudini
280 3597 369 3659 tribui
393 3608 506 3679 potest.
554 3599 594 3659 Et
619 3607 719 3660 tamen
744 3598 769 3659 si
795 3618 831 3659 es
856 3599 991 3679 epicycln
1016 3599 1049 3658 fit
1073 3599 1273 3673 ecccutricns,
1307 3600 1516 3681 eccentricitas

162 3689 215 3750 liet
237 3707 363 3765 magna,
389 3689 519 3749 ovalitas
544 3687 685 3767 insignis,
711 3688 885 3749 occasiones
909 3687 1035 3760 multae,
1062 3706 1137 3766 quae
1162 3687 1337 3750 Ptolemaeo
1358 3689 1397 3750 ad
1422 3690 1515 3751 trian-

159 3777 342 3857 gulaticnem
366 3777 485 3854 praeire
511 3787 683 3856 potuerunt.
730 3777 850 3838 Addam
881 3787 913 3837 et
940 3777 983 3850 id,
1018 3776 1055 3836 de
1084 3793 1143 3855 qno
1173 3776 1263 3836 toties
1294 3779 1436 3858 quaeris,
1470 3797 1519 3840 cur

161 3866 248 3927 hodic
278 3874 405 3926 cunctae
435 3866 642 3946 elongationes
676 3866 824 3926 maximae
854 3884 910 3925 non
947 3872 1077 3945 aequent
1106 3866 1256 3947 antiquas.
1304 3866 1374 3928 Non
1405 3866 1518 3947 dispeui

161 3955 231 4034 qnid
257 3955 352 4015 dicas.
401 3954 461 4015 Sed
486 3956 638 4015 inventum
672 3973 796 4027 moneo,
831 3962 864 4015 ut
896 3974 996 4015 sumes
1034 3953 1243 4033 elongationcs
1277 3974 1295 4014 a
1323 3956 1425 4018 medio
1457 3958 1518 4018 loco

161 4042 253 4117 Solis,
279 4063 336 4103 non
362 4064 379 4104 a
404 4063 488 4116 sero,
515 4054 675 4124 ceteraque
699 4045 764 4105 Tua
789 4045 901 4104 frustra
924 4062 990 4104 cum
1015 4042 1209 4104 Ptolemaicis
1233 4044 1443 4124 comparabis,
1476 4044 1519 4106 sin
1549 4116 1561 4130 ν

161 4151 198 4193 ex
222 4132 392 4192 observatis
417 4134 489 4193 Tuis
515 4133 661 4212 loquaris:
688 4133 729 4192 nil
753 4132 867 4206 mirum,
893 4132 918 4193 si
943 4133 1114 4210 discrepent
1138 4153 1157 4192 a
1179 4132 1300 4211 placitis
1315 4133 1518 4196 Ptolemaicis.

161 4221 239 4280 Puto
263 4220 325 4280 lieri
351 4239 407 4280 non
432 4241 538 4300 posse,
563 4232 594 4283 nt
619 4221 698 4282 intra
723 4233 804 4282 tuam
829 4230 962 4283 aetatem
978 4221 1090 4281 cadant
1114 4221 1283 4300 hujusmodi
1299 4223 1518 4304 elongationes,

159 4327 219 4370 una
243 4308 405 4378 matutina,
436 4311 534 4372 altera
557 4311 745 4389 vespertina,
780 4310 827 4370 ubi
853 4310 1020 4372 Mercurius
1054 4310 1142 4370 simul
1167 4310 1272 4370 eodem
1302 4311 1348 4373 sit
1378 4312 1445 4374 loco
1475 4310 1519 4372 sui

160 4397 301 4479 epicycli,
327 4398 473 4479 simulque
499 4401 590 4462 cadat
609 4400 637 4461 in
662 4399 883 4479 elongationem
908 4399 1082 4474 maximam,
1113 4407 1146 4460 nt
1169 4397 1290 4479 quidem
1313 4400 1425 4463 sumsit
1446 4402 1520 4463 Pto·

160 4486 303 4548 lemaens.

229 4573 407 4625 Fabricius:
429 4574 559 4634 Narratur.
578 4576 713 4625 Dracum
732 4578 758 4624 in
777 4575 916 4625 elevatione
928 4576 976 4639 poli
990 4571 1042 4623 ⁴1⁰
1061 4581 1171 4639 ternpore
1190 4577 1285 4625 assum
1302 4589 1426 4642 magnum
1444 4579 1520 4643 frigus

159 4645 290 4702 invenisse,
309 4660 357 4696 neo
376 4655 474 4712 propter
487 4648 594 4714 glaciem
611 4649 637 4696 in
656 4647 733 4697 litoris
751 4647 859 4697 Pemnni
882 4650 937 4696 sinu
965 4648 1072 4712 quodam
1090 4649 1219 4697 iuventam
1237 4648 1341 4698 ulterius
1358 4652 1460 4715 migrari
1477 4664 1519 4714 po-

159 4717 244 4766 tuisse.
282 4717 354 4778 Quae
373 4732 451 4769 cansa
468 4720 541 4783 hujus
559 4718 651 4769 insoliti
669 4717 784 4784 trigoris?

249 4789 456 4869 Keplerus:
489 4791 536 4853 De
565 4789 677 4870 frigore
707 4792 737 4854 in
768 4789 907 4854 litoribus
930 4788 1077 4860 Quivirae
1099 4798 1174 4871 puto
1195 4808 1244 4853 me
1267 4790 1430 4874 scripsisse
1459 4792 1518 4872 jain
