3366 5482
617 268 702 324 snas
719 272 834 323 scens
859 272 865 307 ε
957 201 968 217 v
1333 258 1398 328 665

47 430 191 480 66666166
211 445 276 481 anno
297 427 373 479 1501.
405 438 489 482 erecta
513 434 539 482 in
558 432 620 485 1666.
639 432 680 481 661
698 436 815 495 parentes
833 428 937 478 loannis
956 425 1092 485 6666161111,
1112 427 1152 489 qui
1170 438 1255 489 regem
1274 419 1399 472 Gallorum

45 501 123 551 cultro
151 508 273 551 venenato
302 503 442 552 interimere
469 518 499 554 cx
517 503 667 553 Jesultarum
690 503 792 552 nefaria
817 501 975 566 suggestione
994 497 1172 555 contenderat,
1192 495 1353 549 habitarunt,
1375 493 1400 542 16

45 573 163 636 principio
182 573 254 634 hujus
274 575 333 622 anni
352 574 493 624 evertitur.“
514 572 598 635 (ibid.)

135 642 207 703 Quod
226 659 263 693 res
283 646 373 693 attinet
390 645 544 710 Belgicus
563 650 670 700 constat,
693 644 764 692 anuis
784 640 860 690 1605.
882 648 909 692 61
930 637 1153 702 160686166166,
1171 636 1337 699 Hispanorum
1355 634 1400 684 du·

45 727 114 769 cem,
134 712 413 776 repausandum).
433 714 501 778 Sept.
524 711 603 774 1601)
626 715 763 778 complures
786 726 940 777 expugnasse
965 712 1078 760 civitates
1106 708 1138 757 ad
1157 707 1271 756 Rhenum
1301 710 1401 771 ejusque

45 785 110 832 ostia
128 785 198 839 sitas,
216 785 341 849 rirumque
360 787 427 834 illum
446 787 545 851 ingenio
563 792 731 849 praestantem
749 799 787 834 res
807 784 970 846 Hispanorum
989 783 1014 830 in
1033 780 1122 845 Belgis
1140 781 1165 828 in
1185 777 1272 827 melius
1291 779 1400 826 vertisse.

135 855 164 904 In
193 855 282 920 Anglia
307 871 349 905 rex
377 857 484 906 lacobus
503 856 523 905 1.
544 869 608 905 anno
629 852 705 904 1601.
727 855 852 911 „lesuitas
879 861 905 904 et
932 853 992 901 dios
1019 851 1090 901 Rom.
1120 849 1192 900 Ceth.
1218 849 1341 914 religionis
1360 861 1401 897 ss-

45 927 159 977 cerdotes
178 927 269 990 Anglia
287 926 405 976 excedere
421 927 493 989 jubet
520 927 624 976 ante'd.
650 925 690 975 10.
713 925 811 981 Martiir
840 931 926 975 contra
953 938 1008 972 sero
1029 922 1155 977 Jesultae,
1184 921 1242 969 olim
1269 934 1299 969 ex
1321 919 1403 969 Gallia

45 997 156 1062 expulsi,
176 998 351 1047 intercessione
369 997 670 1061 Ρ6611661666616166166,
690 998 773 1047 sedin
794 995 822 1043 11
845 1002 943 1045 166166
961 994 1085 1043 urbibus.“
1127 989 1195 1041 1600
1216 1006 1274 1050 „rex
1293 1005 1401 1056 magnae

45 1068 110 1118 Brit.
130 1067 254 1117 1166166166
273 1067 373 1117 Scotiae
392 1068 536 1133 Angiicsnis
554 1069 580 1117 in
598 1069 684 1129 ritibus
702 1069 838 1119 conformes
857 1069 926 1122 16611.
945 1069 1023 1130 iisque
1034 1064 1146 1113 similiter
1164 1064 1299 1126 episcopos,
1327 1064 1399 1112 resis-

43 1139 154 1188 tentibus
183 1139 273 1187 irnstra
292 1137 396 1187 Scoticis
421 1139 554 1205 theologis.
580 1139 698 1202 praeficit.
737 1138 905 1189 Retractarlos
924 1139 988 1188 enlm
1007 1134 1135 1186 nonnullos
1152 1135 1178 1183 iu
1197 1134 1295 1183 exilium
1318 1134 1402 1186 611111.

45 1209 175 1259 nonnullos
194 1208 306 1258 mulctat.
344 1209 449 1259 Londini
467 1209 568 1259 Porcius
588 1210 682 1276 Anglns
709 1210 808 1259 illustris
836 1224 891 1259 cum
918 1210 972 1259 aliis
1002 1221 1045 1256 sex
1064 1207 1178 1256 cellulam
1196 1205 1241 1253 sub
1261 1205 1342 1260 aedo,
1362 1204 1402 1253 ubi

45 1281 148 1330 comitia
165 1280 281 1329 habenda
300 1286 398 1335 666661,
417 1280 692 1344 661666616666616616
711 1282 866 1343 repleverat.
892 1287 921 1329 ut
933 1292 1022 1328 omues
1040 1279 1163 1341 principes
1181 1277 1250 1341 regni
1269 1290 1326 1325 cum
1345 1289 1403 1340 rege

46 1351 118 1400 simul
137 1352 162 1399 in
182 1352 346 1400 6666661616
366 1356 448 1400 aerem
468 1352 645 1414 disjicerentnr.
678 1352 796 1401 Conscius
814 1351 944 1402 16666111.
964 1350 1088 1399 Garnetus
1105 1348 1211 1400 Jesuita.
1230 1347 1285 1396 ideo
1304 1348 1325 1395 is
1344 1360 1402 1407 cap·

45 1431 87 1471 tus
106 1421 130 1469 6.
151 1418 192 1468 28.
212 1420 296 1470 6166111
315 1422 459 1484 6666116166
478 1422 531 1471 luit.
551 1422 605 1471 Rex
622 1423 731 1473 lacobus
749 1422 874 1478 Jesuitas,
894 1420 1027 1471 monachos
1051 1420 1167 1469 611166.
1187 1417 1259 1467 each.
1279 1417 1404 1482 religionis

46 1492 283 1609 6161666866666
310 1493 355 1541 sub
383 1493 495 1555 capitalis
519 1493 631 1557 supplicii
656 1508 737 1557 poena
765 1501 817 1542 toto
845 1508 920 1559 reguo
949 1498 1008 1541 ante
1031 1488 1051 1539 1.
1071 1492 1136 1554 Aug.
1165 1488 1283 1539 excedere
1305 1486 1401 1550 lubet‘*

48 1564 78 1624 (1.
100 1576 123 1612 6.
141 1578 164 1626 p.
205 1560 246 1610 70.
267 1560 340 1623 880).

140 1630 187 1693 30)
205 1647 230 1696 6.
249 1631 309 1682 621.
348 1634 469 1697 Keplerns
487 1636 638 1683 sententiam
657 1650 728 1686 suam
745 1637 776 1687 de
790 1643 941 1686 cometarum
954 1641 1045 1684 natura
1062 1635 1172 1698 pluribus
1187 1636 1294 1699 explicat
1307 1634 1331 1682 iu
1344 1636 1404 1686 libro

51 1705 108 1762 „De
128 1704 252 1753 Cometis⁸⁴
272 1701 377 1765 (1610),
394 1705 475 1768 ibique
494 1711 564 1755 16661
582 1706 671 1756 161666
690 1708 721 1757 66
738 1714 807 1757 6616
827 1713 978 1757 66661666
996 1705 1124 1758 6661111666
1142 1709 1299 1757 6661661166.
1333 1707 1404 1767 Quae

47 1793 72 1840 p.
92 1772 146 1824 620
173 1774 246 1824 affert
272 1775 304 1824 de
329 1781 427 1825 cometa
452 1776 584 1838 bipartito.
611 1779 741 1829 referenda
768 1787 827 1828 sunt
852 1779 884 1828 66
909 1784 1031 1828 6666166
1056 1780 1116 1828 6661
1136 1776 1196 1826 ata.
1216 1792 1240 1827 a.
1262 1778 1316 1833 Cb..
1335 1793 1408 1842 quem

49 1849 210 1912 Ephorus,
229 1846 359 1895 historicus
379 1847 506 1903 (1666666,
525 1855 611 1896 narrat
629 1851 655 1899 in
673 1851 735 1900 duas
753 1857 836 1914 partes
855 1849 1003 1912 dissiluisse,
1023 1862 1086 1914 quae
1106 1850 1207 1898 disemis
1225 1850 1309 1899 mundi
1329 1849 1408 1914 plagis

50 1919 204 1970 evanuerint.

139 1985 185 2045 31)
204 2002 228 2050 p.
250 1985 309 2036 522.
348 1988 422 2037 Liber
439 1989 479 2039 hic
498 1990 628 2054 inscriptus
646 2000 696 2040 est:
729 1992 836 2042 Tbeoria
853 2006 917 2041 nora
935 1991 1079 2041 coelestium
1098 1997 1241 2048 meteoron,
1268 1992 1292 2039 in
1311 2005 1361 2054 qua
1379 2005 1409 2042 ex

51 2062 155 2125 plurium
183 2065 335 2108 cometarum
360 2058 536 2122 phoenomenis
563 2063 686 2125 quaedam
706 2063 842 2112 afferuntur
860 2063 891 2112 66
910 2063 1014 2118 61666116,
1037 2077 1110 2125 super
1128 2063 1215 2127 quibus
1233 2068 1332 2112 cometa
1350 2063 1410 2111 anni

50 2130 127 2181 1577.
149 2145 211 2180 6666
237 2134 315 2179 6616·
333 2137 359 2179 61
386 2131 566 2194 regularissimo
591 2131 624 2181 ad
645 2135 808 2198 superioribus
828 2135 899 2183 annis
917 2139 1076 2196 conspectam
1095 2133 1210 2189 stellam,
1239 2140 1359 2196 tanquam
1377 2132 1410 2181 66

52 2203 206 2265 Cynosuram
225 2214 382 2265 progressus,
411 2201 564 2251 harmoniam
583 2204 732 2268 singularem
751 2205 859 2269 undique
878 2205 910 2253 ad
928 2204 1013 2253 mundi
1032 2203 1145 2253 cardines
1170 2203 1275 2258 habuit,
1304 2204 1409 2252 maxime

50 2288 108 2324 rere
126 2272 235 2322 medium
254 2271 367 2334 Europae
387 2278 413 2320 et
430 2279 518 2323 exacte
537 2274 685 2324 Germaniae
708 2275 859 2327 horizontem
885 2275 1000 2340 respexit
1037 2274 1147 2327 Antbore
1167 2274 1222 2324 1161.
1243 2272 1337 2329 1166116,
1358 2288 1409 2322 me·

52 2346 108 2395 dico
127 2343 248 2392 Tabernis
267 2341 388 2392 61661166.
409 2344 512 2407 Argent
534 2343 608 2394 1678.
632 2372 667 2381 -

141 2414 213 2463 11666
233 2419 317 2462 autem
334 2415 360 2461 in
381 2413 532 2470 ,Discursu“
559 2431 573 2465 o
598 2414 675 2466 literis
694 2417 726 2466 ad
744 2416 904 2467 Maestlinum
924 2417 988 2467 datis
1008 2416 1081 2466 611661
1099 2416 1228 2465 Rdsliuns:
1262 2416 1410 2479 ,Postquam

50 2487 125 2551 igitur
145 2482 185 2532 12.
199 2483 344 2533 Decembris
363 2484 402 2534 616
422 2484 526 2535 Cometa
544 2500 600 2536 cum
618 2493 690 2537 sexta
711 2486 832 2551 Ophiuchi
855 2488 929 2537 stella
947 2494 973 2538 et
998 2502 1053 2537 cum
1074 2494 1164 2537 octara
1181 2486 1332 2551 triangulum
1351 2500 1408 2534 con-

49 2558 171 2606 stituisset
189 2554 325 2609 scalenum.
344 2557 415 2617 cuius
433 2555 499 2604 latus
517 2557 613 2606 brevius
631 2559 827 2609 subtendebatur
844 2573 860 2608 6
879 2556 904 2607 t.
918 2559 992 2609 stella
1009 2559 1042 2608 ad
1061 2565 1192 2612 cometam.
1218 2559 1314 2621 longius
1332 2571 1349 2604 a
1368 2571 1409 2605 co·

48 2633 118 2677 meta
136 2626 168 2675 66
187 2630 315 2680 6616666,
336 2625 457 2674 mediocre
476 2627 565 2676 6161166
593 2629 751 2693 occupabant
781 2643 891 2680 66666
910 2630 1023 2679 videlicet
1041 2630 1142 2678 sinistra
1161 2630 1192 2678 sd
1211 2642 1332 2678 anconem
1351 2625 1410 2677 Ser·

48 2698 155 2761 pentarii
175 2694 284 2756 eiusdem
303 2695 414 2756 brachii,
435 2698 560 2746 observari
581 2697 621 2747 16.
639 2699 783 2750 Decembris
802 2702 841 2750 die
860 2707 918 2750 6616
938 2700 1002 2751 86116
1021 2707 1101 2750 66166
1121 2705 1244 2749 6666166
1263 2713 1319 2748 cum
1337 2711 1409 2760 pras·

49 2768 121 2817 dictis
140 2761 217 2816 stellis
236 2766 317 2815 adhuc
335 2765 487 2832 triangulum
505 2767 615 2828 efficere,
644 2772 669 2819 in
697 2786 744 2834 quo
763 2777 847 2820 tamen
867 2771 932 2820 latus
952 2772 983 2819 ab
1003 2785 1098 2820 ancone
1118 2771 1150 2818 ad
1170 2776 1293 2820 cometam
1311 2768 1409 2832 lougius

49 2839 96 2888 init
123 2851 197 2901 quam
219 2833 257 2883 12.
278 2837 333 2888 616.
363 2838 400 2886 116
418 2844 446 2886 61
461 2841 514 2899 jam
532 2839 597 2887 inira
616 2841 823 2903 aequinoctialem
842 2841 959 2891 circulum
979 2847 1100 2889 cometam
1132 2841 1272 2889 constitisse
1308 2851 1410 2887 necesse

49 2910 123 2957 luerit
141 2909 208 2956 circa
227 2903 400 2971 6666111661
420 2908 538 2971 gradum;
558 2909 664 2958 caudam
683 2911 929 2973 66611616661666666
949 2924 1069 2959 anconem
1087 2911 1211 2958 sinistrum
1230 2906 1352 2971 Ophiuchi
1372 2907 1409 2956 di·

50 2984 118 3029 recte
138 2992 155 3026 a
173 2976 246 3033 Sole.
272 2978 336 3040 qued
361 2978 428 3027 linea
447 2979 569 3041 arguebat
587 2978 664 3028 ducta
682 2994 699 3029 a
716 2987 802 3044 quarto
823 2981 964 3044 Capricorni
988 2980 1068 3045 gradu
1086 2977 1122 3039 (16
1141 2994 1188 3042 quo
1207 2986 1259 3027 tum
1279 2976 1320 3028 Sol
1340 2975 1407 3036 6661)

50 3051 83 3100 ad
101 3049 256 3112 praedictam
273 3048 370 3097 6161166
393 3056 489 3098 sextam
508 3049 672 3112 Serpentarii;
693 3049 734 3100 28.
755 3052 794 3100 616
813 3051 930 3101 Decemb.
952 3051 1000 3100 ridi
1027 3051 1155 3100 obscuram
1182 3049 1305 3099 maculam
1333 3061 1408 3110 supra

48 3120 147 3169 stellam
165 3121 191 3168 in
209 3119 307 3166 sinistro
325 3133 392 3182 genu
410 3118 575 3183 Serpentarii,
604 3122 684 3185 magis
712 3127 796 3171 16666
822 3124 847 3171 in
866 3120 1027 3186 Sagittarium
1047 3127 1189 3185 vergentem
1214 3116 1407 3169 circuitibus

49 3192 114 3254 signi
132 3190 243 3254 gradum.
282 3188 355 3239 Hunc
375 3204 430 3239 cnm
447 3197 545 3254 propter
563 3192 738 3242 obscuritatem
757 3199 880 3243 comatam
898 3207 952 3242 esse
970 3194 1047 3255 primo
1066 3191 1217 3241 dubitarem:
1245 3205 1301 3240 mox
1320 3197 1404 3239 tamem

49 3261 117 3310 11166
135 3260 217 3310 cauda
244 3260 377 3321 prodebat,
405 3275 469 3324 quae
488 3262 599 3311 nonnihil
626 3262 706 3312 adhuc
733 3263 979 3326 deprehendebatur,
1007 3262 1087 3326 magis
1115 3270 1200 3311 tamen
1226 3275 1299 3325 qnam
1328 3265 1404 3310 autea

49 3331 155 3386 diffusa,
184 3330 273 3379 deinde
300 3330 364 3393 quod
387 3333 558 3393 posterioribus
581 3333 667 3382 diebus
685 3348 715 3382 eo
733 3335 758 3382 in
777 3334 830 3383 loco
848 3349 897 3383 uon
917 3334 1021 3397 amplius
1040 3340 1186 3397 conspectus
1205 3334 1279 3382 166611
1297 3338 1402 3381 cometa·

48 3402 115 3453 Nam
135 3403 219 3450 statim
237 3402 349 3464 sequenti
368 3401 408 3450 die
427 3404 492 3451 risus
510 3402 568 3452 mihi
586 3419 640 3452 snm
659 3404 765 3454 eandem
783 3405 906 3454 maculam
924 3405 1015 3461 ridere,
1034 3403 1079 3453 sed
1098 3402 1278 3468 aliquantulum
1296 3403 1404 3450 iuferius.

49 3473 99 3522 Die
122 3471 161 3520 11.
180 3471 293 3521 ianuarii
313 3472 371 3521 anni
392 3470 467 3522 1531.
486 3474 534 3522 6161
561 3474 653 3538 aliquid
677 3476 754 3524 instar
782 3475 869 3525 stellae
897 3475 1031 3525 nebulosas
1048 3489 1092 3537 per
1110 3481 1215 3538 quatuor
1233 3473 1325 3538 gradus
1342 3471 1408 3521 inira

49 3559 116 3610 genu
134 3544 258 3591 sinistrum
271 3541 422 3605 Serpentarii
440 3547 545 3607 positum
565 3545 645 3594 adhuc
663 3546 764 3596 ulterim
783 3547 885 3596 tendere
903 3547 928 3594 in
946 3547 1044 3610 signnm
1057 3544 1185 3608 Sagittarii
1205 3545 1238 3594 ad
1257 3542 1281 3592 6.
1300 3542 1403 3607 gradum

49 3624 141 3677 usque:
159 3620 188 3662 nt
206 3615 227 3661 si
240 3612 345 3662 Cometa
357 3613 411 3670 1611,
431 3630 532 3664 necesse
551 3617 584 3664 sit
601 3616 669 3664 illum
688 3630 704 3665 a
722 3618 829 3666 statione
848 3619 918 3680 quasi
936 3616 1017 3666 altera
1033 3619 1086 3678 jam
1103 3616 1223 3666 directum
1237 3629 1291 3664 esse
1303 3613 1405 3663 iactum.

50 3684 215 3749 Sequentibus
234 3683 319 3732 diebus
338 3692 435 3747 propter
453 3688 517 3735 airis
536 3686 710 3736 obscuritatem
730 3688 761 3737 ab
780 3688 891 3736 omuibus
909 3686 1119 3737 observationibus
1132 3684 1292 3736 excludebar:
1313 3682 1405 3743 Quam·

49 3757 85 3804 ris
102 3755 220 3816 judicem,
240 3755 307 3803 illum
326 3769 382 3803 mox
401 3757 548 3820 disparuisse
567 3765 594 3806 et
607 3759 740 3806 'evanuisse
758 3756 805 3808 616.

122 3826 175 3874 Das
202 3824 251 3873 hab
279 3824 319 3873 icb
346 3839 379 3874 66
397 3826 477 3876 Η666
496 3827 652 3878 1166601666
675 3829 790 3878 6666661
815 3828 975 3893 geschriebeu
994 3829 1043 3878 rud
1061 3828 1147 3878 hiemit
1164 3825 1318 3889 Kepplerum
1336 3825 1405 3874 rber-

48 3911 146 3961 zeugen
164 3895 264 3944 661166
293 3896 348 3946 666
368 3896 470 3962 Zeugen
489 3899 537 3961 geb
556 3898 616 3947 Gott
634 3901 674 3948 eiu
692 3899 780 3965 langas
797 3900 878 3949 leben.
915 3898 974 3949 Vnd
1001 3899 1105 3949 erfindet
1122 3898 1176 3948 sich
1194 3898 1239 3947 das
1258 3895 1302 3945 der
1321 3894 1408 3944 comet

48 3968 119 4017 nicht
137 3979 169 4015 au
189 3967 281 4016 diesem
299 3973 338 4014 ert
356 3969 564 4023 rerschsruuden‚
583 3971 628 4018 wie
647 3985 674 4018 er
691 3977 764 4034 sagt,
793 3970 883 4020 sonde'r
910 3984 937 4019 er
962 3969 1006 4020 hat
1024 3968 1076 4019 sich
1095 3970 1202 4019 absorta
1222 3968 1266 4016 der
1284 3966 1408 4028 Ecliptica

48 4038 173 4103 augethon
192 4051 225 4086 au
243 4037 289 4086 das
307 4043 352 4096 ort,
372 4038 405 4088 da
422 4039 480 4088 rber
499 4037 607 4089 211666
625 4040 663 4089 dic
677 4041 798 4091 Plancteu
816 4040 926 4090 hernach
943 4043 969 4090 in
989 4054 1054 4091 anno
1072 4038 1145 4088 1604.
1165 4039 1246 4089 66666
1266 4037 1342 4087 solleu
1361 4050 1404 4084 zu·

47 4108 286 4157 sammenhommen.

140 4193 185 4256 32)
203 4210 227 4258 6.
248 4193 307 4242 526.
345 4195 630 4246 Ρ6616666166166
652 4195 993 4262 „Noribergensisecclesiae
1018 4198 1146 4254 minister,
1175 4198 1216 4261 qui
1242 4192 1406 4246 66661507.

48 4268 178 4332 genituras
194 4265 320 4328 Rudolphi
339 4269 414 4315 666161
435 4276 461 4315 66
479 4268 623 4318 Archidncis
643 4268 805 4317 blaximiliani
828 4281 878 4317 una
897 4283 953 4318 cum
972 4268 1069 4318 'l'urcae
1087 4267 1240 4317 Mahnmetis
1258 4266 1343 4331 paucis
1362 4280 1406 4330 pa·

48 4338 121 4402 gellis
139 4337 300 4400 publicarit!
321 4334 388 4397 ·(Ex
406 4337 482 4387 literis
502 4340 562 4386 Ans.
582 4338 724 4403 flagenloji,
745 4338 819 4388 dlrini
837 4340 902 4388 rerbi
920 4340 1034 4404 magistri
1053 4336 1227 4399 Ratisbonae).

140 4421 186 4486 33)
205 4439 229 4487 p.
250 4421 310 4472 526.
348 4422 458 4472 Roeslini
478 4425 553 4474 rerba
571 4426 633 4476 baec
652 4432 722 4475 sunt:
743 4425 806 4474 Weil
826 4428 885 4476 aber
902 4427 965 4475 oben
985 4428 1111 4482 erniesen,
1131 4426 1175 4474 das
1195 4439 1221 4473 es
1240 4426 1309 4475 nicht
1327 4425 1407 4474 meins

48 4497 215 4544 connexiones
233 4495 280 4543 md
301 4495 527 4559 argumentationes
546 4496 624 4557 seind,
645 4498 733 4546 sunder
752 4497 869 4560 Keppleri
888 4496 975 4552 selber,
995 4497 1083 4547 derso
1102 4495 1278 4562 leichtgleubig
1296 4498 1335 4556 ist,
1355 4496 1406 4558 iep-

47 4565 118 4628 piscb
137 4566 214 4614 daher
231 4563 316 4627 16661
334 4565 382 4614 rnd
401 4566 453 4614 6661
473 4580 615 4616 zusammen
633 4568 735 4622 reimbt,
765 4582 791 4616 so
810 4567 885 4618 bleibt
910 4566 954 4616 666
974 4569 1147 4622 inconnexum,
1166 4567 1268 4616 stultum
1286 4566 1334 4616 666
1354 4580 1407 4616 666-

48 4636 133 4685 66166
152 4635 286 4685 66111666
305 4638 409 4685 66611666
429 4637 477 4686 rnd
496 4651 560 4686 6666
579 4653 609 4686 au
627 4638 778 4693 6611666666,
798 4639 843 4688 das
861 4639 938 4688 6616
958 4638 1062 4687 Tractat
1080 4652 1133 4685 rom
1153 4637 1304 4702 Geburtstag
1322 4652 1408 4687 unsers

47 4707 128 4756 Herrn
149 4706 237 4756 Christi
266 4706 313 4768 bey
341 4707 490 4757 obermelteu
510 4706 631 4771 Epithetis
656 4709 785 4773 geblieben
810 4716 876 4759 6666
903 4708 954 4758 und
982 4709 1051 4759 61661
1075 4709 1165 4757 falsum
1191 4708 1256 4757 auch
1274 4709 1406 4773 begangen

46 4774 564 4838 6611666-0666616111166611666
588 4780 662 4844 paulo
688 4780 752 4829 inira
780 4777 815 4843 (6.
836 4777 900 4841 520)
926 4778 1086 4830 Laurentium
1111 4778 1260 4843 Suslygam,
1280 4778 1407 4836 Polouum,
