3366 5482
575 344 658 399 Notae
676 344 791 399 Editoss's.
1306 346 1372 418 659

16 508 115 564 dictum
137 514 187 561 aut
207 506 339 570 insidiose
361 507 481 577 to'rqueri
502 507 598 576 possit.
631 508 765 579 stidquid
787 508 858 562 enim
878 524 968 562 rerum
990 525 1101 565 suarum
1122 518 1268 584 magnates
1289 528 1308 567 a
1327 531 1371 570 ms

15 589 125 658 oblique
147 586 296 657 perstringi
318 586 410 640 dolere
431 587 554 655 possint,
585 595 732 658 postquam
753 594 868 642 eventus
889 590 1035 653 admonet,
1063 590 1136 645 idem
1164 591 1248 647 etiam
1278 610 1371 647 eorum

15 667 168 724 adversarii
198 672 313 736 possunt
344 673 374 720 et
398 667 484 720 multo
520 667 622 738 magis3
653 667 695 722 ita
724 668 796 722 enim
816 668 912 738 scripsi
934 669 1028 723 dedita
1049 687 1144 740 opera.
1185 673 1230 726 De
1250 672 1370 727 Animali

14 748 125 820 generis
147 747 271 801 neutrius
293 745 350 799 alia
371 752 415 799 est
435 747 594 815 responsio,
616 766 652 801 ex
673 764 729 818 qua
749 748 801 801 hoc
821 765 902 802 unum
933 750 1047 803 verbum
1076 750 1129 804 hac
1158 749 1218 804 sica
1238 769 1368 823 excerpo,

14 830 86 898 quod
107 827 305 896 quaerentibus
326 826 416 878 dicere
437 827 539 894 possis:
561 826 694 880 neminem
716 844 818 893 eornm,
839 828 886 898 qui
907 828 1036 882 dubitant
1056 829 1121 900 quid
1134 831 1225 895 velim,
1247 832 1298 885 sub
1318 832 1371 885 hoc

14 905 354 975 animali‘comprehendis
385 905 431 974 qui
459 922 523 959 vero
545 907 640 959 moniti
662 923 725 960 vere
747 915 828 971 sunt,
860 907 886 960 id
917 925 946 959 se
967 906 1141 963 intellexisse
1161 910 1250 964 literis
1272 913 1308 964 ad
1329 929 1372 965 me

13 987 123 1056 scriptis
143 994 207 1039 sunt
228 984 333 1039 testati.
362 985 455 1049 Errat,
478 985 630 1055 quicunque
652 992 763 1055 torquet
782 1003 845 1040 mea
863 987 952 1040 verba
972 988 1150 1042 insolentius:
1171 990 1280 1044 habent
1300 989 1373 1044 enim

13 1066 64 1119 illa
84 1066 235 1134 simplicem
255 1071 286 1117 et
305 1064 417 1132 planum
438 1081 565 1127 sensum,
597 1066 660 1134 qui,
692 1065 807 1119 detectis
836 1066 962 1134 partibus
982 1083 1051 1137 quas
1072 1067 1241 1137 perstriuxi,
1272 1069 1373 1124 nemini

13 1162 67 1199 non
89 1146 200 1199 evidens
222 1151 252 1197 et
272 1143 367 1197 obvius
389 1152 440 1207 est,
463 1144 601 1212 exceptis,
624 1160 695 1214 quae
716 1146 749 1198 de
770 1144 898 1198 Echardo
920 1146 1034 1212 Italico,
1058 1147 1103 1218 qui
1124 1148 1306 1218 explicandus
1327 1166 1370 1204 rc·

13 1231 89 1288 stat;
111 1224 225 1287 scilicet,
247 1224 318 1294 quod
340 1222 391 1275 nie
409 1240 463 1276 uon
485 1223 570 1276 sitin
592 1223 684 1289 ltalia,
707 1225 754 1277 sed
776 1234 854 1279 trans
879 1240 964 1280 marc.

104 1319 166 1369 Cum
183 1318 221 1368 his
240 1324 411 1380 comparentur
427 1319 565 1382 aequantia,
585 1332 649 1382 quaa
667 1333 681 1368 a
697 1319 773 1368 litoris
785 1320 887 1384 Koplari
904 1327 930 1370 st
952 1319 1019 1371 Petri
1032 1319 1143 1388 Grilgsri,
1164 1321 1253 1373 medici
1272 1327 1301 1373 ot
1317 1335 1372 1375 nra·

13 1390 144 1441 homodei
164 1389 321 1444 Dentiscaui,
339 1390 432 1437 mutuis
452 1389 621 1438 desumsimus.

103 1460 240 1520 Quaerenti
258 1458 410 1522 Crdgero:
438 1459 577 1524 „quodnam
593 1459 659 1508 istud
672 1460 773 1509 tandem
790 1462 881 1511 animal
894 1463 992 1526 generis
1004 1457 1149 1512 neutsiosi“
1169 1461 1233 1513 haec
1246 1464 1373 1527 respondit

13 1539 136 1603 Keplerus
159 1538 194 1600 (d
215 1537 258 1587 28.
278 1539 348 1587 Febr.
370 1535 465 1599 1621);
491 1550 545 1585 non
566 1531 662 1602 scripsi
683 1535 716 1585 de
734 1533 863 1594 „animali
872 1534 983 1606 generis
998 1535 1139 1588 neutrius“
1156 1550 1245 1589 vanae
1262 1537 1372 1607 gloriae
1402 1592 1407 1599 ,

13 1626 106 1675 causa,
129 1614 177 1665 sed
198 1611 288 1665 animo
310 1611 508 1673 commodandi;
531 1627 615 1682 quare
637 1618 666 1665 et
687 1613 800 1666 secretis
820 1614 908 1668 literis
928 1614 1057 1668 admonui
1070 1615 1199 1669 sedentes
1213 1615 1242 1668 in
1256 1616 1370 1670 cerebro

14 1691 150 1746 animalis.
192 1692 287 1744 Modus
309 1691 416 1761 quidem
436 1691 586 1754 infortunii,
608 1693 679 1761 quod
700 1691 863 1757 divinabam,
886 1694 964 1747 nulla
983 1694 1145 1762 comprobat
1163 1710 1255 1748 rerum
1275 1711 1370 1749 conse·

13 1771 87 1825 cutio
108 1770 271 1824 conformis:
293 1770 432 1824 imminere
454 1778 548 1824 musea
569 1770 680 1824 animali
701 1771 848 1841 perniciem
869 1773 989 1837 aliunde,
1011 1773 1111 1826 videris
1133 1779 1163 1827 et
1183 1781 1214 1828 tu
1236 1774 1370 1847 augiuati

13 1851 61 1904 iol.
86 1848 142 1904 133
173 1850 200 1903 in
232 1851 285 1903 tne
319 1855 365 1918 (sc.
388 1856 550 1907 Urauodromi
571 1856 702 1915 Cometici,
727 1857 838 1923 Dautsig
851 1855 935 1923 ‚itia
973 1858 1097 1925 crugerus
1116 1860 1142 1908 in
1164 1859 1211 1909 hoo
1231 1859 1292 1909 libro
1314 1874 1369 1910 sae·

13 1929 66 1991 pius
87 1927 223 1991 Keplerum
240 1926 347 1976 laudans
366 1927 440 1984 dicit,
464 1942 510 1977 nec
537 1943 585 1977 non
604 1928 668 1978 illius
687 1928 873 1992 Prognosticum
893 1929 926 1978 ad
944 1944 1023 1979 annos
1045 1926 1111 1979 1618
1132 1926 1223 1987 et193
1243 1944 1266 1979 s.
1286 1942 1307 1980 c.
1328 1930 1370 1980 iol.

15 1995 82 2047 itt:
100 1999 145 2046 uir
162 2000 240 2047 sitsen
258 1997 298 2047 hie
317 2011 391 2052 sisar,
410 2000 456 2047 vie
469 1998 587 2061 Keppleri
599 1997 680 2054 Thiar.
700 2000 725 2047 in
744 1999 791 2048 den
805 1998 902 2055 Rosam
922 2000 982 2049 aber
998 2013 1051 2050 was
1070 2000 1126 2050 thut
1144 2015 1202 2050 man
1220 2001 1245 2049 ln
1258 1999 1371 2050 Bthman

14 2069 65 2118 und
84 2067 263 2140 oesterrsioh?
293 2069 353 2117 Wss
372 2068 529 2133 rathschlsgi
544 2069 658 2133 dsgegsn
677 2068 722 2118 der
738 2069 839 2132 Bapsti
857 2069 903 2119 ce.
943 2070 1015 2131 Quae
1038 2078 1137 2134 spectat
1154 2070 1278 2135 Keplarus
1294 2071 1371 2121 sorba

15 2138 127 2204 Crilgeri,
146 2140 209 2190 hacc
227 2146 297 2188 sunt:
322 2138 429 2188 Sousten
447 2140 529 2189 kiindt
546 2154 605 2188 man
623 2140 709 2189 diesen
727 2138 846 2189 Cometen
866 2140 931 2190 auch
948 2141 1011 2190 vahl
1030 2141 1212 2206 hieroglyphice
1231 2141 1371 2207 ausslsgsn,

13 2209 91 2260 durch
108 2209 281 2275 Batrachtung
300 2210 343 2259 der
360 2209 529 2259 himmlischsn
549 2209 646 2266 Bilder,
674 2209 767 2260 welche
795 2210 839 2260 der
857 2210 944 2261 Censet
967 2212 1164 2263 durcbuandert.
1201 2213 1270 2263 Ahar
1290 2210 1371 2263 solchs

14 2283 46 2329 ist
64 2280 182 2330 edicam.
218 2281 276 2330 llud
295 2280 354 2329 Gott
372 2295 431 2346 mag
448 2283 543 2333 visson
570 2283 616 2330 sie
634 2281 673 2330 die
691 2281 781 2330 handel
798 2282 864 2331 noch
881 2282 1071 2333 hinauslaulieu.
1108 2282 1162 2332 Wir
1179 2281 1261 2333 habau
1278 2283 1324 2331 ssol
1343 2297 1371 2332 so

14 2351 60 2401 rial
79 2351 217 2401 macheu
235 2352 323 2407 boten,
349 2351 385 2400 als
410 2366 494 2416 grosse
514 2351 581 2415 Ding
604 2366 635 2400 su
659 2351 749 2402 hailon.
786 2350 839 2402 Der
862 2358 944 2416 grosse
962 2354 1047 2404 Abiall
1070 2368 1126 2403 som
1147 2353 1314 2417 Bapstthumh
1339 2355 1373 2402 ist

13 2423 108 2473 meina
126 2422 245 2472 erachtcn
263 2422 339 2472 sehon
357 2423 512 2486 gosohelseu,
536 2422 587 2471 und
605 2422 663 2470 vird
682 2423 728 2471 sol
746 2422 805 2471 hein
822 2430 947 2487 grosserar
969 2425 1065 2489 tolgan,
1090 2439 1118 2473 so
1135 2423 1211 2490 langa
1229 2423 1273 2474 dar
1289 2423 1372 2473 Evan-

13 2493 142 2556 getiseten
160 2493 302 2558 Theolcgsn
326 2493 479 2558 sueiniglseit
502 2491 603 2542 sehret.
640 2491 690 2542 Dia
713 2493 773 2542 vird
796 2494 857 2543 aber
879 2495 926 2544 sol
942 2495 1042 2546 sabran
1060 2495 1110 2545 bias
1128 2509 1162 2544 an
1180 2496 1229 2545 dou
1246 2494 1372 2559 langeton

13 2563 77 2628 ‘lag
115 2563 174 2612 Vnd
201 2578 229 2613 so
252 2578 310 2613 man
334 2563 390 2612 dem
408 2565 489 2627 Bapst
512 2565 598 2612 seinen
617 2561 742 2613 Schliissal
767 2564 836 2614 nicht
861 2572 938 2630 ganta
957 2579 1014 2616 aues
1033 2567 1076 2616 des
1093 2565 1182 2616 Haudt
1199 2567 1293 2616 masan
1311 2566 1372 2620 hiis.

14 2635 60 2683 slei
86 2635 196 2699 seniger
219 2635 280 2683 vird
308 2647 366 2683 man
392 2633 458 2684 ihme
476 2634 522 2683 das
540 2633 668 2684 Schverdt
684 2635 735 2684 und
753 2635 881 2686 brachium
898 2637 1011 2687 seculare
1030 2635 1131 2687 istum
1152 2637 1260 2686 konnen.
1298 2635 1373 2686 Wsrs

14 2720 92 2770 gnug,
110 2719 183 2753 venn
201 2719 261 2754 man
279 2706 332 2755 sich
351 2707 404 2754 sein
422 2719 469 2755 nur
487 2703 612 2754 ervehren
630 2702 745 2765 ktnnte).

104 2779 237 2841 Vicinum,
259 2788 341 2849 pergit
357 2782 491 2848 Keplems,
516 2776 652 2840 animalis,
675 2777 752 2846 cujus
767 2779 861 2831 domus
875 2778 932 2846 jam
947 2795 1019 2832 anno
1035 2779 1121 2834 1617.
1141 2779 1372 2850 conflagraverat,

15 2858 143 2931 intellige
173 2860 201 2913 in
221 2856 591 2926 Palatiuatu'Neoburgico.
633 2855 721 2909 Fideli
749 2856 791 2909 illi
811 2857 954 2922 monitori,
979 2858 1125 2920 ,Echard“
1149 2857 1304 2922 nominato,
1327 2858 1372 2929 qui

13 2956 69 2993 non
89 2939 158 2992 illud
180 2946 289 2993 tantum
310 2938 427 3001 animal,
460 2938 493 2990 de
514 2953 568 3005 quo
588 2950 660 3006 ego,
683 2937 731 2988 sed
752 2936 843 2990 omnia
863 2935 925 3005 ejus
945 2936 1057 3007 generis
1078 2937 1210 2991 monitum
1231 2954 1269 2992 ex
1288 2935 1374 2990 ltalia

13 3019 163 3082 avolavit,
185 3036 284 3073 nomen
304 3033 397 3072 verum
417 3034 479 3071 esse
501 3022 612 3068 cenacto
633 3015 670 3070 ti.
693 3015 845 3069 Antonio
867 3018 907 3069 de
927 3016 1096 3074 Dominis.
1127 3016 1182 3072 Sed
1203 3016 1264 3087 quis
1285 3015 1374 3070 credit

13 3098 121 3152 auditui
142 3103 254 3152 nostro?
295 3099 356 3152 Non
378 3097 472 3150 miium
493 3094 598 3166 igitur,
629 3095 652 3148 si
673 3096 759 3148 Jonas
780 3095 926 3167 profugiat
946 3114 982 3149 ex
1004 3096 1103 3150 itinere
1124 3096 1269 3166 imperato.
1310 3096 1373 3168 Ego

13 3179 123 3250 quidem
143 3184 173 3232 et
192 3178 270 3231 illam
292 3178 397 3247 ipsam,
429 3191 511 3246 quam
533 3183 562 3228 tu
585 3175 742 3229 confirmare
764 3175 864 3229 videris
885 3176 1036 3248 suffragio,
1057 3176 1214 3244 libidinem,
1241 3175 1373 3231 factiosos

10 3261 46 3312 de
67 3264 208 3328 suggestu
227 3260 373 3312 verborum
394 3263 424 3309 et
444 3254 625 3308 conviciorum
646 3254 759 3324 spiculis
780 3256 950 3329 conligendi,
980 3256 1072 3321 hunc,
1102 3255 1221 3329 iuquam,
1244 3255 1372 3322 furorem

12 3339 87 3395 citra
104 3345 260 3406 respectum
281 3338 446 3392 infirmorum
466 3340 644 3405 grassantem
664 3333 845 3403 pertinaciter
866 3342 897 3389 et
916 3336 1134 3401 authentice,-—
1149 3343 1180 3390 et
1199 3336 1267 3391 illud
1288 3335 1373 3390 inter·

11 3425 227 3488 pretameutum,
248 3417 391 3471 ministerii
414 3424 441 3468 et
460 3413 638 3468 ordinationis
654 3421 762 3484 partem
777 3431 839 3469 esse
855 3416 1050 3480 necessariam,
1072 3417 1105 3469 de
1120 3423 1266 3488 suggestu,
1289 3414 1375 3471 omnis

12 3497 127 3570 generis
146 3497 304 3551 haereticos
325 3496 397 3551 omui
417 3502 541 3563 tempore
561 3494 699 3548 refutandi
720 3511 781 3549 cum
801 3495 985 3559 vehementia,
999 3528 1032 3537 -
1045 3496 1140 3550 diesen
1153 3495 1305 3550 Amic-febl
1320 3497 1375 3550 und

12 3578 129 3647 liaugel
146 3577 276 3640 -item,
298 3579 370 3646 quod
389 3592 469 3629 nemo
490 3574 574 3642 plane
595 3573 647 3627 sibi
668 3575 829 3643 persuaderi
848 3575 955 3646 patitur
975 3575 1087 3630 axioma
1106 3575 1159 3629 hoo
1184 3574 1373 3640 carbasinum,

12 3656 133 3726 publicis
154 3656 416 3710 debacchationibus
437 3652 566 3723 instigari
587 3659 616 3706 et
636 3653 755 3724 gliscere
775 3655 867 3708 studia
882 3670 978 3724 prasa,
1000 3655 1067 3725 quia
1079 3654 1192 3709 nitimur
1205 3654 1235 3710 in
1247 3654 1372 3719 ratitum,
1478 3706 1481 3711 .

12 3764 52 3774 —
66 3736 142 3800 item,
167 3738 238 3805 quod
259 3737 326 3789 illud
351 3734 539 3803 „importune”
564 3733 601 3786 sit
621 3734 729 3804 regula,
752 3733 820 3788 illud
840 3751 906 3788 vero
930 3735 1120 3805 „opportune“
1144 3734 1181 3789 sit
1200 3739 1309 3789 tantum
1323 3751 1372 3790 ex·

12 3815 120 3886 ceptio:
138 3843 173 3854 -
189 3815 262 3869 inter
282 3817 365 3886 signa
385 3814 474 3867 refero
495 3812 658 3865 imminentis
678 3812 817 3869 interitus.
853 3814 924 3870 Nam
945 3832 982 3868 ex
1002 3814 1056 3869 hac
1077 3812 1237 3869 temeritate
1256 3814 1289 3869 tt
1308 3830 1372 3885 pro·

10 3911 127 3966 gressus
148 3894 178 3948 in
198 3894 409 3964 impudentiam,
441 3910 477 3945 ex
498 3891 552 3945 hac
579 3891 608 3944 in
636 3890 825 3961 impietatem,
853 3910 914 3948 cum
943 3893 1052 3948 interim
1076 3909 1189 3964 pessum
1210 3893 1233 3947 it
1253 3890 1373 3949 studium

10 3974 87 4028 vitae
109 3973 294 4029 christianae.
336 3973 381 4028 sic
401 3989 455 4045 ego
476 3970 559 4024 velim
580 3971 689 4026 retundi
710 3973 915 4040 enthusiastas,
945 3979 977 4029 ut
996 3979 1130 4047 parcatur
1151 3971 1261 4029 interim
1280 3971 1372 4029 verbis

11 4053 169 4124 scripturae
190 4055 223 4107 de
244 4054 454 4109 mortificatione
476 4049 578 4105 veteris
598 4050 698 4104 Adami
719 4050 766 4105 dcc.

99 4149 228 4199 Marcus
246 4149 411 4198 Antonius
430 4146 465 4196 ds
484 4146 646 4203 Dominis,
665 4145 863 4209 archiepiscopus
882 4144 1052 4209 Spalatausis,
1080 4160 1153 4210 quam
1179 4146 1319 4211 Kephas,
1344 4155 1373 4198 ut
1457 4194 1459 4201 ,

10 4232 86 4283 supra
104 4220 179 4276 dicii,
199 4221 343 4268 monitorem
362 4219 475 4267 nominat
492 4216 592 4266 fidelem
611 4216 765 4273 lietardum,
795 4216 890 4267 monita
908 4231 955 4267 sua
971 4217 1061 4281 publici
1079 4217 1140 4279 luris
1159 4217 1220 4269 iecit
1237 4223 1297 4268 ante
1314 4231 1371 4281 pro·

10 4290 143 4341 lectionem
162 4291 187 4339 in
205 4290 322 4354 Angliam
341 4287 493 4350 (conscripta
506 4287 618 4335 Venetiis
637 4287 661 4336 d.
681 4285 722 4334 20.
737 4286 804 4350 Sept
820 4283 911 4347 1616),
931 4286 1123 4352 Heidelbergas,
1144 4301 1266 4339 excusans
1284 4286 1370 4352 fugam

10 4375 38 4410 ss
56 4360 117 4410 sede
136 4360 346 4424 archiepiscopali,
366 4356 565 4408 reformationem
583 4358 766 4419 praenuncians
785 4356 906 4407 ecclesiae
922 4356 1077 4415 Catholicae,
1096 4357 1199 4407 hortans
1218 4357 1370 4408 ecclesiasti-

10 4442 58 4489 cos,
78 4436 107 4479 ut
125 4431 202 4480 sitam
221 4436 247 4479 st
265 4445 344 4479 mores
363 4430 388 4478 in
407 4427 508 4477 meliora
526 4432 639 4486 remant,
661 4432 705 4484 ,ut
717 4426 854 4477 schismata
867 4427 1038 4487 antestatus*
1056 4441 1159 4478 monens
1176 4427 1369 4495 „eupompus”

10 4509 35 4550 ut
53 4507 169 4558 cassant,
193 4515 240 4560 ,ne
259 4499 553 4550 excommunicationibus
572 4498 715 4560 importunis
734 4497 882 4547 char-itatem
900 4497 1044 4561 abrumpere
1062 4503 1161 4548 tentent
1179 4495 1242 4548 dc*
1280 4495 1368 4558 (Prsa-

10 4570 75 4620 mislt
92 4572 216 4620 Antonius
233 4571 299 4620 hunc
317 4569 426 4619 libellum
444 4569 509 4618 libris
527 4566 550 4616 X
570 4566 617 4624 „de
636 4566 774 4631 Republica
792 4567 987 4618 Ecclesiastica¹⁸
1008 4567 1115 4617 Londini
1134 4564 1225 4630 1617).

95 4640 168 4691 Haec
186 4643 346 4705 respicientes
365 4653 534 4703 summamque
552 4651 653 4694 eorum,
682 4651 746 4702 quaa
766 4640 857 4687 anton.
877 4636 1084 4688 dsDominlsin
1103 4653 1194 4703 opere,
1213 4638 1370 4704 quodmodo

10 4711 120 4768 linimus,
138 4711 169 4762 de
182 4713 350 4775 episcoporum
363 4713 385 4760 si
398 4712 424 4760 iu
436 4709 603 4776 gubernandis
615 4709 687 4758 rebus
700 4706 814 4771 politicis,
826 4707 893 4758 banc
905 4709 1027 4771 rejiciens,
1041 4708 1123 4767 affert
1137 4708 1235 4764 deinde,
1248 4711 1370 4760 retiam

10 4783 129 4835 tabcmas
148 4794 243 4845 eorum,
259 4795 324 4846 quse
342 4781 466 4846 Keplerus
485 4781 510 4829 in
528 4779 605 4828 liaris
625 4779 657 4829 sd
675 4777 782 4829 &muru
801 4777 866 4829 datis
884 4780 971 4843 paucis
990 4779 1021 4830 de
1037 4778 1070 4828 D.
1091 4778 1218 4830 slialrsu
1236 4777 1370 4847 (Meggsa

10 4853 161 4920 npsrstoris
180 4851 305 4906 Machina
323 4853 435 4919 magistri
454 4849 539 4911 aulae)
558 4849 638 4908 effert
658 4851 739 4900 auimo
759 4849 863 4914 denique
882 4851 1006 4900 intuentes
1025 4864 1072 4907 ses,
1091 4863 1156 4916 quas
1174 4857 1234 4900 tuuc
1255 4850 1369 4901 Viennae

1095 4934 1157 4986 st·
