3366 5482
443 1129 948 1231 PROOEMIUM

631 1397 762 1407 *—

163 1556 352 1636 praefatione
376 1556 416 1616 ad
430 1556 625 1633 Prodromum
645 1557 729 1637 (pag.
746 1554 805 1630 36)
829 1559 960 1639 epistola
983 1567 1085 1621 exstat
1100 1559 1145 1633 (d.
1161 1557 1246 1638 Sept.
1266 1553 1376 1634 1597),

155 1645 306 1726 Keplerus
329 1647 377 1707 his
400 1645 501 1707 verbis
520 1645 685 1706 Maestlino
709 1648 846 1721 nunciat,
881 1649 1000 1710 misisse
1025 1668 1058 1709 se
1077 1649 1260 1729 Raymaro
1283 1647 1377 1711 Urso

142 1753 194 1796 ,rso
226 1734 401 1814 opusculum
425 1753 519 1795 suum.
567 1736 685 1808 „Ursus
707 1735 809 1815 Praga
837 1738 874 1798 ad
901 1757 948 1798 me
973 1737 1108 1817 scripsit,
1140 1745 1248 1815 petens
1272 1755 1376 1798 exam-

161 1824 206 1884 cui
232 1823 368 1904 quamvis
393 1822 512 1884 minime
527 1824 611 1902 gravi
637 1825 755 1886 authori
778 1826 887 1886 indulsi
912 1834 1025 1903 tamen,
1051 1826 1121 1907 quia
1135 1824 1306 1888 Caesareus
1329 1833 1378 1886 est

142 1911 272 1984 baticus,
305 1912 434 1992 mihique
466 1931 524 1991 qua
555 1913 699 1993 prodesse
731 1934 789 1994 qua
819 1915 926 1976 obesse
955 1921 1067 1996 potest.
1115 1915 1207 1975 Patet
1235 1915 1316 1975 enim
1347 1913 1375 1974 in

142 2020 270 2082 rusque
295 2002 360 2078 ejus
384 2000 608 2063 familiaritas.“
655 2003 728 2065 Inde
752 2003 884 2082 Keplero
909 2012 976 2065 orta
991 2011 1062 2065 sunt
1080 2003 1277 2076 incommoda,
1301 2021 1376 2083 quae

142 2098 181 2152 bs
205 2091 351 2152 exhibent
372 2090 500 2169 paginae
525 2100 557 2150 et
581 2110 705 2170 quorum
729 2093 982 2154 sublevandorum
1006 2113 1099 2154 causa
1117 2092 1267 2171 Keplerus
1287 2090 1376 2152 libel-

142 2180 307 2258 rnscripsit‚
342 2179 390 2259 qui
419 2179 561 2258 quamvis·
583 2199 641 2240 non
671 2180 827 2243 absolutus
852 2200 868 2241 e
901 2180 1113 2261 manuscriptis
1142 2179 1377 2260 Petropolitanis

142 2269 219 2330 rhic
243 2268 324 2350 typis
348 2268 511 2346 Impressus
536 2276 593 2329 est.
1121 2282 1125 2287 ’

142 2357 189 2420 oh.
214 2358 393 2419 Mollerus
417 2356 669 2436 Flensburgensis
701 2356 731 2416 in
755 2363 835 2418 tomo
856 2358 879 2418 I.
904 2358 1003 2437 operis
1027 2356 1177 2436 Inscripti:
1213 2354 1378 2420 Gimbria

142 2454 198 2508 ata
221 2446 368 2514 (Halniae
387 2441 485 2517 1744)
517 2447 592 2507 haec
616 2446 653 2506 de
677 2445 756 2506 Urso
780 2447 888 2507 refert:
922 2446 1021 2509 Nicol.
1042 2446 1248 2508 Reimarus
1271 2446 1377 2514 Ursus,

142 2534 179 2596 da
201 2535 397 2596 Dithmarsus
422 2536 474 2607 (an
499 2535 586 2596 Ursi
615 2553 762 2612 agnomen
786 2535 968 2614 gentilitium
997 2536 1149 2611 babuerit,
1178 2535 1227 2597 vel
1249 2535 1379 2614 ipsemet

142 2622 197 2699 erit,
223 2624 359 2703 ignoro),
385 2622 526 2684 subulcus
550 2622 758 2700 daalaadaaoc
773 2625 830 2685 fuit
844 2625 882 2685 ad
898 2645 1006 2686 annum
1025 2643 1118 2705 usque
1134 2623 1246 2686 artatis
1259 2623 1378 2685 XVIII.

142 2730 160 2772 n
188 2732 261 2774 cura
284 2713 322 2773 ad
342 2712 495 2773 literarum
520 2712 620 2773 studia
645 2712 724 2772 felici
749 2732 891 2773 successu
913 2714 1035 2775 transiit
1058 2722 1089 2774 et
1111 2714 1271 2793 plerasque
1292 2711 1377 2773 doro·

142 2824 157 2871 c
176 2820 322 2882 perquam
345 2801 403 2861 sibi
426 2801 559 2861 reddidit
582 2800 757 2862 familiares.
804 2801 949 2875 Scholas,
983 2802 1061 2863 sicut
1084 2801 1213 2880 ipsemet
1235 2800 1377 2862 rusticum

142 2909 191 2951 ans
215 2890 422 2951 Dithmarsum
455 2897 602 2964 testatur,
628 2889 692 2963 „uti
717 2909 768 2949 sus
792 2890 912 2951 hortum
935 2891 1083 2970 percurrit
1106 2897 1138 2950 et
1161 2891 1210 2949 vix
1235 2909 1254 2950 a
1277 2888 1377 2950 limiae

144 2978 179 3054 it,
212 2979 267 3038 sed
293 3000 310 3039 a
334 2979 415 3039 stiva
438 2978 517 3039 illico
542 2978 572 3038 in
595 2997 688 3057 remp.
714 2978 879 3040 literariam
907 2979 1051 3059 singulari
1081 2978 1208 3059 quodam
1237 2978 1301 3038 fato
1325 2983 1378 3038 aut

142 3067 275 3148 rrupit.“
320 3067 354 3127 In
378 3067 508 3129 mathesi
532 3073 562 3127 et
577 3066 762 3128 astronomia
785 3074 885 3128 tamen
901 3069 1053 3129 doctorem
1068 3087 1152 3129 suum
1173 3065 1265 3128 fuisse
1281 3083 1377 3144 agno-

142 3164 256 3218 ratum
279 3156 462 3237 Byrgium.
509 3156 633 3217 Patroni
657 3156 823 3217 studiorum
841 3157 944 3235 juveni
968 3150 1140 3235 obtigerunt
1161 3156 1267 3217 Henr.
1281 3154 1372 3216 Ran-

142 3264 164 3318 ι,
194 3264 305 3326 prorex
330 3243 497 3306 Cimbricus
525 3252 558 3306 et
583 3244 807 3306 GuiIielmus
834 3245 1002 3307 Hassorum
1028 3245 1177 3325 princeps.
1223 3244 1251 3307 Ε
1278 3242 1379 3324 patria

142 3352 190 3409 us,
215 3334 311 3394 vitam
331 3334 474 3412 juvenum
497 3333 708 3395 informatione
732 3334 875 3396 toleravit
899 3335 1055 3410 nobilium,
1088 3342 1119 3396 et
1143 3357 1170 3398 a.
1199 3330 1282 3397 1584
1306 3331 1376 3393 Eri-

142 3423 260 3504 angium
284 3423 455 3503 Tychonem
478 3423 507 3483 in
533 3442 601 3483 arce
625 3424 769 3483 Huennae
794 3423 910 3485 insulae
933 3425 1114 3485 invisentem
1137 3432 1185 3485 est
1204 3422 1376 3484 comitatus.

142 3511 178 3585 is,
203 3511 254 3573 ubi
279 3511 459 3591 aliquamdiu
484 3520 549 3573 erat
574 3519 776 3586 sustentatus,
802 3513 831 3573 in
856 3513 1042 3574 academiam
1065 3513 1206 3593 migravit
1228 3508 1376 3590 Argenti-

164 3600 264 3681 ibique
290 3621 318 3661 a.
348 3596 430 3662 1588
455 3601 714 3673 „Fundamentum
729 3602 995 3663 Astronomicum“
1019 3601 1123 3664 edidit.
1170 3603 1300 3679 Pragam
1318 3616 1376 3659 non

141 3696 214 3769 post
244 3710 263 3750 a
290 3687 450 3767 Rudolpho
479 3689 519 3749 II.
552 3689 732 3769 imperatore
766 3698 909 3752 evocatus
947 3710 1004 3751 non
1040 3687 1245 3752 mathematici
1281 3687 1377 3749 solum

142 3778 325 3857 lignitatem,
355 3778 413 3839 sed·
433 3779 605 3839 matheseos
629 3778 722 3839 etiam
747 3779 776 3839 in
800 3780 957 3841 academia
988 3779 1206 3859 professionem
1236 3775 1375 3839 obtiduit.

142 3887 193 3929 um
217 3867 286 3939 „De
310 3866 526 3947 hypothesibus
550 3867 794 3928 Astronomicis“
818 3889 845 3930 a.
874 3865 958 3931 1597
983 3868 1101 3947 Pragae
1126 3867 1250 3941 editum,
1275 3871 1323 3927 tot
1347 3864 1377 3924 in

142 3956 217 4030 rios,
244 3956 421 4034 praesertim
440 3956 611 4037 Tychonem
625 3955 784 4033 Braheum‚
809 3958 967 4018 calumniis
991 3957 1045 4018 &a
1070 3956 1218 4037 opplevit,
1241 3953 1309 4016 utJ
1319 3952 1375 4014 oh.

142 4043 222 4106 nius
247 4043 291 4117 (in
315 4064 357 4106 or.
384 4045 420 4105 de
443 4045 509 4105 vita
532 4054 564 4106 et
587 4051 682 4105 morte
706 4045 800 4126 Tych.
821 4047 947 4119 Brahei)
972 4065 1100 4126 sequeus
1123 4046 1159 4106 de
1187 4045 1240 4107 illo
1270 4041 1377 4105 merito

150 4131 292 4194 videatur
317 4133 480 4211 judiciam:
512 4142 583 4195 ante
615 4152 709 4195 annos
736 4136 881 4213 pauculos
910 4134 1030 4215 quidam
1059 4134 1233 4214 ingeniosus
1264 4140 1297 4195 et
1319 4131 1376 4192 do-

142 4221 171 4282 td
188 4222 309 4300 ‘absque
334 4221 478 4300 religione
502 4232 534 4282 et
555 4222 667 4283 vlrtute
688 4223 775 4285 homo
798 4224 938 4286 tetricum
966 4231 997 4284 et
1020 4224 1167 4285 famosum
1192 4230 1299 4285 contra
1313 4221 1376 4301 Ty-

164 4308 335 4388 divulgavit
358 4310 511 4389 scriptum.
558 4310 625 4371 Non
655 4318 705 4372 sat
729 4313 829 4374 fuerat
856 4311 1029 4373 infamatori
1057 4312 1101 4374 illi
1134 4312 1268 4393 plagium
1291 4327 1376 4371 com-

168 4397 335 4460 literarium
368 4406 399 4460 et
431 4399 582 4480 Tychonis
620 4399 800 4480 hypothesin
842 4400 965 4462 falsarie
1002 4419 1056 4480 pro
1092 4401 1213 4482 proprio
1254 4400 1375 4461 invento

142 4505 184 4561 re,
209 4486 269 4547 nisi
292 4487 384 4549 etiarn
408 4488 504 4550 vlrum
528 4488 601 4549 aviti
625 4489 763 4568 generis,
789 4509 923 4551 summae
948 4489 1139 4564 eruditionis,
1166 4484 1373 4567 inculpatissi·

142 4583 201 4647 tae,
229 4577 382 4638 sexcentis
407 4576 595 4639 contumeliis
619 4578 699 4657 apud
724 4578 817 4651 alios,
844 4578 869 4640 si
884 4597 941 4640 non
967 4578 1175 4650 deformatum,
1201 4581 1375 4654 suspectum

149 4664 344 4728 reddidisset.
391 4666 432 4727 Et
455 4667 590 4749 profecto
611 4667 679 4748 jure
698 4675 797 4732 actum
821 4687 887 4733 curn
910 4668 966 4728 boc
986 4667 1108 4744 fuisset,
1134 4665 1183 4727 vel
1207 4662 1376 4744 etiamjam
