3366 5482
765 242 849 308 cm·
865 242 922 294 xn-
1053 300 1058 309 .
1289 319 1290 324 p
1466 243 1526 313 rsa

161 407 274 476 planum
287 406 392 460 dictum
406 405 557 459 incidenoes
579 403 735 475 ἀίιιιιιςιιιιι
754 404 895 459 zodiacum
917 405 944 458 in
964 406 1152 468 irrationalia,
1178 412 1259 476 patet
1277 408 1350 461 hanc
1368 407 1527 463 divisionem

162 503 213 541 non
236 504 301 541 ease
320 486 464 556 propriam
482 485 601 556 quinquo
622 485 781 556 figurarum.
822 485 893 538 Eam
914 485 1002 556 igitur
1024 486 1051 539 in
1065 486 1186 556 Epirum
1201 490 1278 541 Astr.
1294 487 1341 541 hb.
1357 488 1391 541 ll.
1416 490 1526 543 demon·

161 567 247 620 stravi
261 567 406 636 propriam
418 581 481 619 csse
495 566 645 636 figurarum
655 564 809 634 planarum,
829 564 1001 635 regularium
1015 565 1275 630 demonstrabilium,
1296 567 1320 620 si
1340 567 1407 622 illae
1423 568 1526 623 circulo

162 647 349 702 inscribantur
362 647 400 701 ab
413 661 469 700 uno
483 644 544 714 ejus
558 651 670 714 puncto.

238 741 268 810 e)
290 744 363 799 Solis
384 743 513 813 intellige
527 757 638 796 annum.
666 741 737 795 Nam
751 741 814 795 dum
827 741 876 795 Sol
890 758 991 797 annum
1005 749 1138 810 permeat,
1160 743 1241 796 Luna
1259 743 1399 797 duodecim
1417 761 1524 799 menses

162 825 270 880 conficit
290 826 359 878 iere.
387 825 519 894 Adeoque
538 822 611 876 hauc
632 821 853 875 distributionem
876 823 941 875 anni
965 831 994 876 et
1015 823 1292 877 accommodationem
1312 830 1434 877 motuum
1452 823 1524 878 Solis

162 914 189 959 et
201 906 315 969 Lunae,
339 904 439 958 saltem
461 903 490 957 in
512 903 599 973 primo
619 900 804 972 proportionis
825 901 933 955 illorum
947 909 1097 970 conceptu,
1120 919 1174 973 ego
1196 902 1403 974 archetypicam
1418 910 1521 967 statuo,

161 1002 251 1056 exque
272 985 327 1038 hac
348 983 520 1038 ordinatione
543 990 573 1036 et
595 1000 633 1035 ex
654 998 786 1035 concursu
809 982 980 1036 naturalium
1002 998 1149 1036 causarum
1172 983 1315 1037 matricum
1335 999 1434 1037 causas
1457 1000 1524 1038 eruo

161 1067 332 1136 quarundam
352 1063 586 1134 inaequalitatum
607 1063 635 1115 in
648 1063 743 1115 Luna:
762 1069 794 1115 ut
807 1062 899 1116 monui
914 1062 940 1116 in
954 1061 1157 1133 prolegomenis
1171 1063 1382 1132 Ephemeridum
1397 1070 1427 1116 et
1440 1065 1524 1117 doceo

160 1147 243 1216 plehe
257 1147 286 1200 iu
299 1145 375 1214 Epir.
391 1147 467 1197 Astr.
483 1143 530 1196 lib.
547 1143 593 1196 lV.
622 1142 715 1195 Simile
730 1143 793 1212 quid
808 1143 908 1196 ibidem
926 1143 1047 1196 invenies
1062 1141 1147 1197 etiam
1168 1145 1202 1196 de
1216 1142 1393 1212 proportione
1409 1145 1475 1198 anni
1490 1145 1525 1196 ad

161 1225 347 1280 revolutiones
361 1224 474 1277 diurnas
490 1223 548 1277 360
568 1217 611 1290 (in
625 1223 715 1291 prima
733 1218 900 1290 intentione)
922 1223 1020 1292 quibua
1040 1224 1174 1277 accedunt
1193 1223 1290 1276 deinde
1310 1224 1345 1276 ob
1366 1240 1526 1277 concursum

161 1322 308 1360 causamn
320 1304 508 1359 revolutiones
524 1298 577 1361 5¹1.
589 1323 595 1356 :
610 1304 682 1355 unde
696 1303 806 1356 elicitur
819 1318 892 1356 nova
906 1303 1038 1373 aequatio
1053 1305 1192 1374 temporis.
1203 1355 1208 1363 ,
1221 1303 1283 1356 Etsi
1297 1303 1420 1357 delibero
1436 1305 1526 1358 adhuc

160 1385 424 1454 observationesque
447 1384 584 1454 expendo.

239 1480 265 1551 0
293 1484 355 1537 Hoc
373 1482 481 1552 quidem
495 1481 709 1534 accidentarium
722 1488 774 1542 est,
795 1497 848 1533 non
863 1480 1079 1550 archetypicum.
1109 1481 1179 1534 Nam
1192 1488 1225 1533 ut
1238 1482 1321 1533 doceo
1336 1481 1384 1534 lib.
1399 1479 1434 1535 V.
1451 1481 1521 1534 Har·

161 1552 340 1625 monicorum,
372 1561 513 1631 periodica
534 1561 712 1631 planetamm
733 1568 860 1628 tempora
882 1567 948 1613 sunt
973 1578 1010 1613 ex
1037 1560 1201 1614 harmonicis
1224 1559 1524 1630 contemperationibus

161 1651 283 1698 morum
304 1649 507 1697 extremorum:
536 1641 563 1694 in
588 1640 706 1710 apheliis
730 1640 802 1692 euim
824 1640 920 1693 debuit
941 1656 1002 1692 esse
1030 1648 1151 1693 motuum
1181 1640 1323 1710 proportio
1351 1657 1422 1710 quae
1447 1640 1464 1693 2
1489 1641 1524 1693 ad

161 1725 261 1787 5sere‚
283 1724 312 1777 in
325 1721 469 1792 periheliis
484 1737 565 1784 vero,
590 1737 661 1791 quae
682 1721 699 1774 5
723 1721 757 1774 ad
782 1719 826 1783 12,
850 1730 883 1773 ut
901 1720 1008 1773 scilicet
1029 1721 1101 1773 inter
1115 1720 1228 1774 Saturni
1249 1721 1390 1790 aphelium
1404 1728 1435 1774 et
1446 1721 1523 1774 Joris

160 1803 325 1874 perihelinm
348 1808 446 1873 posset
467 1818 529 1854 esse
560 1800 898 1870 diapente-epi·diapasou
928 1799 1040 1870 (quinta
1062 1817 1148 1870 supra
1171 1796 1328 1868 octavam),
1358 1800 1430 1855 inter
1457 1816 1523 1853 vero

160 1885 273 1939 sturni
293 1882 456 1953 perihelium
479 1889 509 1934 et
521 1881 598 1935 Jovis
622 1880 763 1950 aphelium
786 1880 939 1949 perlectum
962 1881 1096 1950 diapason
1118 1876 1263 1948 (octava),
1288 1881 1353 1950 quia
1375 1880 1428 1933 hae
1452 1880 1523 1934 duae

160 1964 320 2018 harmoniae
335 1963 405 2016 cubo
420 1968 560 2032 cognatae
575 1968 649 2014 sunt.
678 1962 755 2013 Haec
769 1961 841 2013 enim
854 1960 944 2030 prima
957 1970 987 2014 et
1001 1960 1182 2030 archetypica
1196 1961 1223 2013 in
1238 1961 1356 2015 motibus
1371 1968 1415 2014 est
1428 1976 1523 2014 causa.

161 2046 235 2107 Quod
252 2044 275 2096 si
291 2043 378 2114 igitur
391 2050 424 2094 ut
437 2041 611 2109 apheliorum
625 2047 759 2103 motuum,
782 2041 821 2092 sic
841 2048 962 2094 totarum
980 2039 1153 2110 periodorum
1173 2041 1315 2110 proportio
1330 2049 1406 2094 esset
1419 2055 1490 2110 quae
1505 2038 1522 2093 2
1588 2047 1591 2054 '

161 2126 192 2177 ad
207 2125 239 2189 5,
263 2131 331 2176 tunc
347 2123 373 2175 in
388 2121 467 2175 annis
483 2122 521 2174 60
536 2122 731 2191 contingerent
743 2121 869 2189 praecise
885 2122 955 2173 duae
975 2120 1161 2173 revolutiones
1175 2120 1302 2182 Saturni,
1324 2121 1443 2191 quinque
1457 2137 1526 2173 sero

160 2205 247 2264 ierim
264 2203 291 2256 in
307 2202 386 2255 annis
404 2200 441 2254 12
456 2216 511 2253 uua
524 2201 617 2254 doris:
639 2208 669 2253 et
683 2201 817 2254 Saturnus
833 2207 863 2253 et
875 2200 986 2269 Jupiter
1000 2200 1139 2268 conjuncti
1153 2201 1230 2253 verbi
1245 2216 1331 2254 causa
1344 2200 1372 2253 in
1388 2200 1523 2270 principio

162 2284 253 2337 arietis
272 2283 400 2352 praecise
414 2289 480 2350 post
494 2280 633 2334 20annos
649 2281 676 2332 in
691 2280 750 2349 ipso
766 2280 899 2349 principio
914 2280 1055 2351 sagittarii
1071 2280 1177 2334 coirent
1191 2281 1298 2335 iterum.
1327 2280 1439 2350 Jupiter
1452 2281 1523 2334 enim

161 2370 288 2432 superato
303 2362 425 2415 Saturno
444 2362 507 2415 dmn
528 2361 669 2414 zodiacum
683 2376 809 2413 emensus
824 2360 974 2414 Saturnum
988 2361 1141 2430 fugientem
1153 2361 1336 2431 persequitur,
1352 2361 1400 2413 ille
1414 2360 1523 2414 interim

161 2462 194 2497 ex
207 2444 298 2497 ariete
315 2442 386 2495 abiit
399 2448 517 2504 tantum,
540 2449 572 2494 ut
585 2441 696 2510 Jupiter
710 2441 736 2493 in
751 2441 870 2510 quinque
884 2441 1103 2494 revolutionibus
1118 2448 1162 2494 ter
1177 2441 1344 2494 solummodo
1359 2448 1524 2510 assequatur

163 2523 259 2593 ipsum,
282 2522 349 2592 quia
369 2521 470 2591 ellhgit
482 2521 618 2574 Saturnus
632 2538 684 2590 per
698 2523 767 2574 duas
781 2538 818 2574 ex
833 2521 967 2591 quinque:
992 2521 1034 2574 ita
1054 2527 1165 2575 restant
1186 2528 1243 2575 tres
1266 2520 1472 2590 conjunctiones
1494 2520 1523 2574 in

164 2605 276 2673 quinque
290 2601 447 2655 Jovialibus
466 2601 586 2671 periodis
604 2601 729 2670 perfecto
749 2601 892 2670 triangulo
913 2601 1089 2654 distributae.
1116 2601 1202 2665 Ecce,
1227 2608 1259 2654 ut
1276 2602 1321 2655 hic
1341 2601 1522 2673 triangularis

165 2683 381 2752 conjunctionum
405 2680 474 2734 situs
499 2682 536 2734 sit
559 2682 745 2734 necessarium
772 2697 941 2751 consequens
965 2696 1067 2734 causae
1092 2682 1289 2758 archetpspicae
1313 2700 1350 2735 ex
1373 2676 1522 2734 harmoniis

167 2764 315 2825 desumtae;
338 2761 448 2816 accidat
461 2778 526 2814 vero
542 2761 693 2814 trisectioni
709 2761 827 2824 zodiaci,
847 2778 897 2813 seu
911 2776 962 2829 per
975 2763 1131 2831 pyramide,
1155 2779 1205 2815 seu
1223 2779 1274 2831 per
1287 2762 1474 2832 triangulum,
1498 2759 1522 2813 si

170 2843 216 2911 quis
236 2843 328 2905 illam,
353 2849 386 2894 ut
409 2841 436 2894 in
459 2842 512 2894 hoc
535 2841 627 2911 capite
651 2843 800 2911 ponebam,
826 2842 1034 2911 archetypicam
1055 2859 1116 2894 esse
1136 2843 1317 2895 contenderit.
1350 2842 1477 2894 Vicissim
1497 2840 1521 2894 si

171 2929 279 2976 totarum
292 2922 468 2992 periodorum
482 2921 497 2979 ii
512 2927 542 2974 et
555 2926 577 2987 ll
592 2922 734 2991 proportio
749 2929 826 2975 esset
839 2920 900 2985 illa,
923 2937 995 2992 quae
1015 2931 1130 2990 propter
1143 2922 1317 2975 harmonicas
1332 2928 1520 2989 contempera·

173 3000 246 3056 tiones
260 3002 359 3056 debuit
373 3017 434 3054 esse
449 3009 571 3055 motuum
584 3002 789 3070 periheliorum,
805 3018 842 3055 sc.
860 3003 877 3055 5
893 3003 927 3055 ad
946 3002 990 3064 12,
1013 3010 1080 3055 tunc
1093 3002 1120 3055 in
1135 3002 1214 3055 annis
1233 3002 1288 3055 150
1303 3001 1414 3070 Jupiter
1427 3017 1520 3054 rever-

175 3089 264 3136 teretur
276 3081 432 3145 duodecies,
448 3081 534 3134 semel
549 3081 576 3134 iu
591 3082 671 3134 annis
690 3076 770 3141 12⁸1..
799 3082 910 3135 Ablatis
926 3082 1012 3152 igitur
1027 3083 1044 3135 5
1059 3084 1092 3134 de
1111 3081 1158 3145 12,
1178 3089 1319 3135 restarent
1335 3082 1360 3144 7,
1384 3081 1466 3134 toties
1482 3097 1521 3134 sc.

176 3160 266 3231 Jupiter
279 3169 477 3232 assequeretur
491 3161 647 3215 Saturnum.
677 3163 775 3232 Itaque
797 3162 924 3215 zodiacus
943 3178 994 3231 per
1013 3163 1064 3215 has
1082 3161 1289 3231 conjunctiones
1311 3161 1478 3215 divideretur
1493 3161 1520 3213 in

178 3249 253 3306 partes
267 3244 294 3307 7,
309 3258 425 3313 quarum
439 3242 543 3311 quinis,
565 3243 591 3294 id
606 3248 651 3295 est
665 3240 722 3296 257
737 3243 884 3314 gradibus,
906 3243 988 3295 binae
1004 3241 1210 3310 conjunctiones
1226 3259 1289 3296 ase
1304 3241 1418 3294 invicem
1432 3257 1519 3294 remo·
1619 3234 1621 3241 '

178 3331 301 3385 verenam
316 3323 396 3376 verbi
410 3337 503 3385 cansa,
518 3329 678 3391 postauam
693 3324 722 3376 in
736 3316 809 3382 0οΥ
831 3323 1007 3392 contingeret
1025 3323 1118 3376 altera
1133 3323 1159 3376 in
1177 3317 1227 3377 17⁰
1237 3319 1274 3387 sd,
1290 3323 1376 3376 tertia
1390 3321 1417 3374 in
1432 3316 1464 3374 4⁰
1477 3317 1518 3393 tp,

180 3396 217 3452 Sed
228 3403 289 3472 quia
302 3402 443 3472 periodica
464 3410 590 3471 tempora
611 3411 810 3472 componuntur
829 3420 866 3456 ex
886 3403 1005 3457 motibus
1027 3409 1083 3458 tam
1107 3403 1240 3472 apheliis,
1266 3419 1348 3474 quam
1368 3400 1518 3472 periheliis‚

181 3494 249 3550 arque
262 3482 415 3550 interjectis
430 3482 569 3544 omnibus,
590 3483 654 3536 hinc
672 3484 797 3537 nascitur
810 3484 895 3537 etiam
909 3483 1073 3536 intermedia
1086 3484 1259 3553 periodorum
1278 3482 1433 3553 proportio,
1456 3498 1518 3534 con·

178 3555 379 3632 latmorumque
392 3579 444 3631 per
457 3562 786 3626 zodiacumdistributm:
812 3572 844 3618 ut
862 3564 951 3633 prima
970 3563 998 3615 in
1019 3563 1153 3633 principio
1177 3564 1272 3618 arietis
1296 3564 1450 3624 collocata,
1475 3577 1517 3613 se·

180 3642 247 3695 mla
257 3659 346 3713 neque
361 3643 388 3695 in
403 3643 492 3711 ipsum
506 3643 669 3712 principium
683 3645 824 3714 sagittarii
839 3643 934 3697 veniat
951 3661 1002 3696 nec
1017 3644 1101 3696 etiam
1120 3661 1207 3715 usque
1225 3645 1254 3697 iu
1272 3637 1321 3697 17⁰
1334 3637 1362 3701 >d
1377 3648 1517 3704 excurrat,

181 3719 215 3770 ”d
225 3723 307 3777 media
320 3731 352 3776 et
365 3723 505 3792 aequabili
521 3723 629 3775 ratione
644 3725 680 3777 ad
695 3733 750 3777 tres
771 3727 874 3794 gradm
896 3724 973 3776 ultra
992 3723 1194 3793 triangularem
1208 3726 1297 3778 locum
1311 3721 1516 3793 progrediatur.

181 3795 270 3856 Quodsi
291 3803 355 3874 ipsa
375 3803 479 3855 zodiaci
501 3803 639 3856 distinctio
661 3804 687 3857 in
710 3813 767 3858 tres
791 3805 906 3858 trientes
934 3820 985 3873 per
1008 3804 1112 3872 figuras
1134 3803 1316 3876 geometricas
1346 3801 1469 3874 genuina
1488 3806 1519 3854 et

180 3879 337 3953 &metypica
349 3897 436 3936 causa
449 3882 550 3936 luisset
570 3883 652 3951 hujus
674 3884 860 3953 dispositionis
880 3883 1114 3952 conjunctionum,
1140 3886 1235 3954 utique
1258 3882 1446 3952 expressisset
1467 3881 1519 3934 illa

179 3959 306 4022 amoma
321 3962 508 4033 triangulum
531 3980 585 4016 non
606 3965 721 4017 aberrat
735 3966 807 4018 enim
821 3964 941 4017 divinum
956 3979 1024 4032 opus
1039 3966 1075 4016 ab
1090 3965 1244 4034 archetypo
1258 3980 1317 4016 suo.
1349 3963 1411 4015 Non
1431 3961 1518 4033 igitur

180 4041 271 4108 ruptim
294 4043 390 4098 mirum
413 4059 475 4096 esse
499 4043 595 4106 dehet,
618 4061 666 4097 cur
679 4045 792 4098 Saturni
806 4045 937 4113 Jorisque
957 4059 1122 4113 congressus
1138 4046 1173 4097 ad
1188 4042 1359 4114 triangulum
1373 4043 1516 4103 alludaut3

179 4117 227 4183 quia
244 4137 293 4177 uec
314 4124 443 4192 perlecta
465 4131 496 4176 et
517 4124 601 4191 plane
624 4125 813 4178 accidentaria
833 4134 877 4178 est
900 4123 1009 4177 allusio.

237 4199 269 4272 g)
289 4204 342 4257 Hic
360 4211 427 4257 sunt
440 4202 578 4271 ipsissima
590 4204 726 4275 principia
744 4205 797 4259 mei
812 4205 903 4275 operis
918 4203 1088 4266 Harmonici,
1116 4220 1204 4273 eaque
1223 4221 1278 4257 non
1293 4210 1401 4257 tantum
1419 4201 1516 4272 opina·

179 4274 273 4342 lituum.
295 4282 592 4354 quaeposterioribus
608 4285 779 4354 temporibus
800 4286 982 4356 corrigendae
997 4284 1111 4349 fuerint,
1137 4286 1184 4338 sed
1209 4285 1293 4339 etiam
1312 4283 1456 4338 verissima
1476 4281 1516 4336 rei

177 4352 250 4423 pom.
276 4363 370 4418 Omnis
385 4363 457 4417 enim
470 4362 664 4432 philosophica
684 4367 839 4435 speculatio
863 4367 947 4418 dehet
970 4364 1076 4418 initium
1099 4381 1200 4434 capere
1222 4380 1240 4418 a
1257 4381 1386 4419 sensuum
1405 4360 1515 4432 experi-

177 4441 267 4496 utah's:
285 4444 330 4517 hic
343 4459 423 4506 vero,
446 4459 519 4514 quae
538 4459 635 4498 sensus
651 4447 761 4499 auditus
777 4455 897 4500 testetur
911 4447 944 4497 de
959 4461 1070 4499 numero
1085 4462 1181 4499 vocum
1200 4461 1260 4500 cum
1273 4461 1330 4498 una
1344 4444 1438 4513 aliqua
1452 4458 1515 4494 con-

175 4522 324 4588 manuum,
343 4538 416 4594 quae
429 4523 497 4576 item
510 4539 608 4576 sensus
623 4527 763 4581 oculorum
776 4529 810 4580 de
825 4524 997 4598 longitudine
1011 4526 1174 4580 chordarum
1188 4523 1407 4586 consonantium,
1423 4537 1514 4574 emen·

175 4595 293 4658 &bama
315 4611 347 4657 et
368 4604 451 4672 plene
474 4619 638 4673 expressum
659 4608 758 4661 habea.

235 4678 267 4752 h)
292 4683 392 4738 lirum
410 4691 456 4737 est
475 4683 613 4755 equidem,
637 4704 697 4741 cum
716 4694 760 4741 tot
777 4703 814 4739 ex
834 4685 949 4755 antiquo
963 4685 1111 4739 extiterint
1124 4682 1271 4753 scriptores
1286 4681 1513 4746 harmonicorum,

173 4762 280 4831 mpiam
296 4779 384 4836 penas
404 4763 480 4834 ipsos
502 4781 646 4821 occanere
667 4765 891 4833 observationem
910 4767 984 4822 hane
1011 4767 1044 4820 de
1067 4780 1180 4819 numero
1202 4763 1355 4822 medanum
1377 4762 1515 4823 harmoni·
