<?xml version="1.0" encoding="UTF-8"?>
<!DOCTYPE html PUBLIC "-//W3C//DTD XHTML 1.0 Transitional//EN"
    "http://www.w3.org/TR/xhtml1/DTD/xhtml1-transitional.dtd">
<html xmlns="http://www.w3.org/1999/xhtml" xml:lang="en" lang="en">
 <head>
  <title>
</title>
<meta http-equiv="Content-Type" content="text/html;charset=utf-8" />
  <meta name='ocr-system' content='tesseract 3.04.00' />
  <meta name='ocr-capabilities' content='ocr_page ocr_carea ocr_par ocr_line ocrx_word'/>
</head>
<body>
  <div class='ocr_page' id='page_1' title='image "./joanniskepleria04frisgoog_0032.png"; bbox 0 0 3366 5482; ppageno 0'>
   <div class='ocr_carea' id='block_1_1' title="bbox 679 274 1424 342">
    <p class='ocr_par' dir='ltr' id='par_1_1' title="bbox 679 274 1424 342">
     <span class='ocr_line' id='line_1_1' title="bbox 679 274 1424 342; baseline 0.003 -2"><span class='ocrx_word' id='word_1_1' title='bbox 679 275 841 328; x_wconf 68' lang='lat' dir='ltr'>ramnum.</span> <span class='ocrx_word' id='word_1_2' title='bbox 1387 274 1424 342; x_wconf 84' lang='lat' dir='ltr'>ll</span> 
     </span>
    </p>
   </div>
   <div class='ocr_carea' id='block_1_2' title="bbox 54 435 1527 4884">
    <p class='ocr_par' dir='ltr' id='par_1_2' title="bbox 54 435 1527 4884">
     <span class='ocr_line' id='line_1_2' title="bbox 72 435 1442 519; baseline 0.003 -23"><span class='ocrx_word' id='word_1_3' title='bbox 72 453 147 514; x_wconf 87' lang='lat' dir='ltr'>ergo</span> <span class='ocrx_word' id='word_1_4' title='bbox 172 435 213 497; x_wconf 88' lang='lat' dir='ltr'>ad</span> <span class='ocrx_word' id='word_1_5' title='bbox 236 436 440 517; x_wconf 73' lang='lat' dir='ltr'><strong>quantitatum</strong></span> <span class='ocrx_word' id='word_1_6' title='bbox 461 455 639 499; x_wconf 86' lang='lat' dir='ltr'>mensuram.</span> <span class='ocrx_word' id='word_1_7' title='bbox 685 435 731 498; x_wconf 84' lang='lat' dir='ltr'>At</span> <span class='ocrx_word' id='word_1_8' title='bbox 750 437 781 500; x_wconf 90' lang='lat' dir='ltr'>in</span> <span class='ocrx_word' id='word_1_9' title='bbox 804 438 884 500; x_wconf 89' lang='lat' dir='ltr'>linea</span> <span class='ocrx_word' id='word_1_10' title='bbox 905 437 1003 499; x_wconf 92' lang='lat' dir='ltr'>nullus</span> <span class='ocrx_word' id='word_1_11' title='bbox 1026 458 1163 501; x_wconf 88' lang='lat' dir='ltr'>numerus</span> <span class='ocrx_word' id='word_1_12' title='bbox 1187 438 1293 500; x_wconf 90' lang='lat' dir='ltr'>necin</span> <span class='ocrx_word' id='word_1_13' title='bbox 1318 440 1442 519; x_wconf 77' lang='lat' dir='ltr'>super-¹</span> 
     </span>
     <span class='ocr_line' id='line_1_3' title="bbox 72 524 1499 606; baseline 0.001 -20"><span class='ocrx_word' id='word_1_14' title='bbox 72 524 152 596; x_wconf 86' lang='lat' dir='ltr'>licie,</span> <span class='ocrx_word' id='word_1_15' title='bbox 177 525 233 586; x_wconf 90' lang='lat' dir='ltr'>sed</span> <span class='ocrx_word' id='word_1_16' title='bbox 256 525 399 588; x_wconf 84' lang='lat' dir='ltr'>infinitas.</span> <span class='ocrx_word' id='word_1_17' title='bbox 444 527 479 588; x_wconf 93' lang='lat' dir='ltr'>ln</span> <span class='ocrx_word' id='word_1_18' title='bbox 502 525 674 605; x_wconf 78' lang='lat' dir='ltr'><strong>corporibus</strong></span> <span class='ocrx_word' id='word_1_19' title='bbox 696 525 796 604; x_wconf 88' lang='lat' dir='ltr'>igitur.</span> <span class='ocrx_word' id='word_1_20' title='bbox 842 527 1037 589; x_wconf 88' lang='lat' dir='ltr'>Removenda</span> <span class='ocrx_word' id='word_1_21' title='bbox 1061 547 1134 590; x_wconf 82' lang='lat' dir='ltr'>vero</span> <span class='ocrx_word' id='word_1_22' title='bbox 1158 526 1335 606; x_wconf 80' lang='lat' dir='ltr'>irregularia</span> <span class='ocrx_word' id='word_1_23' title='bbox 1357 545 1426 589; x_wconf 91' lang='lat' dir='ltr'>cor·</span> <span class='ocrx_word' id='word_1_24' title='bbox 1497 542 1499 546; x_wconf 68' lang='grc'><strong>“</strong></span> 
     </span>
     <span class='ocr_line' id='line_1_4' title="bbox 54 606 1425 699; baseline 0.001 -24"><span class='ocrx_word' id='word_1_25' title='bbox 54 606 161 694; x_wconf 67' lang='lat' dir='ltr'>&#39;pora</span> <span class='ocrx_word' id='word_1_26' title='bbox 188 632 296 699; x_wconf 82' lang='lat' dir='ltr'>nempe</span> <span class='ocrx_word' id='word_1_27' title='bbox 319 613 349 676; x_wconf 93' lang='lat' dir='ltr'>iu</span> <span class='ocrx_word' id='word_1_28' title='bbox 373 615 492 678; x_wconf 91' lang='lat' dir='ltr'>conditu</span> <span class='ocrx_word' id='word_1_29' title='bbox 516 615 758 677; x_wconf 80' lang='lat' dir='ltr'>ordinatissimae</span> <span class='ocrx_word' id='word_1_30' title='bbox 782 624 947 678; x_wconf 84' lang='lat' dir='ltr'>creaturae.</span> <span class='ocrx_word' id='word_1_31' title='bbox 992 617 1162 680; x_wconf 78' lang='lat' dir='ltr'>Remanent</span> <span class='ocrx_word' id='word_1_32' title='bbox 1179 615 1270 695; x_wconf 91' lang='lat' dir='ltr'>igitur</span> <span class='ocrx_word' id='word_1_33' title='bbox 1288 636 1343 678; x_wconf 87' lang='lat' dir='ltr'>sex</span> <span class='ocrx_word' id='word_1_34' title='bbox 1357 633 1425 677; x_wconf 91' lang='lat' dir='ltr'>cor-</span> 
     </span>
     <span class='ocr_line' id='line_1_5' title="bbox 75 702 1426 786; baseline 0.001 -22"><span class='ocrx_word' id='word_1_35' title='bbox 75 721 169 784; x_wconf 86' lang='lat' dir='ltr'>pora:</span> <span class='ocrx_word' id='word_1_36' title='bbox 195 703 313 783; x_wconf 88' lang='lat' dir='ltr'>globus,</span> <span class='ocrx_word' id='word_1_37' title='bbox 339 703 402 765; x_wconf 87' lang='lat' dir='ltr'>sive</span> <span class='ocrx_word' id='word_1_38' title='bbox 424 702 524 784; x_wconf 90' lang='lat' dir='ltr'>potins</span> <span class='ocrx_word' id='word_1_39' title='bbox 538 703 725 785; x_wconf 92' lang='lat' dir='ltr'>sphaericum</span> <span class='ocrx_word' id='word_1_40' title='bbox 739 722 901 767; x_wconf 87' lang='lat' dir='ltr'>concavum</span> <span class='ocrx_word' id='word_1_41' title='bbox 917 713 948 767; x_wconf 92' lang='lat' dir='ltr'>et</span> <span class='ocrx_word' id='word_1_42' title='bbox 962 706 1087 786; x_wconf 90' lang='lat' dir='ltr'>quinque</span> <span class='ocrx_word' id='word_1_43' title='bbox 1103 705 1268 768; x_wconf 89' lang='lat' dir='ltr'>rectilinea.</span> <span class='ocrx_word' id='word_1_44' title='bbox 1306 703 1426 784; x_wconf 88' lang='lat' dir='ltr'>Sphae-</span> 
     </span>
     <span class='ocr_line' id='line_1_6' title="bbox 76 791 1426 874; baseline 0.001 -19"><span class='ocrx_word' id='word_1_45' title='bbox 76 793 173 855; x_wconf 88' lang='lat' dir='ltr'>ricum</span> <span class='ocrx_word' id='word_1_46' title='bbox 201 791 307 854; x_wconf 86' lang='lat' dir='ltr'>ultimo</span> <span class='ocrx_word' id='word_1_47' title='bbox 335 793 420 855; x_wconf 90' lang='lat' dir='ltr'>coelo</span> <span class='ocrx_word' id='word_1_48' title='bbox 447 793 581 856; x_wconf 90' lang='lat' dir='ltr'>debetur.</span> <span class='ocrx_word' id='word_1_49' title='bbox 628 793 706 856; x_wconf 84' lang='lat' dir='ltr'>Nam</span> <span class='ocrx_word' id='word_1_50' title='bbox 735 793 844 873; x_wconf 88' lang='lat' dir='ltr'>duplex</span> <span class='ocrx_word' id='word_1_51' title='bbox 872 794 1016 870; x_wconf 90' lang='lat' dir='ltr'>mundus,</span> <span class='ocrx_word' id='word_1_52' title='bbox 1049 794 1166 856; x_wconf 88' lang='lat' dir='ltr'>mobilis</span> <span class='ocrx_word' id='word_1_53' title='bbox 1199 802 1230 856; x_wconf 92' lang='lat' dir='ltr'>et</span> <span class='ocrx_word' id='word_1_54' title='bbox 1262 794 1426 874; x_wconf 78' lang='lat' dir='ltr'>quiescens.</span> 
     </span>
     <span class='ocr_line' id='line_1_7' title="bbox 78 880 1427 962; baseline 0 -19"><span class='ocrx_word' id='word_1_55' title='bbox 78 880 137 943; x_wconf 87' lang='lat' dir='ltr'>llic</span> <span class='ocrx_word' id='word_1_56' title='bbox 160 882 273 943; x_wconf 89' lang='lat' dir='ltr'>estad</span> <span class='ocrx_word' id='word_1_57' title='bbox 297 881 457 962; x_wconf 78' lang='lat' dir='ltr'>imaginem</span> <span class='ocrx_word' id='word_1_58' title='bbox 480 881 630 944; x_wconf 86' lang='lat' dir='ltr'>essentiae</span> <span class='ocrx_word' id='word_1_59' title='bbox 653 881 781 944; x_wconf 85' lang='lat' dir='ltr'>Divinae</span> <span class='ocrx_word' id='word_1_60' title='bbox 804 882 834 943; x_wconf 92' lang='lat' dir='ltr'>iu</span> <span class='ocrx_word' id='word_1_61' title='bbox 857 902 890 945; x_wconf 91' lang='lat' dir='ltr'>se</span> <span class='ocrx_word' id='word_1_62' title='bbox 913 883 1139 955; x_wconf 87' lang='lat' dir='ltr'>consideratae,</span> <span class='ocrx_word' id='word_1_63' title='bbox 1171 884 1221 945; x_wconf 90' lang='lat' dir='ltr'>ille</span> <span class='ocrx_word' id='word_1_64' title='bbox 1253 883 1291 944; x_wconf 89' lang='lat' dir='ltr'>ad</span> <span class='ocrx_word' id='word_1_65' title='bbox 1318 881 1427 962; x_wconf 90' lang='lat' dir='ltr'>imagi·</span> 
     </span>
     <span class='ocr_line' id='line_1_8' title="bbox 77 969 1428 1052; baseline 0.001 -21"><span class='ocrx_word' id='word_1_66' title='bbox 77 989 149 1032; x_wconf 87' lang='lat' dir='ltr'>nem</span> <span class='ocrx_word' id='word_1_67' title='bbox 162 969 232 1045; x_wconf 89' lang='lat' dir='ltr'>Dei,</span> <span class='ocrx_word' id='word_1_68' title='bbox 257 978 404 1050; x_wconf 89' lang='lat' dir='ltr'>quatenus</span> <span class='ocrx_word' id='word_1_69' title='bbox 427 978 530 1032; x_wconf 89' lang='lat' dir='ltr'>creat:</span> <span class='ocrx_word' id='word_1_70' title='bbox 556 979 589 1033; x_wconf 92' lang='lat' dir='ltr'>et</span> <span class='ocrx_word' id='word_1_71' title='bbox 609 978 769 1052; x_wconf 88' lang='lat' dir='ltr'>propterea</span> <span class='ocrx_word' id='word_1_72' title='bbox 790 978 878 1033; x_wconf 89' lang='lat' dir='ltr'>tanto</span> <span class='ocrx_word' id='word_1_73' title='bbox 901 971 996 1033; x_wconf 91' lang='lat' dir='ltr'>minor</span> <span class='ocrx_word' id='word_1_74' title='bbox 1019 973 1063 1045; x_wconf 91' lang='lat' dir='ltr'>(in</span> <span class='ocrx_word' id='word_1_75' title='bbox 1087 972 1237 1052; x_wconf 81' lang='lat' dir='ltr'>margine:</span> <span class='ocrx_word' id='word_1_76' title='bbox 1262 991 1330 1033; x_wconf 92' lang='lat' dir='ltr'>nam</span> <span class='ocrx_word' id='word_1_77' title='bbox 1344 971 1428 1033; x_wconf 87' lang='lat' dir='ltr'>Deus</span> 
     </span>
     <span class='ocr_line' id='line_1_9' title="bbox 79 1059 1426 1140; baseline -0.001 -20"><span class='ocrx_word' id='word_1_78' title='bbox 79 1078 139 1121; x_wconf 91' lang='lat' dir='ltr'>non</span> <span class='ocrx_word' id='word_1_79' title='bbox 166 1067 282 1120; x_wconf 90' lang='lat' dir='ltr'>temere</span> <span class='ocrx_word' id='word_1_80' title='bbox 312 1059 424 1121; x_wconf 79' lang='lat' dir='ltr'>sumsit</span> <span class='ocrx_word' id='word_1_81' title='bbox 445 1059 522 1122; x_wconf 91' lang='lat' dir='ltr'>hunc</span> <span class='ocrx_word' id='word_1_82' title='bbox 545 1079 716 1135; x_wconf 85' lang='lat' dir='ltr'>numemm3</span> <span class='ocrx_word' id='word_1_83' title='bbox 754 1060 827 1122; x_wconf 90' lang='lat' dir='ltr'>nihil</span> <span class='ocrx_word' id='word_1_84' title='bbox 859 1059 936 1122; x_wconf 91' lang='lat' dir='ltr'>enim</span> <span class='ocrx_word' id='word_1_85' title='bbox 964 1061 1028 1122; x_wconf 91' lang='lat' dir='ltr'>sine</span> <span class='ocrx_word' id='word_1_86' title='bbox 1056 1062 1172 1123; x_wconf 90' lang='lat' dir='ltr'>ratione</span> <span class='ocrx_word' id='word_1_87' title='bbox 1203 1061 1316 1140; x_wconf 92' lang='lat' dir='ltr'>optima</span> <span class='ocrx_word' id='word_1_88' title='bbox 1344 1059 1426 1120; x_wconf 83' lang='lat' dir='ltr'>iacit.</span> 
     </span>
     <span class='ocr_line' id='line_1_10' title="bbox 78 1146 1428 1230; baseline 0 -21"><span class='ocrx_word' id='word_1_89' title='bbox 78 1146 200 1220; x_wconf 84' lang='lat' dir='ltr'>Quodsi</span> <span class='ocrx_word' id='word_1_90' title='bbox 224 1147 326 1223; x_wconf 89' lang='lat' dir='ltr'>dicas,</span> <span class='ocrx_word' id='word_1_91' title='bbox 350 1147 483 1229; x_wconf 87' lang='lat' dir='ltr'>potuisse</span> <span class='ocrx_word' id='word_1_92' title='bbox 507 1168 658 1211; x_wconf 90' lang='lat' dir='ltr'>numemm</span> <span class='ocrx_word' id='word_1_93' title='bbox 681 1148 809 1228; x_wconf 89' lang='lat' dir='ltr'>aliquem</span> <span class='ocrx_word' id='word_1_94' title='bbox 831 1150 909 1211; x_wconf 90' lang='lat' dir='ltr'>sumi</span> <span class='ocrx_word' id='word_1_95' title='bbox 932 1169 969 1211; x_wconf 90' lang='lat' dir='ltr'>ex</span> <span class='ocrx_word' id='word_1_96' title='bbox 992 1149 1139 1230; x_wconf 89' lang='lat' dir='ltr'>spirituali</span> <span class='ocrx_word' id='word_1_97' title='bbox 1163 1151 1290 1211; x_wconf 91' lang='lat' dir='ltr'>mundo:</span> <span class='ocrx_word' id='word_1_98' title='bbox 1328 1157 1428 1211; x_wconf 76' lang='lat' dir='ltr'>muron</span> 
     </span>
     <span class='ocr_line' id='line_1_11' title="bbox 80 1237 1428 1318; baseline 0 -20"><span class='ocrx_word' id='word_1_99' title='bbox 80 1237 120 1299; x_wconf 86' lang='lat' dir='ltr'>ad</span> <span class='ocrx_word' id='word_1_100' title='bbox 142 1237 241 1299; x_wconf 89' lang='lat' dir='ltr'>Deum</span> <span class='ocrx_word' id='word_1_101' title='bbox 266 1245 399 1299; x_wconf 90' lang='lat' dir='ltr'>recurret</span> <span class='ocrx_word' id='word_1_102' title='bbox 420 1237 450 1298; x_wconf 91' lang='lat' dir='ltr'>in</span> <span class='ocrx_word' id='word_1_103' title='bbox 471 1237 551 1299; x_wconf 89' lang='lat' dir='ltr'>illins</span> <span class='ocrx_word' id='word_1_104' title='bbox 574 1238 668 1318; x_wconf 91' lang='lat' dir='ltr'>ipsius</span> <span class='ocrx_word' id='word_1_105' title='bbox 690 1238 852 1300; x_wconf 90' lang='lat' dir='ltr'>creatione.</span> <span class='ocrx_word' id='word_1_106' title='bbox 898 1238 940 1299; x_wconf 82' lang='lat' dir='ltr'>Et</span> <span class='ocrx_word' id='word_1_107' title='bbox 963 1239 1122 1301; x_wconf 88' lang='lat' dir='ltr'>absnrdum</span> <span class='ocrx_word' id='word_1_108' title='bbox 1146 1239 1216 1313; x_wconf 93' lang='lat' dir='ltr'>erit,</span> <span class='ocrx_word' id='word_1_109' title='bbox 1248 1256 1311 1300; x_wconf 92' lang='lat' dir='ltr'>rem</span> <span class='ocrx_word' id='word_1_110' title='bbox 1337 1255 1428 1317; x_wconf 89' lang='lat' dir='ltr'>prae-</span> 
     </span>
     <span class='ocr_line' id='line_1_12' title="bbox 80 1326 1428 1407; baseline -0.001 -18"><span class='ocrx_word' id='word_1_111' title='bbox 80 1326 317 1400; x_wconf 84' lang='lat' dir='ltr'>stantissimam,</span> <span class='ocrx_word' id='word_1_112' title='bbox 345 1345 389 1387; x_wconf 89' lang='lat' dir='ltr'>sc.</span> <span class='ocrx_word' id='word_1_113' title='bbox 415 1326 554 1388; x_wconf 91' lang='lat' dir='ltr'>mundum</span> <span class='ocrx_word' id='word_1_114' title='bbox 577 1338 710 1388; x_wconf 89' lang='lat' dir='ltr'>creatum</span> <span class='ocrx_word' id='word_1_115' title='bbox 734 1346 800 1388; x_wconf 92' lang='lat' dir='ltr'>esse</span> <span class='ocrx_word' id='word_1_116' title='bbox 825 1327 864 1388; x_wconf 91' lang='lat' dir='ltr'>ad</span> <span class='ocrx_word' id='word_1_117' title='bbox 887 1328 1071 1407; x_wconf 89' lang='lat' dir='ltr'>augelorum,</span> <span class='ocrx_word' id='word_1_118' title='bbox 1096 1346 1153 1390; x_wconf 89' lang='lat' dir='ltr'>non</span> <span class='ocrx_word' id='word_1_119' title='bbox 1178 1328 1215 1389; x_wconf 89' lang='lat' dir='ltr'>ad</span> <span class='ocrx_word' id='word_1_120' title='bbox 1239 1327 1297 1389; x_wconf 86' lang='lat' dir='ltr'>Dei</span> <span class='ocrx_word' id='word_1_121' title='bbox 1319 1326 1428 1406; x_wconf 90' lang='lat' dir='ltr'>imagi·</span> 
     </span>
     <span class='ocr_line' id='line_1_13' title="bbox 79 1414 1428 1496; baseline 0 -20"><span class='ocrx_word' id='word_1_122' title='bbox 79 1434 158 1477; x_wconf 88' lang='lat' dir='ltr'>uem.</span> <span class='ocrx_word' id='word_1_123' title='bbox 204 1414 272 1494; x_wconf 83' lang='lat' dir='ltr'>Ego</span> <span class='ocrx_word' id='word_1_124' title='bbox 297 1415 420 1494; x_wconf 89' lang='lat' dir='ltr'>angelos</span> <span class='ocrx_word' id='word_1_125' title='bbox 443 1415 526 1495; x_wconf 91' lang='lat' dir='ltr'>ipsos</span> <span class='ocrx_word' id='word_1_126' title='bbox 550 1434 695 1478; x_wconf 87' lang='lat' dir='ltr'>aceenseo</span> <span class='ocrx_word' id='word_1_127' title='bbox 714 1415 914 1478; x_wconf 83' lang='lat' dir='ltr'>huicvisibili</span> <span class='ocrx_word' id='word_1_128' title='bbox 939 1418 1055 1492; x_wconf 89' lang='lat' dir='ltr'>mundo,</span> <span class='ocrx_word' id='word_1_129' title='bbox 1081 1417 1203 1496; x_wconf 89' lang='lat' dir='ltr'>perinde</span> <span class='ocrx_word' id='word_1_130' title='bbox 1226 1425 1261 1478; x_wconf 92' lang='lat' dir='ltr'>ut</span> <span class='ocrx_word' id='word_1_131' title='bbox 1285 1416 1428 1477; x_wconf 91' lang='lat' dir='ltr'>homines.</span> 
     </span>
     <span class='ocr_line' id='line_1_14' title="bbox 80 1502 1429 1584; baseline -0.002 -17"><span class='ocrx_word' id='word_1_132' title='bbox 80 1506 113 1567; x_wconf 92' lang='lat' dir='ltr'>ln</span> <span class='ocrx_word' id='word_1_133' title='bbox 136 1503 303 1584; x_wconf 87' lang='lat' dir='ltr'>principio,</span> <span class='ocrx_word' id='word_1_134' title='bbox 328 1511 399 1565; x_wconf 87' lang='lat' dir='ltr'>ante</span> <span class='ocrx_word' id='word_1_135' title='bbox 423 1505 557 1584; x_wconf 89' lang='lat' dir='ltr'>angelos,</span> <span class='ocrx_word' id='word_1_136' title='bbox 581 1512 714 1567; x_wconf 85' lang='lat' dir='ltr'>creatum</span> <span class='ocrx_word' id='word_1_137' title='bbox 738 1513 786 1565; x_wconf 89' lang='lat' dir='ltr'>est</span> <span class='ocrx_word' id='word_1_138' title='bbox 808 1502 933 1569; x_wconf 81' lang='lat' dir='ltr'>Ocelum</span> <span class='ocrx_word' id='word_1_139' title='bbox 957 1513 989 1567; x_wconf 88' lang='lat' dir='ltr'>et</span> <span class='ocrx_word' id='word_1_140' title='bbox 1011 1507 1128 1579; x_wconf 89' lang='lat' dir='ltr'>Terra).</span> <span class='ocrx_word' id='word_1_141' title='bbox 1176 1502 1306 1568; x_wconf 81' lang='lat' dir='ltr'>Corvum</span> <span class='ocrx_word' id='word_1_142' title='bbox 1329 1513 1429 1566; x_wconf 88' lang='lat' dir='ltr'>autern</span> 
     </span>
     <span class='ocr_line' id='line_1_15' title="bbox 79 1592 1424 1675; baseline -0.002 -19"><span class='ocrx_word' id='word_1_143' title='bbox 79 1592 358 1665; x_wconf 85' lang='lat' dir='ltr'>rectissimeDeo,</span> <span class='ocrx_word' id='word_1_144' title='bbox 382 1600 495 1655; x_wconf 89' lang='lat' dir='ltr'>rectum</span> <span class='ocrx_word' id='word_1_145' title='bbox 519 1602 673 1656; x_wconf 86' lang='lat' dir='ltr'>creaturae</span> <span class='ocrx_word' id='word_1_146' title='bbox 697 1601 893 1673; x_wconf 84' lang='lat' dir='ltr'>comparatur.</span> <span class='ocrx_word' id='word_1_147' title='bbox 942 1596 975 1656; x_wconf 90' lang='lat' dir='ltr'>ln</span> <span class='ocrx_word' id='word_1_148' title='bbox 999 1596 1088 1675; x_wconf 90' lang='lat' dir='ltr'>globo</span> <span class='ocrx_word' id='word_1_149' title='bbox 1111 1594 1203 1674; x_wconf 92' lang='lat' dir='ltr'>igitur</span> <span class='ocrx_word' id='word_1_150' title='bbox 1225 1602 1274 1656; x_wconf 88' lang='lat' dir='ltr'>est</span> <span class='ocrx_word' id='word_1_151' title='bbox 1296 1593 1424 1667; x_wconf 85' lang='lat' dir='ltr'>trinitas,</span> 
     </span>
     <span class='ocr_line' id='line_1_16' title="bbox 80 1680 1428 1764; baseline -0.002 -20"><span class='ocrx_word' id='word_1_152' title='bbox 80 1681 282 1764; x_wconf 86' lang='lat' dir='ltr'>sphaericum,</span> <span class='ocrx_word' id='word_1_153' title='bbox 306 1691 448 1755; x_wconf 86' lang='lat' dir='ltr'>centrum,</span> <span class='ocrx_word' id='word_1_154' title='bbox 472 1683 637 1762; x_wconf 81' lang='lat' dir='ltr'>capacitas.</span> <span class='ocrx_word' id='word_1_155' title='bbox 683 1680 735 1744; x_wconf 88' lang='lat' dir='ltr'>Sic</span> <span class='ocrx_word' id='word_1_156' title='bbox 753 1683 783 1743; x_wconf 94' lang='lat' dir='ltr'>in</span> <span class='ocrx_word' id='word_1_157' title='bbox 807 1683 914 1745; x_wconf 90' lang='lat' dir='ltr'>mundo</span> <span class='ocrx_word' id='word_1_158' title='bbox 930 1683 1038 1763; x_wconf 91' lang='lat' dir='ltr'>quieto,</span> <span class='ocrx_word' id='word_1_159' title='bbox 1062 1683 1165 1759; x_wconf 85' lang='lat' dir='ltr'>Fixae,</span> <span class='ocrx_word' id='word_1_160' title='bbox 1190 1681 1252 1758; x_wconf 88' lang='lat' dir='ltr'>Sol,</span> <span class='ocrx_word' id='word_1_161' title='bbox 1278 1702 1351 1745; x_wconf 89' lang='lat' dir='ltr'>aura</span> <span class='ocrx_word' id='word_1_162' title='bbox 1365 1682 1428 1743; x_wconf 86' lang='lat' dir='ltr'>sive</span> 
     </span>
     <span class='ocr_line' id='line_1_17' title="bbox 81 1770 1429 1856; baseline -0.001 -23"><span class='ocrx_word' id='word_1_163' title='bbox 81 1771 189 1833; x_wconf 81' lang='lat' dir='ltr'>aethra</span> <span class='ocrx_word' id='word_1_164' title='bbox 212 1770 410 1836; x_wconf 87' lang='lat' dir='ltr'>intermedia:</span> <span class='ocrx_word' id='word_1_165' title='bbox 435 1778 467 1833; x_wconf 90' lang='lat' dir='ltr'>et</span> <span class='ocrx_word' id='word_1_166' title='bbox 488 1772 519 1834; x_wconf 91' lang='lat' dir='ltr'>in</span> <span class='ocrx_word' id='word_1_167' title='bbox 542 1772 689 1834; x_wconf 86' lang='lat' dir='ltr'>Trinitate</span> <span class='ocrx_word' id='word_1_168' title='bbox 703 1772 813 1856; x_wconf 79' lang='lat' dir='ltr'>Filius,</span> <span class='ocrx_word' id='word_1_169' title='bbox 829 1773 931 1848; x_wconf 89' lang='lat' dir='ltr'>Pater,</span> <span class='ocrx_word' id='word_1_170' title='bbox 956 1771 1095 1852; x_wconf 88' lang='lat' dir='ltr'>Spiritus.</span> <span class='ocrx_word' id='word_1_171' title='bbox 1141 1772 1162 1834; x_wconf 88' lang='lat' dir='ltr'>J</span> <span class='ocrx_word' id='word_1_172' title='bbox 1164 1792 1211 1834; x_wconf 88' lang='lat' dir='ltr'>am</span> <span class='ocrx_word' id='word_1_173' title='bbox 1224 1772 1349 1833; x_wconf 89' lang='lat' dir='ltr'>mundos</span> <span class='ocrx_word' id='word_1_174' title='bbox 1364 1788 1429 1832; x_wconf 92' lang='lat' dir='ltr'>mo-</span> 
     </span>
     <span class='ocr_line' id='line_1_18' title="bbox 80 1858 1429 1942; baseline -0.001 -20"><span class='ocrx_word' id='word_1_175' title='bbox 80 1860 148 1922; x_wconf 89' lang='lat' dir='ltr'>bilis</span> <span class='ocrx_word' id='word_1_176' title='bbox 178 1879 219 1921; x_wconf 91' lang='lat' dir='ltr'>ex</span> <span class='ocrx_word' id='word_1_177' title='bbox 245 1858 408 1924; x_wconf 90' lang='lat' dir='ltr'>rectilineis</span> <span class='ocrx_word' id='word_1_178' title='bbox 436 1860 612 1922; x_wconf 87' lang='lat' dir='ltr'>censendus.</span> <span class='ocrx_word' id='word_1_179' title='bbox 659 1861 781 1922; x_wconf 91' lang='lat' dir='ltr'>Illomm</span> <span class='ocrx_word' id='word_1_180' title='bbox 808 1869 907 1924; x_wconf 87' lang='lat' dir='ltr'>antem</span> <span class='ocrx_word' id='word_1_181' title='bbox 938 1863 1075 1942; x_wconf 89' lang='lat' dir='ltr'>quinque.</span> <span class='ocrx_word' id='word_1_182' title='bbox 1121 1859 1222 1933; x_wconf 83' lang='lat' dir='ltr'>Quare</span> <span class='ocrx_word' id='word_1_183' title='bbox 1252 1862 1278 1922; x_wconf 91' lang='lat' dir='ltr'>si</span> <span class='ocrx_word' id='word_1_184' title='bbox 1301 1861 1354 1922; x_wconf 89' lang='lat' dir='ltr'>illa</span> <span class='ocrx_word' id='word_1_185' title='bbox 1375 1876 1429 1940; x_wconf 89' lang='lat' dir='ltr'>pro</span> 
     </span>
     <span class='ocr_line' id='line_1_19' title="bbox 83 1942 1430 2030; baseline -0.002 -17"><span class='ocrx_word' id='word_1_186' title='bbox 83 1948 220 2013; x_wconf 86' lang='lat' dir='ltr'>terminis</span> <span class='ocrx_word' id='word_1_187' title='bbox 249 1949 313 2010; x_wconf 84' lang='lat' dir='ltr'>sive</span> <span class='ocrx_word' id='word_1_188' title='bbox 345 1966 399 2027; x_wconf 87' lang='lat' dir='ltr'>pro</span> <span class='ocrx_word' id='word_1_189' title='bbox 431 1949 616 2011; x_wconf 88' lang='lat' dir='ltr'>maceriebns</span> <span class='ocrx_word' id='word_1_190' title='bbox 643 1949 781 2011; x_wconf 90' lang='lat' dir='ltr'>habenda</span> <span class='ocrx_word' id='word_1_191' title='bbox 812 1959 883 2012; x_wconf 85' lang='lat' dir='ltr'>suut</span> <span class='ocrx_word' id='word_1_192' title='bbox 914 1952 1013 2030; x_wconf 90' lang='lat' dir='ltr'>(cujus</span> <span class='ocrx_word' id='word_1_193' title='bbox 1040 1951 1131 2013; x_wconf 87' lang='lat' dir='ltr'>etiam</span> <span class='ocrx_word' id='word_1_194' title='bbox 1153 1942 1297 2013; x_wconf 84' lang='lat' dir='ltr'>ratiodem</span> <span class='ocrx_word' id='word_1_195' title='bbox 1321 1951 1430 2011; x_wconf 89' lang='lat' dir='ltr'>bonarn</span> 
     </span>
     <span class='ocr_line' id='line_1_20' title="bbox 83 2037 1431 2119; baseline -0.002 -18"><span class='ocrx_word' id='word_1_196' title='bbox 83 2039 190 2111; x_wconf 73' lang='lat' dir='ltr'>mero)</span> <span class='ocrx_word' id='word_1_197' title='bbox 216 2055 275 2098; x_wconf 89' lang='lat' dir='ltr'>non</span> <span class='ocrx_word' id='word_1_198' title='bbox 297 2046 440 2117; x_wconf 89' lang='lat' dir='ltr'>poterunt</span> <span class='ocrx_word' id='word_1_199' title='bbox 460 2039 561 2118; x_wconf 91' lang='lat' dir='ltr'>plures</span> <span class='ocrx_word' id='word_1_200' title='bbox 582 2057 634 2100; x_wconf 88' lang='lat' dir='ltr'>res</span> <span class='ocrx_word' id='word_1_201' title='bbox 657 2038 857 2118; x_wconf 89' lang='lat' dir='ltr'>distinguere,</span> <span class='ocrx_word' id='word_1_202' title='bbox 891 2059 979 2119; x_wconf 91' lang='lat' dir='ltr'>quam</span> <span class='ocrx_word' id='word_1_203' title='bbox 1001 2059 1064 2102; x_wconf 91' lang='lat' dir='ltr'>sex.</span> <span class='ocrx_word' id='word_1_204' title='bbox 1112 2039 1173 2102; x_wconf 86' lang='lat' dir='ltr'>Sex</span> <span class='ocrx_word' id='word_1_205' title='bbox 1198 2039 1287 2119; x_wconf 89' lang='lat' dir='ltr'>igitur</span> <span class='ocrx_word' id='word_1_206' title='bbox 1310 2037 1431 2100; x_wconf 91' lang='lat' dir='ltr'>mobilia</span> 
     </span>
     <span class='ocr_line' id='line_1_21' title="bbox 83 2126 1432 2209; baseline -0.002 -19"><span class='ocrx_word' id='word_1_207' title='bbox 83 2127 183 2190; x_wconf 90' lang='lat' dir='ltr'>Solem</span> <span class='ocrx_word' id='word_1_208' title='bbox 216 2126 510 2189; x_wconf 87' lang='lat' dir='ltr'>circumambeuntia.</span> <span class='ocrx_word' id='word_1_209' title='bbox 566 2127 702 2189; x_wconf 77' lang='lat' dir='ltr'>liabetur</span> <span class='ocrx_word' id='word_1_210' title='bbox 733 2145 827 2189; x_wconf 91' lang='lat' dir='ltr'>causa</span> <span class='ocrx_word' id='word_1_211' title='bbox 858 2129 971 2205; x_wconf 83' lang='lat' dir='ltr'>numeri</span> <span class='ocrx_word' id='word_1_212' title='bbox 1004 2129 1201 2209; x_wconf 87' lang='lat' dir='ltr'>planetarum.</span> <span class='ocrx_word' id='word_1_213' title='bbox 1258 2126 1309 2190; x_wconf 87' lang='lat' dir='ltr'>Sic</span> <span class='ocrx_word' id='word_1_214' title='bbox 1341 2127 1432 2204; x_wconf 90' lang='lat' dir='ltr'>igitur</span> 
     </span>
     <span class='ocr_line' id='line_1_22' title="bbox 84 2215 1430 2298; baseline -0.001 -19"><span class='ocrx_word' id='word_1_215' title='bbox 84 2215 134 2279; x_wconf 89' lang='lat' dir='ltr'>Sol</span> <span class='ocrx_word' id='word_1_216' title='bbox 158 2215 191 2277; x_wconf 88' lang='lat' dir='ltr'>in</span> <span class='ocrx_word' id='word_1_217' title='bbox 220 2216 318 2277; x_wconf 92' lang='lat' dir='ltr'>medio</span> <span class='ocrx_word' id='word_1_218' title='bbox 346 2215 496 2278; x_wconf 90' lang='lat' dir='ltr'>mobilium</span> <span class='ocrx_word' id='word_1_219' title='bbox 524 2217 642 2298; x_wconf 90' lang='lat' dir='ltr'>quietus</span> <span class='ocrx_word' id='word_1_220' title='bbox 665 2216 730 2296; x_wconf 91' lang='lat' dir='ltr'>ipse</span> <span class='ocrx_word' id='word_1_221' title='bbox 757 2224 910 2278; x_wconf 90' lang='lat' dir='ltr'>ettamen</span> <span class='ocrx_word' id='word_1_222' title='bbox 936 2219 1002 2278; x_wconf 82' lang='lat' dir='ltr'>lons</span> <span class='ocrx_word' id='word_1_223' title='bbox 1025 2226 1137 2286; x_wconf 83' lang='lat' dir='ltr'>motus,</span> <span class='ocrx_word' id='word_1_224' title='bbox 1170 2217 1248 2297; x_wconf 88' lang='lat' dir='ltr'>gerit</span> <span class='ocrx_word' id='word_1_225' title='bbox 1270 2215 1430 2297; x_wconf 85' lang='lat' dir='ltr'>imaginem</span> 
     </span>
     <span class='ocr_line' id='line_1_23' title="bbox 84 2304 1430 2386; baseline -0.001 -18"><span class='ocrx_word' id='word_1_226' title='bbox 84 2305 138 2368; x_wconf 81' lang='lat' dir='ltr'>uei</span> <span class='ocrx_word' id='word_1_227' title='bbox 156 2304 426 2386; x_wconf 86' lang='lat' dir='ltr'>patriscreatoris.</span> <span class='ocrx_word' id='word_1_228' title='bbox 471 2304 549 2368; x_wconf 90' lang='lat' dir='ltr'>Nam</span> <span class='ocrx_word' id='word_1_229' title='bbox 566 2306 644 2386; x_wconf 90' lang='lat' dir='ltr'>quod</span> <span class='ocrx_word' id='word_1_230' title='bbox 668 2313 716 2366; x_wconf 91' lang='lat' dir='ltr'>est</span> <span class='ocrx_word' id='word_1_231' title='bbox 737 2305 802 2366; x_wconf 92' lang='lat' dir='ltr'>Deo</span> <span class='ocrx_word' id='word_1_232' title='bbox 825 2307 948 2381; x_wconf 86' lang='lat' dir='ltr'>creatio,</span> <span class='ocrx_word' id='word_1_233' title='bbox 973 2307 1029 2367; x_wconf 90' lang='lat' dir='ltr'>hoc</span> <span class='ocrx_word' id='word_1_234' title='bbox 1053 2314 1102 2368; x_wconf 94' lang='lat' dir='ltr'>est</span> <span class='ocrx_word' id='word_1_235' title='bbox 1124 2306 1188 2368; x_wconf 87' lang='lat' dir='ltr'>Soli</span> <span class='ocrx_word' id='word_1_236' title='bbox 1213 2315 1321 2367; x_wconf 92' lang='lat' dir='ltr'>mutus.</span> <span class='ocrx_word' id='word_1_237' title='bbox 1359 2305 1430 2367; x_wconf 90' lang='lat' dir='ltr'>Mo-</span> 
     </span>
     <span class='ocr_line' id='line_1_24' title="bbox 84 2393 1430 2475; baseline 0.001 -22"><span class='ocrx_word' id='word_1_238' title='bbox 84 2405 133 2457; x_wconf 78' lang='lat' dir='ltr'>vet</span> <span class='ocrx_word' id='word_1_239' title='bbox 156 2402 260 2456; x_wconf 86' lang='lat' dir='ltr'>autem</span> <span class='ocrx_word' id='word_1_240' title='bbox 282 2394 313 2456; x_wconf 91' lang='lat' dir='ltr'>in</span> <span class='ocrx_word' id='word_1_241' title='bbox 336 2395 418 2470; x_wconf 83' lang='lat' dir='ltr'>fixis,</span> <span class='ocrx_word' id='word_1_242' title='bbox 443 2403 476 2456; x_wconf 90' lang='lat' dir='ltr'>ut</span> <span class='ocrx_word' id='word_1_243' title='bbox 497 2404 585 2475; x_wconf 89' lang='lat' dir='ltr'>pater</span> <span class='ocrx_word' id='word_1_244' title='bbox 607 2395 638 2456; x_wconf 94' lang='lat' dir='ltr'>in</span> <span class='ocrx_word' id='word_1_245' title='bbox 660 2395 719 2456; x_wconf 91' lang='lat' dir='ltr'>filio</span> <span class='ocrx_word' id='word_1_246' title='bbox 743 2402 835 2456; x_wconf 89' lang='lat' dir='ltr'>creat.</span> <span class='ocrx_word' id='word_1_247' title='bbox 882 2394 976 2456; x_wconf 80' lang='lat' dir='ltr'>lixae</span> <span class='ocrx_word' id='word_1_248' title='bbox 999 2395 1077 2457; x_wconf 91' lang='lat' dir='ltr'>euim</span> <span class='ocrx_word' id='word_1_249' title='bbox 1101 2396 1159 2458; x_wconf 94' lang='lat' dir='ltr'>nisi</span> <span class='ocrx_word' id='word_1_250' title='bbox 1183 2396 1279 2457; x_wconf 88' lang='lat' dir='ltr'>locum</span> <span class='ocrx_word' id='word_1_251' title='bbox 1301 2393 1430 2475; x_wconf 87' lang='lat' dir='ltr'>praebe-</span> 
     </span>
     <span class='ocr_line' id='line_1_25' title="bbox 85 2482 1431 2562; baseline -0.003 -16"><span class='ocrx_word' id='word_1_252' title='bbox 85 2492 149 2546; x_wconf 87' lang='lat' dir='ltr'>rent</span> <span class='ocrx_word' id='word_1_253' title='bbox 181 2503 238 2545; x_wconf 87' lang='lat' dir='ltr'>sua</span> <span class='ocrx_word' id='word_1_254' title='bbox 266 2483 385 2562; x_wconf 92' lang='lat' dir='ltr'>quiete,</span> <span class='ocrx_word' id='word_1_255' title='bbox 417 2483 490 2545; x_wconf 89' lang='lat' dir='ltr'>nihil</span> <span class='ocrx_word' id='word_1_256' title='bbox 518 2484 628 2545; x_wconf 84' lang='lat' dir='ltr'>moveri</span> <span class='ocrx_word' id='word_1_257' title='bbox 659 2490 773 2562; x_wconf 91' lang='lat' dir='ltr'>posset.</span> <span class='ocrx_word' id='word_1_258' title='bbox 820 2482 907 2554; x_wconf 80' lang='lat' dir='ltr'>Quod</span> <span class='ocrx_word' id='word_1_259' title='bbox 931 2484 1049 2546; x_wconf 88' lang='lat' dir='ltr'>axioma</span> <span class='ocrx_word' id='word_1_260' title='bbox 1073 2485 1163 2546; x_wconf 90' lang='lat' dir='ltr'>etiam</span> <span class='ocrx_word' id='word_1_261' title='bbox 1187 2486 1254 2546; x_wconf 91' lang='lat' dir='ltr'>dum</span> <span class='ocrx_word' id='word_1_262' title='bbox 1278 2482 1431 2562; x_wconf 87' lang='lat' dir='ltr'>Tubiugae</span> 
     </span>
     <span class='ocr_line' id='line_1_26' title="bbox 85 2569 1432 2655; baseline 0 -21"><span class='ocrx_word' id='word_1_263' title='bbox 85 2573 179 2635; x_wconf 77' lang='lat' dir='ltr'>teum.</span> <span class='ocrx_word' id='word_1_264' title='bbox 225 2569 413 2652; x_wconf 88' lang='lat' dir='ltr'>Dispertitnr</span> <span class='ocrx_word' id='word_1_265' title='bbox 435 2581 534 2635; x_wconf 87' lang='lat' dir='ltr'>autem</span> <span class='ocrx_word' id='word_1_266' title='bbox 549 2571 602 2634; x_wconf 87' lang='lat' dir='ltr'>Sol</span> <span class='ocrx_word' id='word_1_267' title='bbox 621 2573 765 2634; x_wconf 85' lang='lat' dir='ltr'>&#39;virtutem</span> <span class='ocrx_word' id='word_1_268' title='bbox 788 2580 886 2634; x_wconf 89' lang='lat' dir='ltr'>motus</span> <span class='ocrx_word' id='word_1_269' title='bbox 909 2590 963 2652; x_wconf 89' lang='lat' dir='ltr'>per</span> <span class='ocrx_word' id='word_1_270' title='bbox 984 2574 1121 2649; x_wconf 90' lang='lat' dir='ltr'>medium,</span> <span class='ocrx_word' id='word_1_271' title='bbox 1141 2574 1170 2635; x_wconf 93' lang='lat' dir='ltr'>in</span> <span class='ocrx_word' id='word_1_272' title='bbox 1194 2592 1251 2655; x_wconf 89' lang='lat' dir='ltr'>quo</span> <span class='ocrx_word' id='word_1_273' title='bbox 1274 2581 1344 2635; x_wconf 89' lang='lat' dir='ltr'>sunt</span> <span class='ocrx_word' id='word_1_274' title='bbox 1366 2589 1432 2634; x_wconf 91' lang='lat' dir='ltr'>mo-</span> 
     </span>
     <span class='ocr_line' id='line_1_27' title="bbox 87 2659 1432 2743; baseline -0.002 -19"><span class='ocrx_word' id='word_1_275' title='bbox 87 2662 176 2724; x_wconf 83' lang='lat' dir='ltr'>bilia:</span> <span class='ocrx_word' id='word_1_276' title='bbox 200 2659 280 2723; x_wconf 88' lang='lat' dir='ltr'>sicut</span> <span class='ocrx_word' id='word_1_277' title='bbox 302 2668 391 2743; x_wconf 79' lang='lat' dir='ltr'>pater</span> <span class='ocrx_word' id='word_1_278' title='bbox 413 2681 466 2741; x_wconf 89' lang='lat' dir='ltr'>per</span> <span class='ocrx_word' id='word_1_279' title='bbox 489 2662 626 2742; x_wconf 90' lang='lat' dir='ltr'>spiritum</span> <span class='ocrx_word' id='word_1_280' title='bbox 649 2662 698 2722; x_wconf 86' lang='lat' dir='ltr'>vel</span> <span class='ocrx_word' id='word_1_281' title='bbox 721 2662 831 2723; x_wconf 90' lang='lat' dir='ltr'>virtute</span> <span class='ocrx_word' id='word_1_282' title='bbox 855 2662 977 2741; x_wconf 88' lang='lat' dir='ltr'>spiritus</span> <span class='ocrx_word' id='word_1_283' title='bbox 1001 2663 1047 2724; x_wconf 94' lang='lat' dir='ltr'>sui</span> <span class='ocrx_word' id='word_1_284' title='bbox 1061 2672 1155 2725; x_wconf 90' lang='lat' dir='ltr'>creat.</span> <span class='ocrx_word' id='word_1_285' title='bbox 1202 2664 1303 2743; x_wconf 86' lang='lat' dir='ltr'>Atque</span> <span class='ocrx_word' id='word_1_286' title='bbox 1314 2662 1380 2741; x_wconf 89' lang='lat' dir='ltr'>jam</span> <span class='ocrx_word' id='word_1_287' title='bbox 1395 2679 1432 2722; x_wconf 91' lang='lat' dir='ltr'>ex</span> 
     </span>
     <span class='ocr_line' id='line_1_28' title="bbox 86 2750 1431 2831; baseline -0.002 -19"><span class='ocrx_word' id='word_1_288' title='bbox 86 2750 268 2813; x_wconf 72' lang='lat' dir='ltr'>neomsitate</span> <span class='ocrx_word' id='word_1_289' title='bbox 295 2751 589 2830; x_wconf 88' lang='lat' dir='ltr'>praesuppositomm</span> <span class='ocrx_word' id='word_1_290' title='bbox 613 2750 764 2830; x_wconf 88' lang='lat' dir='ltr'>sequitur,</span> <span class='ocrx_word' id='word_1_291' title='bbox 788 2758 900 2812; x_wconf 88' lang='lat' dir='ltr'>motum</span> <span class='ocrx_word' id='word_1_292' title='bbox 923 2770 989 2812; x_wconf 85' lang='lat' dir='ltr'>cum</span> <span class='ocrx_word' id='word_1_293' title='bbox 1014 2751 1175 2814; x_wconf 87' lang='lat' dir='ltr'>distantiis</span> <span class='ocrx_word' id='word_1_294' title='bbox 1189 2751 1217 2813; x_wconf 92' lang='lat' dir='ltr'>in</span> <span class='ocrx_word' id='word_1_295' title='bbox 1241 2750 1431 2831; x_wconf 88' lang='lat' dir='ltr'>proportione</span> 
     </span>
     <span class='ocr_line' id='line_1_29' title="bbox 86 2837 1431 2920; baseline -0.001 -19"><span class='ocrx_word' id='word_1_296' title='bbox 86 2859 161 2902; x_wconf 86' lang='lat' dir='ltr'>esse.</span> <span class='ocrx_word' id='word_1_297' title='bbox 208 2837 261 2901; x_wconf 89' lang='lat' dir='ltr'>Sic</span> <span class='ocrx_word' id='word_1_298' title='bbox 283 2838 377 2919; x_wconf 90' lang='lat' dir='ltr'>igitur</span> <span class='ocrx_word' id='word_1_299' title='bbox 391 2839 532 2915; x_wconf 85' lang='lat' dir='ltr'>conclusi,</span> <span class='ocrx_word' id='word_1_300' title='bbox 557 2848 599 2913; x_wconf 93' lang='lat' dir='ltr'>ut,</span> <span class='ocrx_word' id='word_1_301' title='bbox 623 2858 699 2920; x_wconf 88' lang='lat' dir='ltr'>quae</span> <span class='ocrx_word' id='word_1_302' title='bbox 722 2840 873 2901; x_wconf 87' lang='lat' dir='ltr'>sententia</span> <span class='ocrx_word' id='word_1_303' title='bbox 896 2841 1020 2917; x_wconf 87' lang='lat' dir='ltr'>eundern</span> <span class='ocrx_word' id='word_1_304' title='bbox 1044 2841 1174 2903; x_wconf 91' lang='lat' dir='ltr'>ordinem</span> <span class='ocrx_word' id='word_1_305' title='bbox 1198 2841 1323 2901; x_wconf 85' lang='lat' dir='ltr'>inmota</span> <span class='ocrx_word' id='word_1_306' title='bbox 1337 2839 1431 2901; x_wconf 90' lang='lat' dir='ltr'>etdi-</span> 
     </span>
     <span class='ocr_line' id='line_1_30' title="bbox 86 2928 1432 3010; baseline -0.001 -21"><span class='ocrx_word' id='word_1_307' title='bbox 86 2928 205 2991; x_wconf 83' lang='lat' dir='ltr'>stantiis</span> <span class='ocrx_word' id='word_1_308' title='bbox 219 2938 367 3003; x_wconf 88' lang='lat' dir='ltr'>servaret,</span> <span class='ocrx_word' id='word_1_309' title='bbox 391 2947 463 2990; x_wconf 83' lang='lat' dir='ltr'>vera</span> <span class='ocrx_word' id='word_1_310' title='bbox 477 2937 574 3002; x_wconf 84' lang='lat' dir='ltr'>esset3</span> <span class='ocrx_word' id='word_1_311' title='bbox 599 2947 674 3009; x_wconf 87' lang='lat' dir='ltr'>qnae</span> <span class='ocrx_word' id='word_1_312' title='bbox 695 2946 762 3002; x_wconf 90' lang='lat' dir='ltr'>uon,</span> <span class='ocrx_word' id='word_1_313' title='bbox 788 2929 875 2990; x_wconf 83' lang='lat' dir='ltr'>salsa.</span> <span class='ocrx_word' id='word_1_314' title='bbox 921 2928 1039 2991; x_wconf 84' lang='lat' dir='ltr'>Exinde</span> <span class='ocrx_word' id='word_1_315' title='bbox 1061 2930 1196 3009; x_wconf 83' lang='lat' dir='ltr'>probavi,</span> <span class='ocrx_word' id='word_1_316' title='bbox 1220 2948 1345 3010; x_wconf 82' lang='lat' dir='ltr'>corpora</span> <span class='ocrx_word' id='word_1_317' title='bbox 1358 2929 1432 2990; x_wconf 87' lang='lat' dir='ltr'>baec</span> 
     </span>
     <span class='ocr_line' id='line_1_31' title="bbox 86 3008 1431 3098; baseline -0.001 -19"><span class='ocrx_word' id='word_1_318' title='bbox 86 3017 209 3079; x_wconf 89' lang='lat' dir='ltr'>duorum</span> <span class='ocrx_word' id='word_1_319' title='bbox 233 3036 300 3079; x_wconf 84' lang='lat' dir='ltr'>esse</span> <span class='ocrx_word' id='word_1_320' title='bbox 324 3008 467 3092; x_wconf 89' lang='lat' dir='ltr'>ordinum,</span> <span class='ocrx_word' id='word_1_321' title='bbox 491 3017 552 3079; x_wconf 91' lang='lat' dir='ltr'>tria</span> <span class='ocrx_word' id='word_1_322' title='bbox 573 3017 603 3078; x_wconf 95' lang='lat' dir='ltr'>in</span> <span class='ocrx_word' id='word_1_323' title='bbox 627 3036 695 3089; x_wconf 90' lang='lat' dir='ltr'>uuo,</span> <span class='ocrx_word' id='word_1_324' title='bbox 720 3017 776 3078; x_wconf 94' lang='lat' dir='ltr'>duo</span> <span class='ocrx_word' id='word_1_325' title='bbox 800 3018 829 3078; x_wconf 93' lang='lat' dir='ltr'>iu</span> <span class='ocrx_word' id='word_1_326' title='bbox 853 3018 967 3098; x_wconf 90' lang='lat' dir='ltr'>reliquo</span> <span class='ocrx_word' id='word_1_327' title='bbox 991 3019 1102 3080; x_wconf 92' lang='lat' dir='ltr'>ordine.</span> <span class='ocrx_word' id='word_1_328' title='bbox 1151 3017 1266 3081; x_wconf 84' lang='lat' dir='ltr'>Cubnm</span> <span class='ocrx_word' id='word_1_329' title='bbox 1286 3037 1352 3078; x_wconf 92' lang='lat' dir='ltr'>esse</span> <span class='ocrx_word' id='word_1_330' title='bbox 1366 3017 1431 3096; x_wconf 90' lang='lat' dir='ltr'>pri-</span> 
     </span>
     <span class='ocr_line' id='line_1_32' title="bbox 87 3105 1431 3188; baseline -0.002 -20"><span class='ocrx_word' id='word_1_331' title='bbox 87 3125 163 3168; x_wconf 90' lang='lat' dir='ltr'>mum</span> <span class='ocrx_word' id='word_1_332' title='bbox 187 3106 317 3169; x_wconf 92' lang='lat' dir='ltr'>omnium</span> <span class='ocrx_word' id='word_1_333' title='bbox 340 3115 373 3167; x_wconf 92' lang='lat' dir='ltr'>et</span> <span class='ocrx_word' id='word_1_334' title='bbox 391 3106 436 3167; x_wconf 91' lang='lat' dir='ltr'>sui</span> <span class='ocrx_word' id='word_1_335' title='bbox 461 3105 571 3167; x_wconf 90' lang='lat' dir='ltr'>ordinis</span> <span class='ocrx_word' id='word_1_336' title='bbox 594 3106 694 3180; x_wconf 86' lang='lat' dir='ltr'>etiam,</span> <span class='ocrx_word' id='word_1_337' title='bbox 718 3114 789 3185; x_wconf 90' lang='lat' dir='ltr'>post</span> <span class='ocrx_word' id='word_1_338' title='bbox 810 3107 986 3188; x_wconf 79' lang='lat' dir='ltr'>pyramida3</span> <span class='ocrx_word' id='word_1_339' title='bbox 1011 3108 1146 3170; x_wconf 91' lang='lat' dir='ltr'>ultimum</span> <span class='ocrx_word' id='word_1_340' title='bbox 1164 3108 1322 3187; x_wconf 91' lang='lat' dir='ltr'>primorum</span> <span class='ocrx_word' id='word_1_341' title='bbox 1337 3106 1431 3167; x_wconf 92' lang='lat' dir='ltr'>dode-</span> 
     </span>
     <span class='ocr_line' id='line_1_33' title="bbox 86 3193 1527 3274; baseline -0.002 -16"><span class='ocrx_word' id='word_1_342' title='bbox 86 3196 236 3258; x_wconf 73' lang='lat' dir='ltr'>aeorum.</span> <span class='ocrx_word' id='word_1_343' title='bbox 279 3193 528 3256; x_wconf 90' lang='lat' dir='ltr'>Secundariorum</span> <span class='ocrx_word' id='word_1_344' title='bbox 550 3196 676 3274; x_wconf 89' lang='lat' dir='ltr'>primum</span> <span class='ocrx_word' id='word_1_345' title='bbox 701 3214 767 3256; x_wconf 92' lang='lat' dir='ltr'>esse</span> <span class='ocrx_word' id='word_1_346' title='bbox 783 3196 955 3272; x_wconf 68' lang='lat' dir='ltr'>octaedron,</span> <span class='ocrx_word' id='word_1_347' title='bbox 981 3197 1115 3258; x_wconf 90' lang='lat' dir='ltr'>ultimum</span> <span class='ocrx_word' id='word_1_348' title='bbox 1135 3197 1329 3258; x_wconf 72' lang='lat' dir='ltr'>ieosaidron:</span> <span class='ocrx_word' id='word_1_349' title='bbox 1353 3194 1431 3256; x_wconf 90' lang='lat' dir='ltr'>Hinc</span> <span class='ocrx_word' id='word_1_350' title='bbox 1525 3201 1527 3205; x_wconf 86' lang='lat'>&#39;</span> 
     </span>
     <span class='ocr_line' id='line_1_34' title="bbox 85 3283 1431 3366; baseline -0.001 -20"><span class='ocrx_word' id='word_1_351' title='bbox 85 3286 224 3347; x_wconf 86' lang='lat' dir='ltr'>constitit</span> <span class='ocrx_word' id='word_1_352' title='bbox 246 3283 334 3358; x_wconf 90' lang='lat' dir='ltr'>ratio,</span> <span class='ocrx_word' id='word_1_353' title='bbox 360 3303 451 3364; x_wconf 89' lang='lat' dir='ltr'>quare</span> <span class='ocrx_word' id='word_1_354' title='bbox 474 3303 522 3346; x_wconf 91' lang='lat' dir='ltr'>res</span> <span class='ocrx_word' id='word_1_355' title='bbox 546 3286 639 3346; x_wconf 87' lang='lat' dir='ltr'>totius</span> <span class='ocrx_word' id='word_1_356' title='bbox 663 3285 762 3346; x_wconf 90' lang='lat' dir='ltr'>mundi</span> <span class='ocrx_word' id='word_1_357' title='bbox 783 3284 954 3364; x_wconf 86' lang='lat' dir='ltr'>praecipua,</span> <span class='ocrx_word' id='word_1_358' title='bbox 980 3286 1073 3348; x_wconf 86' lang='lat' dir='ltr'>Terra</span> <span class='ocrx_word' id='word_1_359' title='bbox 1095 3305 1200 3366; x_wconf 89' lang='lat' dir='ltr'>nempe</span> <span class='ocrx_word' id='word_1_360' title='bbox 1223 3304 1287 3347; x_wconf 89' lang='lat' dir='ltr'>eum</span> <span class='ocrx_word' id='word_1_361' title='bbox 1302 3284 1431 3363; x_wconf 86' lang='lat' dir='ltr'>imagine</span> 
     </span>
     <span class='ocr_line' id='line_1_35' title="bbox 85 3372 1431 3455; baseline -0.002 -19"><span class='ocrx_word' id='word_1_362' title='bbox 85 3372 140 3435; x_wconf 89' lang='lat' dir='ltr'>Dei</span> <span class='ocrx_word' id='word_1_363' title='bbox 163 3374 195 3436; x_wconf 91' lang='lat' dir='ltr'>in</span> <span class='ocrx_word' id='word_1_364' title='bbox 218 3373 339 3435; x_wconf 90' lang='lat' dir='ltr'>homine</span> <span class='ocrx_word' id='word_1_365' title='bbox 362 3372 559 3453; x_wconf 85' lang='lat' dir='ltr'>distingueret</span> <span class='ocrx_word' id='word_1_366' title='bbox 581 3374 659 3435; x_wconf 90' lang='lat' dir='ltr'>inter</span> <span class='ocrx_word' id='word_1_367' title='bbox 682 3373 811 3435; x_wconf 88' lang='lat' dir='ltr'>ordines.</span> <span class='ocrx_word' id='word_1_368' title='bbox 857 3375 987 3436; x_wconf 89' lang='lat' dir='ltr'>Probavi</span> <span class='ocrx_word' id='word_1_369' title='bbox 1002 3375 1100 3455; x_wconf 89' lang='lat' dir='ltr'>igitur,</span> <span class='ocrx_word' id='word_1_370' title='bbox 1126 3376 1202 3454; x_wconf 91' lang='lat' dir='ltr'>quod</span> <span class='ocrx_word' id='word_1_371' title='bbox 1216 3374 1357 3454; x_wconf 89' lang='lat' dir='ltr'>primaria</span> <span class='ocrx_word' id='word_1_372' title='bbox 1376 3372 1431 3433; x_wconf 93' lang='lat' dir='ltr'>de-</span> 
     </span>
     <span class='ocr_line' id='line_1_36' title="bbox 87 3462 1433 3543; baseline -0.003 -18"><span class='ocrx_word' id='word_1_373' title='bbox 87 3463 177 3525; x_wconf 83' lang='lat' dir='ltr'>beant</span> <span class='ocrx_word' id='word_1_374' title='bbox 200 3470 288 3524; x_wconf 85' lang='lat' dir='ltr'>extra</span> <span class='ocrx_word' id='word_1_375' title='bbox 316 3463 427 3523; x_wconf 88' lang='lat' dir='ltr'>terreni</span> <span class='ocrx_word' id='word_1_376' title='bbox 455 3462 536 3524; x_wconf 91' lang='lat' dir='ltr'>orbis</span> <span class='ocrx_word' id='word_1_377' title='bbox 564 3463 748 3541; x_wconf 89' lang='lat' dir='ltr'>complexum</span> <span class='ocrx_word' id='word_1_378' title='bbox 778 3481 864 3537; x_wconf 88' lang='lat' dir='ltr'>esse,</span> <span class='ocrx_word' id='word_1_379' title='bbox 900 3464 1077 3525; x_wconf 85' lang='lat' dir='ltr'>secundaria</span> <span class='ocrx_word' id='word_1_380' title='bbox 1104 3464 1202 3526; x_wconf 90' lang='lat' dir='ltr'>intra:</span> <span class='ocrx_word' id='word_1_381' title='bbox 1242 3464 1319 3543; x_wconf 90' lang='lat' dir='ltr'>qnod</span> <span class='ocrx_word' id='word_1_382' title='bbox 1342 3468 1433 3540; x_wconf 90' lang='lat' dir='ltr'>caput</span> 
     </span>
     <span class='ocr_line' id='line_1_37' title="bbox 86 3551 1431 3631; baseline -0.001 -18"><span class='ocrx_word' id='word_1_383' title='bbox 86 3552 244 3614; x_wconf 75' lang='lat' dir='ltr'>exterioris</span> <span class='ocrx_word' id='word_1_384' title='bbox 253 3551 373 3614; x_wconf 58' lang='lat' dir='ltr'>‘ordinis</span> <span class='ocrx_word' id='word_1_385' title='bbox 390 3551 557 3612; x_wconf 86' lang='lat' dir='ltr'>debeatad</span> <span class='ocrx_word' id='word_1_386' title='bbox 580 3552 656 3612; x_wconf 87' lang='lat' dir='ltr'>lixas</span> <span class='ocrx_word' id='word_1_387' title='bbox 679 3569 812 3630; x_wconf 87' lang='lat' dir='ltr'>vergere,</span> <span class='ocrx_word' id='word_1_388' title='bbox 833 3563 924 3631; x_wconf 92' lang='lat' dir='ltr'>capnt</span> <span class='ocrx_word' id='word_1_389' title='bbox 946 3553 1095 3614; x_wconf 89' lang='lat' dir='ltr'>interioris</span> <span class='ocrx_word' id='word_1_390' title='bbox 1119 3553 1156 3615; x_wconf 96' lang='lat' dir='ltr'>ad</span> <span class='ocrx_word' id='word_1_391' title='bbox 1181 3552 1292 3615; x_wconf 90' lang='lat' dir='ltr'>Solem.</span> <span class='ocrx_word' id='word_1_392' title='bbox 1329 3552 1431 3631; x_wconf 90' lang='lat' dir='ltr'>Atque</span> 
     </span>
     <span class='ocr_line' id='line_1_38' title="bbox 87 3639 1431 3721; baseline -0.001 -20"><span class='ocrx_word' id='word_1_393' title='bbox 87 3639 132 3703; x_wconf 90' lang='lat' dir='ltr'>bic</span> <span class='ocrx_word' id='word_1_394' title='bbox 153 3640 355 3721; x_wconf 87' lang='lat' dir='ltr'>explicandae</span> <span class='ocrx_word' id='word_1_395' title='bbox 378 3639 499 3702; x_wconf 85' lang='lat' dir='ltr'>luerunt</span> <span class='ocrx_word' id='word_1_396' title='bbox 521 3658 623 3700; x_wconf 91' lang='lat' dir='ltr'>omnes</span> <span class='ocrx_word' id='word_1_397' title='bbox 645 3640 845 3720; x_wconf 83' lang='lat' dir='ltr'>proprietates</span> <span class='ocrx_word' id='word_1_398' title='bbox 869 3651 900 3702; x_wconf 92' lang='lat' dir='ltr'>et</span> <span class='ocrx_word' id='word_1_399' title='bbox 923 3642 1116 3721; x_wconf 85' lang='lat' dir='ltr'>cognationes</span> <span class='ocrx_word' id='word_1_400' title='bbox 1139 3643 1243 3704; x_wconf 90' lang='lat' dir='ltr'>borum</span> <span class='ocrx_word' id='word_1_401' title='bbox 1267 3657 1431 3720; x_wconf 90' lang='lat' dir='ltr'>corporum.</span> 
     </span>
     <span class='ocr_line' id='line_1_39' title="bbox 86 3728 1431 3809; baseline -0.003 -17"><span class='ocrx_word' id='word_1_402' title='bbox 86 3730 140 3792; x_wconf 85' lang='lat' dir='ltr'>llis</span> <span class='ocrx_word' id='word_1_403' title='bbox 161 3730 210 3791; x_wconf 81' lang='lat' dir='ltr'>ita</span> <span class='ocrx_word' id='word_1_404' title='bbox 231 3728 426 3802; x_wconf 87' lang='lat' dir='ltr'>constitutis,</span> <span class='ocrx_word' id='word_1_405' title='bbox 457 3728 595 3791; x_wconf 82' lang='lat' dir='ltr'>ascensui</span> <span class='ocrx_word' id='word_1_406' title='bbox 619 3729 791 3809; x_wconf 89' lang='lat' dir='ltr'>corporibus</span> <span class='ocrx_word' id='word_1_407' title='bbox 813 3730 967 3808; x_wconf 89' lang='lat' dir='ltr'>planetas,</span> <span class='ocrx_word' id='word_1_408' title='bbox 1001 3730 1151 3793; x_wconf 89' lang='lat' dir='ltr'>contentis</span> <span class='ocrx_word' id='word_1_409' title='bbox 1175 3751 1193 3791; x_wconf 87' lang='lat' dir='ltr'>a</span> <span class='ocrx_word' id='word_1_410' title='bbox 1217 3732 1325 3791; x_wconf 86' lang='lat' dir='ltr'>Terrae</span> <span class='ocrx_word' id='word_1_411' title='bbox 1348 3729 1431 3799; x_wconf 91' lang='lat' dir='ltr'>orbe,</span> 
     </span>
     <span class='ocr_line' id='line_1_40' title="bbox 85 3814 1430 3894; baseline -0.002 -13"><span class='ocrx_word' id='word_1_412' title='bbox 85 3827 244 3881; x_wconf 86' lang='lat' dir='ltr'>contentos</span> <span class='ocrx_word' id='word_1_413' title='bbox 259 3839 279 3880; x_wconf 87' lang='lat' dir='ltr'>a</span> <span class='ocrx_word' id='word_1_414' title='bbox 292 3837 345 3891; x_wconf 90' lang='lat' dir='ltr'>se;</span> <span class='ocrx_word' id='word_1_415' title='bbox 369 3819 498 3880; x_wconf 87' lang='lat' dir='ltr'>exclusis</span> <span class='ocrx_word' id='word_1_416' title='bbox 522 3818 669 3881; x_wconf 86' lang='lat' dir='ltr'>exclusos.</span> <span class='ocrx_word' id='word_1_417' title='bbox 713 3817 763 3879; x_wconf 91' lang='lat' dir='ltr'>Sic</span> <span class='ocrx_word' id='word_1_418' title='bbox 786 3814 806 3893; x_wconf 73' lang='lat' dir='ltr'>li</span> <span class='ocrx_word' id='word_1_419' title='bbox 830 3820 934 3880; x_wconf 88' lang='lat' dir='ltr'>cubum</span> <span class='ocrx_word' id='word_1_420' title='bbox 960 3820 1083 3880; x_wconf 89' lang='lat' dir='ltr'>sortitus</span> <span class='ocrx_word' id='word_1_421' title='bbox 1102 3829 1160 3893; x_wconf 90' lang='lat' dir='ltr'>est,</span> <span class='ocrx_word' id='word_1_422' title='bbox 1183 3819 1213 3894; x_wconf 73' lang='lat' dir='ltr'>lt</span> <span class='ocrx_word' id='word_1_423' title='bbox 1235 3819 1430 3892; x_wconf 78' lang='lat' dir='ltr'>tetrahdrum,</span> 
     </span>
     <span class='ocr_line' id='line_1_41' title="bbox 85 3905 1431 3989; baseline -0.002 -19"><span class='ocrx_word' id='word_1_424' title='bbox 85 3907 366 3981; x_wconf 75' lang='lat' dir='ltr'>ddodecaedmm,</span> <span class='ocrx_word' id='word_1_425' title='bbox 396 3905 644 3981; x_wconf 73' lang='lat' dir='ltr'>Qicosaddrum,</span> <span class='ocrx_word' id='word_1_426' title='bbox 678 3909 903 3979; x_wconf 64' lang='lat' dir='ltr'>doctatdmm.</span> <span class='ocrx_word' id='word_1_427' title='bbox 950 3908 1111 3988; x_wconf 87' lang='lat' dir='ltr'>Digressus</span> <span class='ocrx_word' id='word_1_428' title='bbox 1134 3907 1223 3989; x_wconf 89' lang='lat' dir='ltr'>igitur</span> <span class='ocrx_word' id='word_1_429' title='bbox 1246 3907 1275 3968; x_wconf 93' lang='lat' dir='ltr'>iu</span> <span class='ocrx_word' id='word_1_430' title='bbox 1299 3907 1431 3970; x_wconf 87' lang='lat' dir='ltr'>astrolo-</span> 
     </span>
     <span class='ocr_line' id='line_1_42' title="bbox 85 3995 1430 4078; baseline -0.001 -20"><span class='ocrx_word' id='word_1_431' title='bbox 85 3996 173 4078; x_wconf 86' lang='lat' dir='ltr'>giam,</span> <span class='ocrx_word' id='word_1_432' title='bbox 199 3995 404 4058; x_wconf 89' lang='lat' dir='ltr'>demonstravi</span> <span class='ocrx_word' id='word_1_433' title='bbox 428 3997 622 4076; x_wconf 88' lang='lat' dir='ltr'>cognationes</span> <span class='ocrx_word' id='word_1_434' title='bbox 646 4004 678 4058; x_wconf 91' lang='lat' dir='ltr'>et</span> <span class='ocrx_word' id='word_1_435' title='bbox 700 3997 899 4075; x_wconf 89' lang='lat' dir='ltr'>proprietates</span> <span class='ocrx_word' id='word_1_436' title='bbox 922 3998 1110 4077; x_wconf 87' lang='lat' dir='ltr'>planetamm</span> <span class='ocrx_word' id='word_1_437' title='bbox 1132 3999 1290 4078; x_wconf 89' lang='lat' dir='ltr'>plerasque</span> <span class='ocrx_word' id='word_1_438' title='bbox 1315 4017 1352 4059; x_wconf 90' lang='lat' dir='ltr'>ex</span> <span class='ocrx_word' id='word_1_439' title='bbox 1375 3997 1430 4058; x_wconf 93' lang='lat' dir='ltr'>ho-</span> 
     </span>
     <span class='ocr_line' id='line_1_43' title="bbox 84 4083 1432 4164; baseline -0.002 -16"><span class='ocrx_word' id='word_1_440' title='bbox 84 4106 147 4148; x_wconf 89' lang='lat' dir='ltr'>rum</span> <span class='ocrx_word' id='word_1_441' title='bbox 170 4083 191 4149; x_wconf 86' lang='lat'>5</span> <span class='ocrx_word' id='word_1_442' title='bbox 216 4104 373 4164; x_wconf 89' lang='lat' dir='ltr'>corporum</span> <span class='ocrx_word' id='word_1_443' title='bbox 396 4085 602 4147; x_wconf 80' lang='lat' dir='ltr'>affectionibus</span> <span class='ocrx_word' id='word_1_444' title='bbox 625 4085 856 4148; x_wconf 86' lang='lat' dir='ltr'>mathematicis.</span> <span class='ocrx_word' id='word_1_445' title='bbox 901 4087 1042 4148; x_wconf 88' lang='lat' dir='ltr'>Proxima</span> <span class='ocrx_word' id='word_1_446' title='bbox 1060 4106 1130 4148; x_wconf 88' lang='lat' dir='ltr'>eura</span> <span class='ocrx_word' id='word_1_447' title='bbox 1151 4086 1216 4162; x_wconf 89' lang='lat' dir='ltr'>luit,</span> <span class='ocrx_word' id='word_1_448' title='bbox 1241 4095 1274 4146; x_wconf 94' lang='lat' dir='ltr'>ut</span> <span class='ocrx_word' id='word_1_449' title='bbox 1288 4086 1432 4148; x_wconf 90' lang='lat' dir='ltr'>ostende-</span> 
     </span>
     <span class='ocr_line' id='line_1_44' title="bbox 84 4173 1431 4257; baseline -0.001 -21"><span class='ocrx_word' id='word_1_450' title='bbox 84 4194 154 4251; x_wconf 72' lang='grc' dir='ltr'>ιω,</span> <span class='ocrx_word' id='word_1_451' title='bbox 179 4175 328 4257; x_wconf 90' lang='lat' dir='ltr'>quomodo</span> <span class='ocrx_word' id='word_1_452' title='bbox 352 4192 453 4235; x_wconf 89' lang='lat' dir='ltr'>omnes</span> <span class='ocrx_word' id='word_1_453' title='bbox 474 4181 580 4255; x_wconf 90' lang='lat' dir='ltr'>partes</span> <span class='ocrx_word' id='word_1_454' title='bbox 603 4175 791 4255; x_wconf 88' lang='lat' dir='ltr'>sexagenarii</span> <span class='ocrx_word' id='word_1_455' title='bbox 814 4174 995 4254; x_wconf 88' lang='lat' dir='ltr'>multiplices</span> <span class='ocrx_word' id='word_1_456' title='bbox 1018 4175 1130 4237; x_wconf 89' lang='lat' dir='ltr'>sintin</span> <span class='ocrx_word' id='word_1_457' title='bbox 1152 4173 1431 4255; x_wconf 87' lang='lat' dir='ltr'>his5corporibns,</span> 
     </span>
     <span class='ocr_line' id='line_1_45' title="bbox 84 4258 1432 4348; baseline -0.001 -21"><span class='ocrx_word' id='word_1_458' title='bbox 84 4264 221 4348; x_wconf 84' lang='lat' dir='ltr'>exceptis</span> <span class='ocrx_word' id='word_1_459' title='bbox 247 4260 288 4326; x_wconf 89' lang='grc'>10</span> <span class='ocrx_word' id='word_1_460' title='bbox 310 4270 342 4324; x_wconf 88' lang='lat' dir='ltr'>et</span> <span class='ocrx_word' id='word_1_461' title='bbox 368 4258 423 4338; x_wconf 81' lang='lat'>15,</span> <span class='ocrx_word' id='word_1_462' title='bbox 447 4271 479 4324; x_wconf 89' lang='lat' dir='ltr'>et</span> <span class='ocrx_word' id='word_1_463' title='bbox 501 4262 633 4325; x_wconf 86' lang='lat' dir='ltr'>vicissim</span> <span class='ocrx_word' id='word_1_464' title='bbox 657 4263 798 4344; x_wconf 91' lang='lat' dir='ltr'>quidquid</span> <span class='ocrx_word' id='word_1_465' title='bbox 820 4264 849 4324; x_wconf 92' lang='lat' dir='ltr'>in</span> <span class='ocrx_word' id='word_1_466' title='bbox 873 4265 920 4325; x_wconf 89' lang='lat' dir='ltr'>bis</span> <span class='ocrx_word' id='word_1_467' title='bbox 944 4271 1127 4337; x_wconf 88' lang='lat' dir='ltr'>numeretur,</span> <span class='ocrx_word' id='word_1_468' title='bbox 1150 4283 1205 4344; x_wconf 91' lang='lat' dir='ltr'>per</span> <span class='ocrx_word' id='word_1_469' title='bbox 1227 4271 1329 4344; x_wconf 87' lang='lat' dir='ltr'>partes</span> <span class='ocrx_word' id='word_1_470' title='bbox 1353 4260 1432 4327; x_wconf 76' lang='lat' dir='ltr'>torri</span> 
     </span>
     <span class='ocr_line' id='line_1_46' title="bbox 83 4349 1432 4434; baseline -0.002 -17"><span class='ocrx_word' id='word_1_471' title='bbox 83 4352 421 4432; x_wconf 80' lang='lat' dir='ltr'>numeretur,‘exceptis</span> <span class='ocrx_word' id='word_1_472' title='bbox 441 4352 576 4414; x_wconf 73' lang='lat' dir='ltr'>octaedri</span> <span class='ocrx_word' id='word_1_473' title='bbox 600 4360 631 4412; x_wconf 90' lang='lat' dir='ltr'>et</span> <span class='ocrx_word' id='word_1_474' title='bbox 653 4353 720 4417; x_wconf 87' lang='lat' dir='ltr'>cubi</span> <span class='ocrx_word' id='word_1_475' title='bbox 743 4349 842 4432; x_wconf 85' lang='lat' dir='ltr'>planis</span> <span class='ocrx_word' id='word_1_476' title='bbox 866 4353 991 4432; x_wconf 89' lang='lat' dir='ltr'>angulis,</span> <span class='ocrx_word' id='word_1_477' title='bbox 1018 4353 1066 4434; x_wconf 91' lang='lat' dir='ltr'>qui</span> <span class='ocrx_word' id='word_1_478' title='bbox 1091 4361 1162 4414; x_wconf 91' lang='lat' dir='ltr'>sunt</span> <span class='ocrx_word' id='word_1_479' title='bbox 1185 4354 1213 4414; x_wconf 91' lang='lat' dir='ltr'>iu</span> <span class='ocrx_word' id='word_1_480' title='bbox 1238 4362 1360 4434; x_wconf 91' lang='lat' dir='ltr'>utroque</span> <span class='ocrx_word' id='word_1_481' title='bbox 1381 4353 1432 4414; x_wconf 82' lang='lat' dir='ltr'>vi-</span> 
     </span>
     <span class='ocr_line' id='line_1_47' title="bbox 84 4440 1429 4524; baseline -0.002 -19"><span class='ocrx_word' id='word_1_482' title='bbox 84 4443 148 4505; x_wconf 87' lang='lat' dir='ltr'>esni</span> <span class='ocrx_word' id='word_1_483' title='bbox 172 4441 321 4524; x_wconf 87' lang='lat' dir='ltr'>qnatemi.</span> <span class='ocrx_word' id='word_1_484' title='bbox 368 4441 502 4503; x_wconf 88' lang='lat' dir='ltr'>Tandem</span> <span class='ocrx_word' id='word_1_485' title='bbox 528 4442 643 4502; x_wconf 93' lang='lat' dir='ltr'>duobus</span> <span class='ocrx_word' id='word_1_486' title='bbox 673 4440 752 4502; x_wconf 87' lang='lat' dir='ltr'>loliis</span> <span class='ocrx_word' id='word_1_487' title='bbox 780 4442 897 4504; x_wconf 90' lang='lat' dir='ltr'>modum</span> <span class='ocrx_word' id='word_1_488' title='bbox 921 4443 1028 4522; x_wconf 85' lang='lat' dir='ltr'>scripsi</span> <span class='ocrx_word' id='word_1_489' title='bbox 1052 4442 1224 4504; x_wconf 90' lang='lat' dir='ltr'>dimetiendi</span> <span class='ocrx_word' id='word_1_490' title='bbox 1248 4452 1280 4504; x_wconf 93' lang='lat' dir='ltr'>et</span> <span class='ocrx_word' id='word_1_491' title='bbox 1302 4441 1429 4504; x_wconf 90' lang='lat' dir='ltr'>investi-</span> 
     </span>
     <span class='ocr_line' id='line_1_48' title="bbox 84 4526 1428 4612; baseline -0.001 -18"><span class='ocrx_word' id='word_1_492' title='bbox 84 4532 175 4612; x_wconf 81' lang='lat' dir='ltr'>gandi</span> <span class='ocrx_word' id='word_1_493' title='bbox 200 4530 315 4593; x_wconf 88' lang='lat' dir='ltr'>orbium</span> <span class='ocrx_word' id='word_1_494' title='bbox 337 4526 545 4609; x_wconf 78' lang='lat' dir='ltr'>inscriptorum</span> <span class='ocrx_word' id='word_1_495' title='bbox 573 4538 605 4590; x_wconf 91' lang='lat' dir='ltr'>et</span> <span class='ocrx_word' id='word_1_496' title='bbox 634 4531 921 4611; x_wconf 87' lang='lat' dir='ltr'>circumscriptomm</span> <span class='ocrx_word' id='word_1_497' title='bbox 954 4533 1054 4593; x_wconf 90' lang='lat' dir='ltr'>radios</span> <span class='ocrx_word' id='word_1_498' title='bbox 1087 4532 1150 4593; x_wconf 82' lang='lat' dir='ltr'>sive</span> <span class='ocrx_word' id='word_1_499' title='bbox 1183 4531 1428 4594; x_wconf 86' lang='lat' dir='ltr'>semidiametros.</span> 
     </span>
     <span class='ocr_line' id='line_1_49' title="bbox 84 4616 1431 4702; baseline -0.006 -17"><span class='ocrx_word' id='word_1_500' title='bbox 84 4624 187 4702; x_wconf 73' lang='lat' dir='ltr'>Atque</span> <span class='ocrx_word' id='word_1_501' title='bbox 210 4621 287 4682; x_wconf 89' lang='lat' dir='ltr'>baec</span> <span class='ocrx_word' id='word_1_502' title='bbox 310 4620 461 4680; x_wconf 79' lang='lat' dir='ltr'>haetenus</span> <span class='ocrx_word' id='word_1_503' title='bbox 480 4619 543 4682; x_wconf 91' lang='lat' dir='ltr'>sine</span> <span class='ocrx_word' id='word_1_504' title='bbox 567 4619 665 4681; x_wconf 89' lang='lat' dir='ltr'>dubio.</span> <span class='ocrx_word' id='word_1_505' title='bbox 712 4617 774 4680; x_wconf 92' lang='lat' dir='ltr'>Sed</span> <span class='ocrx_word' id='word_1_506' title='bbox 798 4620 867 4700; x_wconf 87' lang='lat' dir='ltr'>quia</span> <span class='ocrx_word' id='word_1_507' title='bbox 889 4619 917 4680; x_wconf 93' lang='lat' dir='ltr'>iu</span> <span class='ocrx_word' id='word_1_508' title='bbox 942 4620 1134 4700; x_wconf 81' lang='lat' dir='ltr'>sequentibus</span> <span class='ocrx_word' id='word_1_509' title='bbox 1149 4621 1239 4683; x_wconf 90' lang='lat' dir='ltr'>dubia</span> <span class='ocrx_word' id='word_1_510' title='bbox 1252 4620 1347 4682; x_wconf 90' lang='lat' dir='ltr'>multa</span> <span class='ocrx_word' id='word_1_511' title='bbox 1360 4616 1431 4678; x_wconf 85' lang='lat' dir='ltr'>mihi</span> 
     </span>
     <span class='ocr_line' id='line_1_50' title="bbox 84 4705 1432 4788; baseline -0.006 -14"><span class='ocrx_word' id='word_1_512' title='bbox 84 4719 257 4784; x_wconf 85' lang='lat' dir='ltr'>occurrunt,</span> <span class='ocrx_word' id='word_1_513' title='bbox 281 4707 362 4770; x_wconf 82' lang='lat' dir='ltr'>volui</span> <span class='ocrx_word' id='word_1_514' title='bbox 384 4707 503 4788; x_wconf 85' lang='lat' dir='ltr'>integra</span> <span class='ocrx_word' id='word_1_515' title='bbox 525 4708 702 4781; x_wconf 83' lang='lat' dir='ltr'>describere,</span> <span class='ocrx_word' id='word_1_516' title='bbox 727 4717 758 4769; x_wconf 92' lang='lat' dir='ltr'>et</span> <span class='ocrx_word' id='word_1_517' title='bbox 780 4716 811 4769; x_wconf 88' lang='lat' dir='ltr'>te</span> <span class='ocrx_word' id='word_1_518' title='bbox 835 4709 999 4771; x_wconf 88' lang='lat' dir='ltr'>consulere.</span> <span class='ocrx_word' id='word_1_519' title='bbox 1039 4709 1148 4777; x_wconf 68' lang='lat' dir='ltr'>¹Multa</span> <span class='ocrx_word' id='word_1_520' title='bbox 1171 4709 1301 4788; x_wconf 85' lang='lat' dir='ltr'>reperies</span> <span class='ocrx_word' id='word_1_521' title='bbox 1322 4705 1432 4786; x_wconf 89' lang='lat' dir='ltr'>partim</span> 
     </span>
     <span class='ocr_line' id='line_1_51' title="bbox 86 4789 1429 4884; baseline -0.004 -22"><span class='ocrx_word' id='word_1_522' title='bbox 86 4818 123 4865; x_wconf 85' lang='lat' dir='ltr'>cx</span> <span class='ocrx_word' id='word_1_523' title='bbox 144 4799 226 4863; x_wconf 74' lang='lat' dir='ltr'>tarso</span> <span class='ocrx_word' id='word_1_524' title='bbox 247 4797 391 4883; x_wconf 80' lang='lat' dir='ltr'>profecta</span> <span class='ocrx_word' id='word_1_525' title='bbox 407 4795 560 4884; x_wconf 87' lang='lat' dir='ltr'>principio,</span> <span class='ocrx_word' id='word_1_526' title='bbox 584 4796 692 4879; x_wconf 83' lang='lat' dir='ltr'>partim</span> <span class='ocrx_word' id='word_1_527' title='bbox 707 4789 854 4870; x_wconf 55' lang='lat' dir='ltr'>ex&#39;nulloe</span> <span class='ocrx_word' id='word_1_528' title='bbox 877 4797 985 4860; x_wconf 88' lang='lat' dir='ltr'>alicubi</span> <span class='ocrx_word' id='word_1_529' title='bbox 1002 4795 1174 4867; x_wconf 83' lang='lat' dir='ltr'>haerentem</span> <span class='ocrx_word' id='word_1_530' title='bbox 1188 4795 1314 4872; x_wconf 83' lang='lat' dir='ltr'>videbis,</span> <span class='ocrx_word' id='word_1_531' title='bbox 1338 4811 1429 4880; x_wconf 91' lang='lat' dir='ltr'>prop-</span> 
     </span>
    </p>
   </div>
   <div class='ocr_carea' id='block_1_3' title="bbox 0 0 1698 5482">
    <p class='ocr_par' dir='ltr' id='par_1_3' title="bbox 0 0 1698 5482">
     <span class='ocr_line' id='line_1_52' title="bbox 0 0 1698 5482; baseline 0 0"><span class='ocrx_word' id='word_1_532' title='bbox 0 0 1698 5482; x_wconf 95' lang='lat' dir='ltr'> </span> 
     </span>
    </p>
   </div>
  </div>
 </body>
</html>
