3366 5482
684 211 843 277 menone
861 183 1017 264 semorum.
1463 214 1528 283 etr

169 369 246 434 tiore
270 387 331 432 non
355 366 556 444 sufficientes,
579 375 612 432 et
634 370 848 450 utplurimum
872 371 1083 452 imaginarias,
1107 390 1203 436 vanas
1226 380 1260 437 et
1282 375 1396 450 falsas,
1420 375 1531 458 partim

168 459 296 539 deniqne
321 458 441 521 omnino
463 460 579 532 nullas,
602 460 808 521 enthusiasmo
833 461 980 522 calamum
1002 461 1229 540 permittentes3
1259 483 1316 545 quo
1345 463 1479 544 abrepti,
1503 464 1530 528 si

168 567 272 610 serum
296 547 448 610 interdum
470 547 592 624 dicant,
618 549 756 611 fortunae
780 548 970 611 tribuendum
994 556 1058 623 est,
1091 551 1137 612 sin
1160 552 1283 631 saepius
1319 559 1351 614 et
1377 561 1410 613 ut
1432 553 1529 633 pluri-

167 656 258 713 mnm,
284 636 324 698 ab
347 635 449 698 altiori
473 646 505 700 et
530 637 647 699 occulto
671 637 771 716 aliquo
795 637 939 699 instinctu
963 638 993 699 id
1016 639 1164 717 proficisci
1186 641 1352 721 putandum
1374 648 1433 703 est.

742 725 873 787 Thesis
896 726 953 787 IV.

255 811 408 894 Physicae
439 832 549 875 causae
582 813 700 893 aliquae
729 814 768 875 ab
792 814 928 876 omnibus
951 821 1168 895 agnoscuntur,
1193 816 1311 895 aliquae
1336 837 1355 878 a
1377 818 1528 897 paucissi-

165 901 239 965 mis:
264 903 363 964 multa
385 920 502 982 quoqne
528 901 663 963 existunt
686 904 865 964 naturaliter
888 903 1026 982 quidem,
1060 905 1114 965 sed
1144 924 1180 966 er
1211 905 1312 967 causis
1335 907 1408 968 nulli
1431 908 1529 970 adhuc

165 992 319 1053 hominnm
342 990 482 1070 cognitis.
528 990 572 1053 Et
594 1010 752 1052 cansarum
777 1012 851 1071 quas
875 999 964 1053 notas
987 992 1150 1068 habemus,
1176 993 1255 1055 aliae
1283 1002 1372 1069 sunt,
1404 1015 1528 1076 quarum

165 1080 288 1164 modum
313 1088 343 1141 et
366 1080 515 1142 rationem
539 1080 735 1141 communiter
759 1098 862 1141 omnes
891 1080 1085 1160 intelligimus
1093 1101 1102 1156 3
1131 1082 1225 1154 aliae,
1256 1101 1381 1163 quarum
1408 1085 1529 1147 modum

167 1188 223 1232 sen
247 1189 359 1232 causas
382 1168 551 1230 mediantes
574 1168 622 1229 vel
646 1168 818 1248 paucissimi
841 1169 1022 1249 intelligunt,
1047 1172 1096 1232 vel
1118 1190 1216 1232 nemo.

745 1257 880 1319 Thesis
904 1258 944 1319 V.

257 1343 506 1419 Generalissima,
532 1345 698 1407 fortissima
721 1353 752 1407 et
774 1347 944 1407 certissima
967 1366 1070 1421 cansa,
1094 1355 1169 1408 nota
1192 1349 1327 1410 omnibns
1348 1346 1526 1424 hominihus,

163 1445 215 1499 est
237 1433 340 1496 Solis
364 1452 507 1496 accessus
531 1442 562 1496 et
585 1454 732 1496 recessus.
780 1436 811 1496 Is
844 1435 946 1514 itaque
980 1435 1059 1497 circa
1086 1437 1227 1499 natalitia
1252 1436 1367 1500 Christi
1389 1436 1528 1500 brumam

163 1524 295 1599 conficit,
320 1522 367 1584 die
391 1522 534 1603 videlicet
557 1519 609 1585 21.
626 1523 812 1597 Decembris,
837 1524 927 1602 paulo
952 1531 1022 1584 ante
1046 1532 1164 1587 sextam
1186 1527 1437 1606 pomeridianam:
1461 1526 1525 1587 sol-

163 1613 280 1676 stitium
303 1630 375 1673 vero
398 1612 446 1673 die
470 1609 523 1673 21.
548 1610 631 1674 Iunii
654 1611 778 1673 dimidia
802 1612 959 1673 undecima
982 1615 1090 1675 noctis.
1124 1615 1191 1677 Illic
1215 1616 1317 1696 itaque
1341 1613 1436 1692 frigus
1450 1614 1526 1697 hye-

162 1703 253 1772 male,
276 1699 325 1763 hic
349 1701 449 1763 fervor
471 1700 606 1763 aestivus
630 1700 697 1761 erit.

741 1787 874 1849 Thesis
898 1789 956 1850 VI.
1526 1827 1534 1849 .

252 1878 363 1939 Modus
386 1895 496 1939 causae
519 1885 607 1956 patet
630 1897 668 1937 ex
691 1876 894 1956 sequentibus.
941 1876 1059 1956 Pragae
1091 1877 1292 1940 Bohemorum
1319 1886 1368 1940 est
1396 1877 1525 1942 altitudo

162 1969 227 2047 poli
253 1964 296 2030 50
319 1964 359 2028 G.
385 1961 516 2027 5⁴:15¹&
563 1966 735 2028 Declinatio
768 1984 839 2026 vero
870 1965 1027 2044 ecIIpticae
1052 1967 1108 2027 hoc
1132 1968 1234 2029 seculo
1258 1963 1300 2029 23
1324 1966 1362 2029 G.
1388 1965 1442 2030 31‘
1461 1965 1527 2031 30“

162 2064 198 2119 ut
226 2075 293 2118 eam
322 2053 520 2135 deprehendit
547 2054 678 2132 phoenix
710 2054 761 2116 ille
786 2049 1023 2116 astronomorum
1047 2055 1149 2136 Tycho
1172 2056 1290 2130 Brahe;
1322 2075 1408 2135 quem
1431 2076 1526 2137 nuper

161 2145 328 2207 amisimus.
360 2145 469 2223 Itaque
490 2140 554 2215 Sol,
572 2145 619 2223 qni
644 2144 731 2204 nobis
756 2151 861 2205 auctor
885 2143 994 2204 caloris
1018 2151 1075 2218 est,
1101 2145 1206 2226 hyeme
1231 2163 1290 2206 non
1313 2146 1414 2225 plures
1437 2164 1527 2226 quem
1639 2214 1645 2221 ,

161 2233 299 2296 7horas
328 2242 360 2294 et
393 2227 437 2295 49
470 2233 612 2311 scrupula
652 2252 744 2312 supra
775 2232 960 2293 horizontem
998 2232 1096 2306 lucet,
1132 2240 1163 2294 et
1195 2234 1239 2294 sic
1272 2233 1356 2296 brevi
1390 2242 1525 2314 tempore

160 2331 300 2385 nostrum
323 2328 423 2383 aerem
447 2320 579 2395 calfacit,
606 2322 694 2401 duplo
720 2340 791 2382 vero
806 2321 918 2381 diutius
938 2327 970 2382 et
985 2322 1112 2400 amplius
1127 2322 1207 2383 infra
1221 2321 1407 2384 horizontem
1426 2322 1526 2384 latens

161 2433 181 2474 a
206 2411 386 2474 calfactione
410 2416 521 2470 cessat.
570 2408 685 2472 Contra
717 2428 788 2470 vero
818 2417 937 2470 aestate
964 2405 1004 2472 16
1028 2411 1163 2490 integras
1188 2411 1277 2473 horas
1306 2419 1337 2473 et
1371 2410 1414 2474 22
1438 2431 1525 2474 scru-

159 2500 235 2583 pula
257 2518 350 2579 supra
372 2497 558 2560 horizontem
581 2499 610 2560 io
635 2498 815 2560 calfactione
839 2497 986 2577 persistit,
1011 2498 1166 2580 minusque
1191 2500 1312 2563 dimidio
1333 2508 1468 2582 tempore
1487 2501 1526 2563 ab

161 2589 339 2672 operatione
363 2595 476 2650 cessat.

725 2674 859 2736 Thesis
884 2674 955 2736 VII.

253 2765 319 2828 Aer
342 2772 444 2827 autem
466 2771 586 2838 noster,
619 2770 652 2824 nt
675 2770 707 2824 et
730 2782 809 2842 aqua
832 2771 863 2824 et
886 2771 970 2825 terra
993 2766 1155 2842 (quatenus
1180 2765 1358 2826 elementum
1382 2768 1443 2841 est)
1468 2765 1526 2829 nisi

161 2854 305 2918 continuo
329 2854 468 2926 calfiant,
493 2853 598 2914 statim
622 2852 661 2912 ad
684 2860 824 2912 naturam
848 2871 933 2913 suam
956 2853 1099 2927 redeunt,
1125 2860 1156 2913 et
1180 2851 1356 2931 frigescunt.
1402 2854 1527 2916 Falsum

121 3002 124 3009 ,
160 2944 243 3007 enirn
265 2951 315 3005 est
336 2943 411 3005 illud
433 2941 629 3004 Aristotelis:
654 2940 745 3002 aeris
770 2948 910 3002 naturam
932 2959 987 3018 per
1010 2961 1043 3002 se
1067 2960 1134 3002 esse
1159 2941 1299 3003 calidam.

717 3029 857 3090 Thesis
882 3029 971 3091 VIII.

252 3117 402 3200 Quicquid
425 3119 504 3180 enirn
527 3115 656 3180 material
678 3117 856 3196 participat,
892 3124 1039 3197 quatenus
1064 3134 1101 3176 ea
1123 3116 1301 3196 participat,
1335 3136 1391 3178 sua
1415 3121 1525 3178 natura

163 3208 306 3288 frigidum
328 3216 387 3269 est.
413 3205 562 3287 Quicquid
585 3225 656 3267 vero
679 3214 832 3286 potestate
857 3206 985 3267 calidum
1010 3211 1068 3278 est,
1091 3204 1122 3267 id
1145 3204 1239 3268 habet
1262 3224 1329 3268 eam
1348 3211 1487 3269 naturam
1506 3224 1526 3266 a

162 3298 192 3359 vi
216 3297 340 3360 animali
363 3304 418 3359 aut
439 3297 543 3369 insita,
568 3303 621 3357 aut
644 3315 690 3370 ea,
716 3314 791 3375 qnae
816 3314 848 3356 se
872 3294 1039 3374 progenuit

734 3383 869 3445 Thesis
893 3383 948 3445 IX.

253 3473 365 3536 Altera
387 3481 419 3534 et
442 3472 542 3553 potior
565 3491 667 3542 causa,
692 3491 744 3534 cur
763 3471 816 3534 Sol
841 3473 921 3533 altus
945 3472 1013 3551 plus
1036 3470 1191 3544 calfaciat,
1214 3489 1303 3551 quam
1326 3468 1455 3544 humilis,
1477 3477 1526 3533 est

163 3564 249 3635 haec,
275 3564 353 3643 qnod
377 3561 429 3625 Sol
455 3561 576 3623 humilis
600 3561 718 3641 oblique
743 3568 774 3621 et
798 3560 937 3622 debiliter
960 3560 1146 3622 horizontem
1169 3568 1304 3621 nostrum
1327 3559 1413 3632 ferit,
1444 3559 1525 3620 altus
1584 3565 1589 3576 “

163 3671 234 3714 vero
259 3653 369 3731 angulo
393 3651 490 3732 magis
513 3659 596 3712 recto
621 3658 652 3711 et
677 3651 794 3711 fortius.
842 3648 982 3724 Causam,
1008 3669 1059 3711 cur
1074 3648 1155 3711 Solis
1179 3649 1282 3711 radius
1305 3646 1524 3710 immateriatus

163 3741 211 3804 hic
235 3741 316 3803 idem
338 3749 484 3823 praestet,
510 3740 589 3820 quod
613 3740 714 3800 solent
737 3757 863 3817 corpora
887 3739 982 3800 densa
1005 3738 1236 3819 materiataque,
1260 3737 1330 3798 dum
1348 3737 1406 3799 sibi
1419 3742 1523 3798 mutuo

164 3830 377 3912 impinguntur,
402 3849 489 3892 nemo
512 3829 658 3890 hactenus
683 3827 835 3907 explicare
858 3827 967 3906 potuit.

744 3916 878 3976 Thesis
901 3916 942 3978 X.

252 4007 360 4086 ltaque
384 4024 452 4067 cum
475 4004 530 4068 Sol
554 4013 673 4067 aestate
698 4005 863 4085 quadruplo
888 4005 950 4066 fere
974 4005 1065 4066 altius
1088 4001 1206 4081 Pragae
1237 4001 1401 4080 pervadat,
1436 4019 1524 4082 quam

163 4095 291 4178 hyeme:
326 4102 358 4157 et
389 4094 476 4172 hujus
510 4101 542 4155 et
569 4093 733 4174 superioris
757 4113 866 4154 causae
891 4093 1099 4172 conjunctione
1123 4091 1274 4170 sequitur,
1308 4091 1373 4172 ejus
1401 4091 1523 4166 caloris,

164 4185 212 4264 qui
244 4204 264 4245 a
296 4182 368 4246 Sole
400 4184 440 4245 ad
472 4185 623 4245 elementa
647 4182 694 4244 die
719 4183 835 4244 aestivo
859 4182 1034 4262 longissimo
1059 4180 1229 4255 descendit,
1264 4179 1312 4241 dic
1344 4179 1523 4242 brevissimo

163 4283 282 4353 partem
305 4281 446 4335 octavam
469 4290 528 4333 non
547 4272 615 4352 plns
634 4290 803 4352 superesse.

738 4353 873 4422 Thesis
896 4359 951 4422 XI.

252 4446 316 4512 Sed
339 4468 435 4530 neque
458 4449 533 4510 haec
557 4456 668 4511 octava
690 4468 762 4529 pars
786 4448 896 4510 caloris
920 4465 995 4528 quae
1018 4446 1125 4527 hyeme
1148 4453 1304 4524 superest,
1336 4444 1422 4505 nobis
1450 4461 1523 4524 pro-

164 4540 234 4602 dest
266 4538 375 4601 omnis.
422 4539 501 4602 Nam
529 4537 583 4600 Sol
614 4538 720 4618 hyeme
747 4555 854 4617 parum
886 4555 977 4615 supra
1006 4535 1191 4597 horizontem
1223 4541 1358 4596 nostrum
1387 4534 1523 4595 elevatus

164 4645 301 4692 crassum
333 4633 468 4689 nostrum
501 4633 601 4688 aerem
629 4626 727 4706 magis
756 4647 794 4687 ex
819 4626 938 4705 obliquo
961 4623 1054 4686 habet
1082 4622 1259 4702 oppositum.
1305 4621 1411 4683 Posito
1434 4621 1522 4697 enim,

163 4718 243 4799 quod
264 4716 440 4797 superficies
462 4714 565 4798 vapidi
589 4716 679 4790 aeris,
704 4715 755 4797 qui
774 4714 914 4796 refringit
932 4713 1071 4777 Solarem
1094 4711 1220 4786 radium,
1245 4710 1327 4772 absit
1350 4709 1474 4773 anobis
1493 4711 1524 4772 in
