3366 5482
561 1372 1065 1476 PROOEMIUM.

181 1822 190 1828 ”
228 1768 333 1907 Quem
364 1817 395 1879 iu
429 1818 605 1900 colligendis
635 1820 760 1901 Kepleri
792 1821 931 1902 operibus
965 1821 1092 1902 primum
1125 1821 1154 1884 in
1189 1822 1286 1884 lucem
1318 1822 1491 1886 vocavimus

158 1917 290 1998 melum·
306 1920 356 1986 est
378 1925 429 1987 ille
453 1925 570 2009 quidem
593 1928 742 2007 ajuvene
766 1929 964 2010 conscriptus,
987 1929 1147 2009 multisque
1171 1929 1246 1990 locis
1269 1929 1357 2009 signa
1379 1928 1492 2008 ingenii

158 2029 267 2091 modum
289 2031 477 2095 corroborati
500 2035 612 2096 refert:
645 2044 678 2097 at
701 2035 806 2097 eodem
828 2044 860 2097 et
882 2035 979 2112 illins,
1009 2055 1066 2119 quo
1090 2037 1277 2117 conscriptus
1300 2044 1362 2111 est,
1386 2035 1490 2111 seculi,

158 2137 324 2201 amatoris
346 2139 441 2221 ipsius
460 2141 571 2221 ingenii
589 2141 729 2224 vitaeque
744 2143 897 2205 acerrimis
917 2143 1161 2224 gravissimisque
1180 2143 1288 2205 studiis
1308 2143 1492 2206 exercitatae

158 2238 370 2308 sl''nobilitatae
388 2246 575 2335 verissimam
594 2249 754 2330 imaginem
772 2251 921 2313 intuemur
935 2269 1119 2331 expressam,
1144 2251 1233 2333 quid?
1256 2251 1361 2313 eodem
1379 2249 1491 2325 libello,

159 2338 282 2433 &mam
305 2371 325 2413 a
348 2350 446 2430 sonte,
468 2344 638 2435 'posteriora
660 2376 753 2437 opera
774 2357 820 2419 ita
841 2364 913 2419 sunt
936 2357 1086 2432 derivata,
1111 2365 1157 2427 ut,
1187 2377 1206 2420 a
1229 2377 1285 2438 quo
1309 2356 1491 2419 edendorum

159 2450 261 2537 K'spleri
284 2457 407 2540 operum
431 2462 565 2524 ordinem
594 2464 792 2544 auspicemur,
808 2464 872 2549 ¹lric
902 2463 968 2543 ipse
997 2462 1116 2526 libellus
1144 2464 1282 2526 videatur
1304 2462 1490 2545 aptissimus.

158 2556 333 2647 &tempere
356 2567 436 2629 enim
460 2588 543 2630 meus
567 2569 697 2632 humana
719 2570 917 2642 contenderit,
940 2578 982 2645 ut,
1008 2571 1113 2650 quibus
1133 2570 1298 2633 constricta
1321 2569 1491 2642 tenebatur,

158 2668 258 2769 'boola
280 2674 442 2754 frangeret
467 2695 572 2739 recens
594 2686 684 2757 parta
705 2685 840 2740 tueretur
863 2685 895 2741 et
918 2684 1067 2751 servaret,
1087 2676 1181 2756 jactis
1204 2676 1407 2738 fundamentis
1431 2675 1492 2738 alia

160 2779 371 2858 qiemmneret,
395 2788 468 2862 quot
482 2783 659 2866 quantisque
675 2803 745 2846 vero
760 2803 826 2847 cum
845 2784 1072 2847 difficultatibus
1095 2784 1187 2846 menti
1211 2784 1250 2846 ad
1273 2783 1399 2846 meliora
1420 2790 1491 2844 ten-

161 2879 227 2948 leiti
247 2887 336 2950 luerit
360 2877 605 2967 conflictandum,
635 2910 723 2972 quum
746 2891 838 2954 seculi
863 2891 970 2962 decimi
994 2891 1073 2954 sexti
1095 2890 1268 2953 memoriam
1290 2889 1492 2952 recolentibus

104 3019 106 3025 ’
161 3003 295 3073 tppsrest,
319 3003 383 3057 tum
407 3016 444 3059 ex
467 2997 592 3078 singulis
611 2998 701 3078 hujus
720 2998 813 3062 libelli
827 2998 957 3079 plagulis
977 2999 1085 3061 elucet.
1122 2997 1342 3059 Dominabatnr
1356 2997 1418 3058 fere
1433 3014 1493 3058 una

160 3092 304 3165 dsenolis
331 3102 522 3184 philosophia
544 3105 760 3181 Aristotelica,
788 3113 985 3186 perangusto,
1016 3104 1046 3166 in
1075 3122 1161 3185 qoem
1189 3110 1394 3179 excurrerent,
1423 3101 1492 3164 aliis

160 3203 246 3299 tempo
268 3228 431 3286 conceseo;
460 3219 582 3293 praeter
604 3231 717 3293 paucos
740 3212 834 3287 viros,
865 3212 915 3292 qui
938 3231 991 3274 suo
1015 3211 1200 3274 confiderent
1221 3208 1354 3290 iugenio,
1385 3207 1493 3291 reliqui
1581 3206 1584 3210 ’

104 3386 107 3393 ,
162 3312 242 3379 ms
264 3318 355 3381 alieni
379 3328 467 3381 eraut
489 3319 617 3382 arbitrii.
654 3320 688 3382 In
713 3321 937 3396 mathematica,
961 3319 1019 3381 nisi
1042 3319 1080 3381 ab
1103 3318 1228 3380 Euclide
1253 3325 1285 3380 et
1297 3316 1491 3390 Archimede,

161 3414 217 3486 lbi!
228 3423 410 3507 suppetebat
424 3424 544 3500 auxilii;
563 3425 736 3505 algebraica
755 3426 832 3489 ratio
846 3445 953 3508 perum
968 3427 1065 3488 adhuc
1086 3427 1169 3488 culta
1184 3444 1251 3488 raro
1266 3425 1297 3486 in
1311 3423 1494 3504 geometriae

162 3528 228 3593 u'm
239 3522 489 3623 manuferebatur,
513 3532 694 3612 logarithmi,
719 3551 776 3613 qno
792 3551 851 3593 non
866 3531 971 3593 melius
986 3531 1139 3593 inventum
1159 3529 1265 3593 estad
1286 3527 1494 3593 subducendos

162 3634 272 3700 mulos
285 3630 438 3714 auxilium,
462 3637 592 3700 nondum
607 3638 637 3700 in
652 3647 768 3718 promtu
786 3647 888 3713 erant;
913 3639 1097 3718 geometrica
1114 3637 1231 3699 ratione
1250 3655 1340 3716 aegre
1365 3654 1493 3716 quaere-

163 3736 262 3823 iubar,
294 3764 372 3828 qnae
394 3743 499 3809 lustris
523 3744 637 3825 aliquot
659 3753 730 3828 post
752 3745 803 3807 via
825 3745 1048 3825 compendiaria
1070 3744 1164 3807 oculis
1188 3751 1220 3805 et
1244 3742 1381 3804 manibus
1404 3750 1493 3803 tene-

164 3844 260 3916 intur.
309 3851 345 3914 In
374 3852 558 3914 astronomia
585 3871 659 3914 nnus
687 3851 866 3940 laudabatur
894 3851 1102 3925 Ptolemaeus,
1136 3869 1190 3912 nee
1222 3849 1280 3911 nisi
1313 3849 1401 3929 pauci
1429 3868 1495 3914 cum

164 3950 308 4039 lqernico
324 3951 424 4021 facere
438 3958 600 4021 audebant.
637 3958 832 4039 Astrologiae
848 3964 949 4020 antem
967 3958 996 4020 in
1017 3957 1194 4020 servitutem
1216 3955 1262 4017 ita
1285 3963 1407 4018 asserta
1429 3963 1496 4017 erat

163 4064 339 4140 &adomim
366 4073 414 4149 ut,
442 4064 550 4148 quibus
572 4066 650 4128 hanc
674 4065 799 4128 docendi
821 4085 926 4127 munus
954 4063 1072 4146 publice
1099 4062 1273 4126 mandatum
1302 4068 1382 4138 erat,
1412 4061 1495 4125 illam

163 4167 315 4255 hpogum
337 4172 424 4236 nefas
448 4182 539 4237 esset.

198 4272 206 4365 ζ
230 4278 348 4354 Quibus
371 4279 409 4342 de
432 4279 531 4343 causis
555 4280 585 4342 in
607 4279 783 4359 disciplinis,
807 4299 881 4361 quas
901 4278 1039 4352 diximus,
1065 4275 1179 4356 siquid
1203 4275 1272 4338 novi
1296 4284 1381 4337 esset
1403 4293 1495 4337 exco-

162 4382 280 4464 daun
303 4387 336 4450 id
357 4388 389 4450 in
412 4407 498 4450 snam
517 4407 579 4450 rem
594 4397 712 4448 vertere
728 4395 760 4447 et
774 4404 892 4465 augere,
918 4385 943 4446 si
968 4384 1038 4464 qnid
1061 4391 1144 4444 esset
1166 4381 1318 4454 vitiosum,
1343 4381 1374 4443 id
1393 4400 1495 4443 emen·

125 4516 128 4531 ¹
162 4488 226 4571 iste,
244 4488 453 4558 'difficillimum
477 4493 569 4556 fuisse
588 4494 689 4555 seculo
704 4492 783 4555 XVI
801 4492 928 4572 ingeniis
949 4492 988 4553 ad
1011 4491 1137 4552 meliora
1159 4488 1333 4564 nitentibus,
1358 4494 1495 4567 apparet.

116 4586 120 4599 ξ
162 4592 321 4666 tsd‘laoeo
342 4620 428 4664 mens
450 4609 556 4663 nostra
574 4609 682 4663 natura
700 4600 825 4662 sublime
841 4600 980 4681 quiddam
996 4606 1027 4660 et
1048 4607 1189 4671 erectum,
1214 4606 1247 4656 ut
1268 4593 1498 4656 difficultatibus

121 4738 125 4743 ·
161 4703 270 4787 Μ
291 4726 352 4772 non
375 4708 537 4790 eliligatnr,
562 4708 616 4770 sed
639 4715 744 4770 contra
767 4706 881 4770 nitendi
905 4705 1063 4769 alacritate
1081 4703 1268 4776 incendatur,
1292 4709 1325 4762 ut
1348 4698 1497 4761 destituta

216 4810 415 4864 mosne
1271 4805 1282 4858 ι
