3366 5482
773 100 936 163 md
1492 98 1538 179 350

159 240 1536 390 mmqunumssmsnoemosamsaffimtmiunssnre

241 447 389 510 Aauqm
406 454 541 512 seespsrst
558 448 683 513 Ksplsrus
700 449 773 499 modo
789 451 941 512 praemissa,
960 452 1123 513 superloribus
1142 451 1192 501 suls
1210 450 1274 501 haec
1293 450 1405 502 addidit:

260 532 442 598 clarissime
465 537 504 598 D.
528 537 722 618 Praeceptor.
769 539 847 600 Dum
871 540 950 601 ultro
980 540 1114 620 citroque
1138 547 1287 602 commeat
1309 540 1451 615 nuncius,
1485 541 1536 603 iu·

156 623 237 686 veni
254 623 354 685 locum
368 625 499 705 aliquem
514 626 545 687 in
560 624 719 698 (lardauo,
744 627 879 707 quirem
903 635 1039 691 nostram
1062 628 1294 692 automatariam
1317 628 1440 690 mirifice
1463 629 1535 691 illu-

157 721 262 777 strat.
312 711 364 775 Sic
388 714 483 794 igitur
513 715 567 776 ille
602 715 652 778 lib.
680 713 720 777 tl
746 715 782 777 de
804 715 992 778 Subtilitate.
1041 716 1164 797 ,Nuper
1186 717 1279 778 etiam
1303 717 1424 797 quidam
1455 718 1538 780 illam

156 801 366 881 „machinam
388 803 490 864 mundi
512 803 730 877 universalem,
755 805 826 866 olim
851 803 1048 867 aGuilielmo
1064 805 1230 867 Zelandiuo
1251 805 1430 868 fabricatam
1446 813 1536 886 atque

156 891 391 971 „dissolutam
415 892 444 953 in
457 892 650 974 tenebrisque
660 912 715 974 per
725 893 1136 979 incuriammarcescentem,
1161 912 1228 956 cum
1243 913 1300 976 ego
1316 895 1444 975 quodam
1458 894 1537 957 bono

155 982 257 1058 „fato
286 981 326 1042 ad
351 979 582 1043 instaurandum
608 982 704 1043 bonas
735 988 818 1043 artes
856 983 948 1044 etiarn
982 983 1080 1045 obiter
1109 1002 1167 1045 uou
1190 984 1288 1046 minus
1311 1002 1401 1063 quam
1426 1002 1464 1044 ex
1486 983 1536 1045 in-

155 1070 313 1148 „dustria
342 1078 434 1131 uatus
465 1070 496 1130 in
530 1070 624 1132 luceru
653 1089 863 1146 revocassem,
895 1070 925 1132 iu
948 1072 1100 1151 integrum
1124 1072 1268 1134 restituit.
1316 1070 1411 1151 Cujus
1431 1076 1536 1133 exem·

153 1159 239 1239 „plo
267 1158 361 1219 aliam
391 1156 503 1221 Garolo
527 1156 640 1229 Quinto
665 1157 792 1221 Caesari
820 1160 864 1222 ita
892 1161 1078 1235 construxit,
1113 1169 1146 1222 ut
1177 1160 1206 1222 iu
1238 1179 1276 1222 ea
1308 1168 1340 1221 et
1370 1167 1537 1241 temporum
1607 1232 1610 1239 ¹

154 1255 348 1326 „momenta
380 1255 412 1309 et
439 1254 544 1327 partes
574 1249 726 1327 signorum
750 1249 885 1328 singulas
910 1249 1014 1311 videas
1047 1257 1078 1311 et
1106 1249 1206 1310 octavi
1230 1249 1311 1310 orbis
1335 1255 1447 1311 motum
1470 1258 1537 1310 tar·

154 1337 352 1417 „dissimum
376 1335 533 1398 intuearis.
582 1337 755 1399 Divisioues
780 1355 895 1417 quoque
920 1338 1001 1400 orbis
1025 1338 1176 1418 signorum
1191 1337 1312 1411 varias,
1337 1356 1413 1418 quas
1431 1338 1537 1409 domos

152 1433 326 1505 „vocaut,
351 1426 500 1505 horasque
523 1426 665 1505 aequales
690 1434 722 1487 et
743 1425 933 1505 inaequales,
959 1434 990 1489 et
1013 1428 1091 1507 quod
1109 1429 1207 1508 majus
1222 1433 1284 1495 est,
1308 1426 1439 1487 universi
1453 1426 1536 1488 orbis

154 1514 334 1596 „partibus
361 1513 579 1587 inservientes,
604 1522 639 1575 ut
661 1514 736 1575 haec
761 1533 830 1576 vere
854 1515 994 1577 machina
1018 1515 1120 1577 orbem
1143 1516 1314 1577 universum
1343 1515 1473 1588 reserat,
1506 1514 1535 1575 in

153 1612 227 1686 „e'a
252 1602 406 1683 inspicere
430 1603 512 1664 licet.
559 1601 677 1665 Omitto
705 1621 884 1684 progressus
917 1622 1131 1684 regressusque
1160 1603 1344 1683 singulorum
1373 1603 1536 1664 errantium

152 1692 342 1775 „sidemun
375 1692 551 1754 latitudines
575 1692 828 1772 altitudinesque,
860 1693 979 1771 aliaque
1002 1694 1173 1767 innumera,
1203 1701 1237 1754 ut
1259 1710 1381 1771 prorsus
1405 1710 1454 1752 res
1478 1710 1536 1754 uon

152 1781 291 1863 „minus
324 1781 407 1842 fama
439 1799 528 1861 quam
561 1781 618 1842 fide
646 1782 742 1860 maior
766 1780 816 1842 sit.
863 1781 1012 1844 Referunt
1034 1780 1133 1844 Sabor
1164 1799 1265 1860 regem
1290 1780 1449 1843 Persarum
1478 1780 1536 1842 hu·

155 1869 361 1954 „juscemodi
394 1869 562 1931 machinam
597 1878 659 1931 tam
691 1869 837 1949 grandem
870 1889 885 1931 e
911 1870 987 1933 vitro
1020 1870 1153 1934 construi
1186 1871 1309 1943 fecisse,
1342 1877 1376 1930 nt
1408 1868 1437 1930 in
1470 1869 1537 1947 ejus

159 1965 298 2040 „centro
314 1958 449 2033 sederet,
473 1966 617 2039 tauquam
637 1959 666 2020 in
682 1958 794 2021 Terrae
815 1959 989 2038 sphaerula,
1014 1968 1204 2038 spectantem
1223 1958 1278 2020 sub
1297 1957 1424 2037 pedibus
1444 1958 1536 2019 etiam

164 2056 298 2128 „astra,
324 2047 550 2130 exorientiaqne
575 2067 609 2109 ac
625 2048 798 2110 occidentia
811 2048 928 2123 sidera,
953 2056 987 2110 ut
1002 2049 1061 2122 sic,
1086 2048 1223 2110 mortalis
1237 2064 1304 2108 cum
1324 2055 1421 2116 esset,
1446 2064 1538 2124 supra

169 2146 297 2215 „tamen
322 2154 440 2199 omnem
463 2137 658 2200 mortalitatis
683 2137 795 2199 fastum
819 2145 852 2198 et
874 2139 1114 2218 expectationem
1134 2156 1202 2199 esse
1222 2133 1427 2198 videretur.“‘
1452 2135 1537 2196 Haec

172 2225 369 2304 transscripsi
399 2234 525 2306 propter
552 2227 609 2287 duo
639 2225 770 2287 illustria
793 2226 932 2307 exempla
954 2226 1150 2305 sphaerarum
1178 2233 1210 2286 et
1237 2224 1361 2287 alterius
1390 2230 1536 2285 autorem.

180 2313 320 2384 Quamvis
352 2313 528 2376 incredibile
559 2316 595 2376 de
620 2312 747 2393 Sapore.
796 2313 887 2377 Certe
921 2314 1100 2376 universalis
1129 2315 1258 2394 sphaera
1290 2332 1348 2374 non
1379 2312 1450 2382 ibit,
1485 2319 1538 2373 aut

185 2410 261 2463 mota
280 2423 337 2465 nou
362 2404 433 2475 luit,
457 2404 637 2482 praesertim
661 2404 769 2464 vitrea.
816 2405 921 2484 Neque
936 2404 1007 2465 mihi
1032 2404 1135 2465 diviua
1149 2404 1211 2464 ista
1235 2404 1271 2463 de
1295 2401 1426 2463 barbara
1445 2411 1536 2481 gente

191 2493 352 2569 persuadeo.
400 2492 502 2572 Atque
527 2511 562 2553 en
586 2492 641 2554 tibi
666 2492 831 2554 sessionem
856 2493 936 2572 regis
960 2493 990 2554 iu
1014 2493 1160 2571 sphaera,
1191 2511 1267 2572 quae
1291 2489 1413 2552 barbari
1437 2491 1536 2551 fastus

198 2597 225 2636 an
244 2580 333 2644 civilis
358 2580 570 2643 delectationis
599 2592 807 2660 argumentum
838 2582 894 2654 sit,
926 2581 955 2642 iu
980 2590 1097 2662 promtu
1122 2589 1170 2643 est
1195 2580 1344 2661 judicare.
1392 2578 1454 2640 Sed
1479 2598 1534 2639 nec

201 2677 307 2731 monstro
331 2678 417 2732 caret
441 2669 535 2732 moles
559 2669 613 2732 illa
637 2670 752 2749 iugens.
798 2670 946 2750 Equidem
961 2670 1116 2745 existimo,
1139 2677 1263 2749 praeter
1277 2688 1387 2729 vanam
1412 2675 1444 2729 et
1462 2667 1536 2728 bar-

201 2750 280 2819 baram
300 2757 537 2821 ostentationem
561 2767 594 2820 et
616 2757 853 2837 magnitudinem
878 2759 959 2838 globi
980 2759 1068 2820 vitrei
1093 2759 1273 2820 insolentem
1298 2756 1370 2819 nihil
1395 2763 1536 2836 spectatu

204 2846 356 2909 continuisse
390 2847 522 2926 dignum.
571 2848 603 2908 ln
633 2848 731 2909 altera
753 2847 822 2909 vide
852 2848 924 2909 mihi
953 2847 1254 2909 inutilemlaborem
1288 2847 1317 2907 in
1343 2844 1535 2924 exprimendo

206 2940 262 3017 motu
281 2936 380 2998 octavi
404 2935 500 3008 orbis,
538 2937 586 3016 qui
616 2945 677 2997 tum
706 2936 835 2997 nondum
860 2945 927 2999 erat
955 2937 1012 2999 rite
1041 2937 1190 3016 cognitus.
1237 2937 1271 2998 Iu
1301 2934 1389 2995 laude
1422 2942 1537 3014 ponunt

206 3013 343 3099 hujusmodi
358 3024 506 3099 artifices,
531 3024 641 3087 imitari
658 3025 803 3086 calculum
825 3025 1015 3087 multitudiue
1030 3036 1177 3100 motuum,
1203 3042 1259 3104 ego
1279 3030 1437 3104 praestare
1450 3029 1533 3100 puto,

205 3118 368 3176 nuatumm
393 3113 493 3175 imiter
517 3113 545 3175 in
570 3114 642 3187 situ,
669 3113 727 3174 etsi
753 3114 943 3176 tardissimos
967 3113 1035 3176 illos
1049 3123 1149 3176 motus
1168 3121 1307 3193 exparte
1322 3112 1388 3192 quis
1402 3112 1533 3172 omittat.
1578 3118 1581 3125 “

266 3200 368 3282 Pergit
396 3200 571 3271 Uardanus,
613 3209 645 3264 et
680 3201 817 3263 recitatis
849 3201 1010 3264 Claudiani
1042 3203 1193 3277 uersibus,
1235 3202 1341 3282 quibus
1371 3199 1534 3280 descriptio

205 3283 392 3353 Archimedeae
416 3290 565 3371 sphaerae
588 3291 772 3363 continetur,
798 3291 872 3352 haec
897 3291 1036 3371 subjicit:
1066 3291 1200 3366 „Causa
1225 3311 1277 3354 cur
1299 3309 1337 3353 eu
1362 3289 1440 3351 vitro
1464 3289 1534 3350 olim

205 3373 283 3442 „ficret
303 3379 444 3442 machina
467 3380 609 3443 coelestis
633 3380 731 3454 orbis,
757 3388 842 3454 erat,
868 3381 1007 3461 quoniam
1032 3399 1099 3442 cum
1115 3388 1197 3442 esset
1221 3381 1339 3442 aemula
1364 3397 1432 3439 vere
1448 3375 1534 3450 coeli,

204 3461 427 3531 „includebantur
450 3469 579 3531 minores
603 3468 781 3547 majoribus:
808 3488 896 3549 quam
920 3469 958 3530 ob
982 3487 1044 3531 rem
1073 3470 1122 3551 qui
1150 3470 1231 3531 intus
1260 3475 1348 3531 erant
1381 3474 1414 3528 et
1436 3467 1536 3528 sidera

204 3557 327 3631 ..spemn
351 3576 410 3618 nou
433 3558 619 3638 potuissent,
641 3557 697 3618 nisi
722 3576 824 3618 omnes
849 3577 886 3618 ex
910 3559 1038 3620 materia
1065 3559 1226 3638 perspicua
1249 3556 1370 3619 conflati
1396 3554 1535 3617 luissent.

142 3646 144 3657 '
204 3638 301 3728 „ltaque
325 3646 375 3726 qui
407 3664 484 3709 nuuc
507 3647 563 3708 has
590 3647 685 3708 moles
717 3646 844 3719 iaciunt,
876 3646 947 3709 vitri
978 3647 1177 3726 fragilitatem
1200 3654 1356 3718 verentes,-
1391 3651 1537 3722 coguntur

142 3796 144 3807 ,
204 3735 446 3798 „connaturalem
469 3735 570 3797 muudi
592 3735 763 3797 machinam
783 3736 940 3811 aemulari,
965 3736 1067 3797 orbem
1086 3736 1151 3797 orbi
1171 3734 1434 3814 circumponendo,
1459 3750 1536 3812 quo·

205 3820 280 3887 „uim
310 3843 377 3887 oum
398 3843 438 3885 ex
456 3824 580 3887 metallo
604 3823 666 3885 sint
692 3824 786 3885 videri
811 3843 869 3887 nou
897 3833 1038 3904 possent:
1073 3825 1126 3886 sed
1151 3832 1225 3904 quot
1251 3830 1323 3884 sunt
1351 3821 1454 3896 orbes,
1488 3828 1536 3882 tot

205 3908 330 3977 eliciunt
353 3911 489 3986 tabulas,
513 3922 567 3975 aut
590 3914 700 3975 saltem
722 3932 825 3988 senas,
852 3913 933 3975 Solis
958 3914 1061 3975 orbem
1081 3913 1210 3974 Veneris
1232 3911 1297 3973 orbi
1321 3910 1535 3985 immiscentes,

142 4004 145 4053 l
206 3992 237 4062 nh
255 4000 465 4082 circuitumque
488 4003 715 4083 compagiuaut,
751 4009 785 4063 ut
808 4002 885 4082 quod
910 4009 957 4064 est
986 4010 1133 4077 rotarum,
1165 4001 1345 4081 ponderum,
1379 4001 1536 4073 molarum,

207 4102 351 4165 stonuuru,
384 4091 615 4166 denticulorum,
646 4090 796 4165 nolarum,
826 4091 991 4170 virgarum,
1022 4092 1134 4153 funium
1159 4098 1251 4171 atque
1274 4089 1398 4151 aliomm
1421 4089 1536 4150 instro·
1556 4074 1581 4117 ⁶

206 4188 379 4253 „uentorum
404 4179 503 4242 lateat
525 4179 639 4242 intus.“
684 4179 782 4242 Audis
798 4177 987 4253 Oardanum,
1003 4187 1133 4242 -veteres
1157 4178 1301 4241 aemulari
1320 4187 1460 4240 naturam
1485 4196 1536 4238 so-

207 4252 264 4341 litos,
285 4267 471 4331 recentiores
494 4276 668 4331 construere
684 4269 906 4344 domunculam,
932 4270 1009 4331 lorte
1026 4269 1222 4348 sexangulam
1242 4277 1297 4330 aut
1310 4274 1378 4329 octo
1399 4267 1535 4337 laterum,

207 4356 227 4408 et
249 4356 312 4418 loris
344 4356 374 4419 iu
408 4356 554 4419 lateribus
582 4357 804 4436 circumponere
837 4358 886 4420 hic
916 4358 1077 4437 sphaeram
1107 4356 1249 4426 Saturni,
1279 4355 1343 4419 illic
1365 4356 1452 4417 Jovis
1477 4361 1536 4414 etc.

208 4431 234 4498 lt
254 4444 301 4507 hoc
331 4445 406 4508 dicit
434 4443 593 4508 Cardauus
631 4446 778 4526 sphaerae
808 4446 1044 4509 Zelandiuianae
1077 4446 1303 4507 commendator
1335 4451 1369 4505 ut
1407 4441 1536 4503 omnium

207 4534 477 4610 praestantissimae,
501 4542 536 4596 ut
558 4553 617 4596 uou
640 4535 790 4615 possimus
814 4536 970 4610 dubitare,
1004 4535 1073 4615 quin
1098 4535 1151 4596 illa
1175 4551 1291 4616 quoque
1315 4532 1345 4592 in
1369 4530 1446 4592 hunc
1469 4547 1536 4590 mo-

208 4610 266 4697 dun,
296 4642 354 4686 nou
381 4623 420 4687 ad
446 4622 679 4689 aemulationem
707 4631 833 4687 naturae
863 4625 904 4686 sit
926 4632 1081 4707 coaptata.
1129 4621 1287 4694 Quomodo
1320 4619 1389 4706 quid
1424 4636 1536 4706 quaeso
