3366 5482
687 241 990 307 rerem-munes
1457 244 1526 311 aro

166 395 208 458 rai
232 395 311 458 hanc
334 415 412 469 esse,
437 397 516 475 quod
539 397 654 461 coelum
677 399 746 460 nnio
770 406 889 461 tamum
912 398 1122 471 conluserit,
1145 398 1207 473 cui,
1239 400 1265 462 si
1289 419 1349 480 qua
1372 421 1411 465 cx
1433 404 1525 469 sociis

165 485 266 545 causis
290 485 380 559 desit,
405 487 531 547 effectus
555 486 704 554 intereat.⁴
745 485 826 557 Quid
850 489 936 566 agia,
962 487 1001 547 mi
1024 486 1164 548 Fabrici?
1188 507 1226 548 an
1251 507 1306 567 ego
1330 491 1447 554 meliori
1471 512 1524 556 ar·-

164 581 307 652 gumento
336 574 450 650 possim
478 575 624 652 probare,
659 575 876 653 experientiam
900 594 968 636 esse
992 575 1167 637 confusam?
1213 574 1298 639 Scito
1327 577 1444 659 itaque,
1476 600 1535 644 me¹

164 661 255 741 piane
278 671 378 723 tecum
401 662 572 725 consentire
596 663 626 725 iu
651 665 706 724 boc
731 671 917 741 argumento.

234 765 420 815 Fabricius:
439 766 651 817 Transitibns
670 767 750 817 muita
767 768 853 816 tribuis
872 773 970 831 propter
988 769 1126 829 subiectum
1144 768 1221 826 reale,
1240 771 1291 820 sive
1303 771 1430 834 planetam
1443 775 1523 838 ipsum

163 843 323 900 praesentem
342 845 368 886 ot
386 839 552 895 excitantem
571 839 826 902 protectionibus
845 852 901 886 sero
921 838 1026 887 eandem
1045 839 1076 887 ob
1095 852 1197 889 causam
1215 841 1276 890 nihil
1294 841 1348 892 das.
1386 844 1439 909 Ego
1453 846 1521 896 dico:

164 909 287 958 transitus
305 908 396 958 nullius
414 911 509 957 urtntis
529 918 575 967 est,
595 911 642 958 nisi
662 910 745 974 aliqua
763 911 859 974 species
877 910 1030 972 profectuum
1048 909 1121 959 simul
1140 912 1272 961 coincidet.

252 980 456 1058 Kepierus:
481 981 548 1059 Ego
572 1001 695 1042 causam
719 982 791 1056 diri,
816 991 848 1041 tu
863 982 946 1042 nulia
961 981 1043 1042 diota
1057 1001 1151 1042 causa
1174 984 1355 1045 contrarium
1375 986 1519 1049 affirmas.

160 1068 227 1128 Hoc
252 1067 329 1129 habe
353 1086 407 1147 pro
432 1078 530 1141 certo,
563 1089 712 1150 nunquam
737 1071 808 1131 milri
832 1069 960 1130 transire
985 1070 1166 1131 Mercurium
1190 1090 1244 1150 per
1268 1081 1366 1134 ortum
1390 1083 1444 1136 aut
1467 1095 1520 1137 oc-

160 1177 279 1233 casum,
316 1158 386 1237 quin
410 1159 559 1220 catarrhis
588 1167 642 1219 aut
665 1158 726 1219 alvi
750 1161 831 1219 fluxu
854 1158 996 1219 infestet:
1024 1178 1173 1238 nunqnam
1196 1160 1343 1237 Martem,
1368 1163 1438 1242 quin
1460 1160 1519 1244 pa-

160 1254 247 1314 ratae
274 1245 345 1307 mihi
371 1246 432 1307 sint
456 1247 526 1308 lites
550 1257 581 1307 et
604 1247 763 1326 dispositio
789 1248 817 1307 iu
842 1247 978 1327 meipso
1003 1246 1162 1310 cholerica.

233 1353 416 1401 Fabricius:
438 1351 579 1413 Quaeritur,
599 1368 631 1402 au
651 1352 701 1402 Sol
721 1355 886 1403 transiens
911 1353 986 1402 ioca
1005 1353 1159 1416 aphctica
1178 1353 1327 1420 astrologica
1345 1356 1383 1406 rel
1402 1344 1517 1408 diceudo-
1569 1407 1572 1414 ,

159 1437 219 1473 num
237 1424 331 1488 gradus
349 1424 446 1472 morbos
464 1424 553 1473 inferre
572 1423 668 1488 possit?
705 1425 758 1489 Ego
777 1424 828 1474 talo
847 1424 904 1489 quid
924 1424 1095 1473 animadverti.

249 1494 454 1573 Kepierus:
478 1496 587 1558 Nullus
611 1498 736 1574 planeta
760 1498 798 1556 ad
824 1497 880 1556 hoc
906 1505 951 1556 est
977 1496 1125 1557 conditus.
1175 1495 1216 1557 Ut
1231 1514 1302 1575 ergo
1328 1498 1439 1559 ceteris
1462 1499 1518 1561 hoc

157 1601 211 1664 per
235 1583 377 1645 accidens
402 1584 521 1657 evenit,
558 1585 601 1644 ita
625 1593 655 1645 et
679 1583 758 1658 Soli,
791 1594 824 1645 ut
856 1584 885 1645 in
910 1604 964 1645 suo
989 1604 1115 1645 excessu
1139 1590 1248 1645 noceat
1270 1584 1515 1650 inflammatione.

157 1670 221 1733 Sed
254 1691 290 1733 ne
322 1672 524 1752 proportionis
549 1672 751 1747 obliviscaris,
786 1673 867 1734 Solis
893 1674 1005 1734 reditus
1030 1674 1110 1734 intra
1134 1692 1256 1745 annum,
1291 1672 1415 1736 Saturni
1439 1676 1518 1738 intra

157 1757 200 1823 30
225 1779 331 1822 annos.
379 1760 576 1840 Experientia
601 1770 700 1823 temen
726 1763 754 1823 in
778 1770 897 1840 promtu
922 1781 979 1822 uon
1004 1772 1061 1835 est,
1087 1781 1123 1822 ac
1146 1763 1247 1837 nescio
1271 1783 1309 1822 an
1334 1765 1434 1825 fuerit.

227 1867 411 1916 Fabricius:
439 1866 504 1926 Quid
524 1867 820 1931 ds'iuteiligentiis
847 1866 1015 1916 stellarum
1034 1867 1137 1923 senuas,
1165 1867 1228 1916 scire
1246 1851 1327 1930 cupio.
1364 1868 1417 1933 Ego
1436 1883 1518 1935 ungas

157 1951 212 1986 esse
231 1942 302 2000 puto.
340 1937 410 1986 idem
429 1939 509 1986 sentio
529 1938 560 1986 de
579 1940 684 2002 geniis
703 1939 754 1987 sire
774 1938 859 1997 bonis,
888 1939 938 1987 aire
956 1937 1037 1987 malis.
1075 1937 1102 1987 Si
1122 1939 1225 2003 angelos
1244 1943 1270 1987 et
1288 1938 1399 1988 &abolus
1418 1940 1516 1999 dinem

156 2011 254 2073 accipio
274 2014 300 2057 et
317 2009 438 2073 intelligo,
458 2008 521 2057 alias
539 2010 647 2059 minime.

244 2080 452 2158 Kepierus:
477 2079 584 2141 Stellis
607 2089 732 2160 praeest
755 2080 851 2141 virtus
875 2080 989 2159 aliqua,
1014 2079 1197 2158 geometriae
1222 2098 1319 2158 capax
1343 2081 1434 2160 globi,
1458 2101 1514 2163 po-

155 2177 224 2230 tens
248 2169 288 2229 ad
308 2177 433 2238 motum,
458 2176 577 2246 tempus
601 2189 771 2231 numerans.
818 2169 895 2247 Ego,
921 2169 957 2238 si,
983 2168 1062 2248 quod
1081 2169 1181 2247 jubes,
1207 2169 1351 2247 scapham
1371 2172 1516 2250 scapham

154 2258 310 2337 appellare
334 2258 443 2330 debeo,
469 2277 527 2318 non
551 2276 673 2337 possum
699 2258 788 2319 aliter
811 2258 903 2329 hano,
928 2277 1016 2337 quarn
1040 2257 1288 2336 intelligentiam,
1313 2258 1361 2318 vel
1384 2269 1514 2323 mentem

154 2347 323 2426 appellare.
370 2345 405 2406 Si
435 2346 515 2406 aliud
548 2347 602 2407 tibi
627 2366 733 2407 nomen
761 2346 997 2425 praeplacuerit,
1032 2345 1134 2406 dicito.
1181 2345 1308 2407 interim
1332 2346 1388 2407 hoc
1412 2361 1515 2412 manet

153 2435 332 2523 discrimen,
368 2435 445 2515 qnod
469 2435 700 2496 ratiocinatione
734 2455 792 2495 non
818 2445 953 2508 utuntur,
986 2435 1042 2494 lroc
1066 2434 1143 2495 bono
1169 2432 1251 2495 Guii.
1278 2433 1408 2497 Giiberti
1433 2437 1514 2499 iilius

154 2533 344 2603 argumento,
365 2524 443 2603 qnod
468 2524 728 2584 ratiocinationem
753 2531 896 2602 sequatur
919 2523 947 2583 in
973 2523 1092 2583 actione
1116 2523 1334 2597 inconstantia,
1365 2525 1512 2607 inaequa-

153 2612 225 2674 litas
249 2621 283 2673 et
307 2612 462 2683 titubatio,
486 2614 565 2691 apud
580 2612 716 2674 homines
741 2613 869 2692 quidem.
918 2610 1020 2682 Quare
1044 2621 1077 2672 ut
1097 2631 1209 2673 cornua
1229 2613 1324 2681 bovis,
1345 2615 1512 2676 autscien-

151 2701 194 2762 tia
217 2700 356 2775 natandi,
382 2711 435 2762 ant
458 2702 553 2780 primo
578 2702 681 2763 statim
707 2696 754 2761 die
779 2709 860 2761 recte
880 2701 1046 2774 incedendi,
1072 2718 1130 2761 nou
1154 2711 1225 2761 sunt
1243 2711 1421 2780 argumenta
1444 2722 1512 2765 ura-

149 2789 224 2869 joris
248 2788 429 2862 nobilitatis,
460 2810 548 2870 quern
573 2791 601 2851 iu
627 2790 756 2864 homine,
781 2789 830 2868 qui
846 2789 892 2851 his
907 2798 1008 2862 carct3
1033 2789 1086 2850 sed
1101 2790 1304 2863 statuendum,
1330 2793 1530 2854 succurrisse.
1618 2803 1620 2809 '

151 2888 290 2939 naturam
315 2879 401 2939 bovis
427 2878 592 2940 infirmitati
617 2879 785 2957 congenitis
810 2878 856 2938 his
881 2878 1073 2956 adjumentis,
1099 2877 1169 2957 quia
1192 2877 1247 2938 bos
1272 2897 1356 2940 arma
1379 2878 1436 2940 sibi
1462 2883 1510 2942 ia-

152 2967 284 3041 bricare,
318 2968 452 3029 sobolem
476 2968 613 3038 educare,
648 2975 786 3028 natatum
806 2967 974 3027 exercendo
999 2968 1105 3027 docere
1130 2985 1186 3026 non
1211 2973 1324 3045 potest,
1349 2978 1382 3027 nt
1405 2968 1509 3030 homo:

152 3055 191 3117 sic
215 3056 294 3117 haec
319 3055 420 3117 circuli
446 3056 492 3117 sni
515 3057 680 3118 intellectio
706 3056 848 3118 facultati
872 3056 916 3117 iiii
950 3054 1053 3115 itidem
1077 3061 1125 3115 est
1149 3056 1324 3133 congenita,
1359 3075 1415 3117 nec
1437 3075 1509 3137 pro-

151 3143 236 3207 icere
261 3152 377 3223 potest,
403 3164 457 3206 nec
481 3146 562 3207 aliud
589 3166 677 3225 quam
702 3146 757 3206 hoc
783 3164 883 3222 agere,
907 3144 998 3204 alium
1023 3161 1112 3223 quarn
1127 3143 1205 3203 hunc
1220 3143 1363 3205 circulum
1382 3144 1509 3208 discere.

236 3233 286 3294 De
311 3231 417 3294 Geniis
451 3253 509 3294 non
544 3235 654 3296 acriter
688 3243 785 3295 tecnm
809 3252 919 3313 pugno.
966 3232 1030 3293 Res
1064 3243 1112 3292 est
1145 3232 1268 3295 lubrica
1314 3232 1396 3313 Ego,
1432 3237 1511 3313 quod

152 3320 328 3384 inanimatis
357 3323 446 3383 rebus
471 3323 509 3384 ob
533 3325 684 3385 deiectum
708 3323 848 3395 rationis,
882 3320 999 3400 angelis
1032 3321 1070 3382 ob
1100 3320 1225 3383 liberam
1248 3341 1333 3383 suam
1362 3323 1508 3385 rationem

153 3426 204 3472 nou
216 3429 342 3491 possum
359 3411 499 3484 tribuere,
511 3413 759 3490 gubernationem
771 3412 907 3472 fortunae
919 3409 1046 3471 hominis
1062 3410 1100 3470 ad
1115 3410 1334 3490 praescriptum
1347 3412 1507 3488 coelorum,

153 3497 187 3574 id,
211 3501 346 3580 inquam,
365 3501 461 3578 geniis
477 3500 584 3562 tribuo.
633 3500 712 3571 Quid
729 3501 826 3561 enirn?
851 3501 895 3560 Tu
911 3500 1085 3577 angelorum
1095 3500 1221 3561 tutelam
1236 3500 1329 3561 coelis
1340 3501 1507 3580 allegabis?

216 3606 409 3655 Fabricius:
437 3605 542 3656 Solem
561 3607 700 3656 vivificandi
728 3614 753 3655 et
771 3606 904 3670 vegetandi
929 3607 977 3653 vim
1004 3604 1096 3654 habere
1123 3606 1248 3663 existimo,
1275 3605 1425 3669 planetas
1451 3623 1507 3658 vero

150 3687 194 3727 uon
215 3691 303 3725 omnes
321 3691 360 3726 res
380 3678 459 3736 simul,
478 3685 507 3727 ut
525 3677 574 3738 Sol,
597 3679 713 3728 sedilias
732 3685 839 3733 tantum,
858 3691 923 3740 qnae
941 3678 1042 3740 imperio
1060 3678 1167 3739 ipsorum
1187 3677 1298 3735 subsunt,
1318 3678 1449 3728 vivificare.

235 3748 439 3828 Kepierus:
464 3750 547 3812 Nihil
572 3769 627 3829 ego
650 3760 724 3829 puto
744 3750 773 3810 in
798 3749 908 3821 Terris,
937 3748 983 3809 cni
1008 3748 1136 3808 seorsim
1160 3748 1268 3828 aliquis
1290 3750 1417 3828 planeta
1440 3751 1505 3811 col·

143 3831 264 3900 locatus
294 3837 337 3898 sit
359 3837 389 3898 in
413 3839 513 3900 coelo:
545 3840 601 3899 sed
623 3839 762 3900 ertitisse
787 3838 855 3898 ilios
881 3845 927 3899 tot
950 3845 983 3897 et
1005 3837 1084 3898 tales
1114 3856 1151 3897 ex
1174 3838 1236 3898 suis
1265 3838 1396 3916 propriis
1419 3839 1504 3918 prin-

142 3924 241 4007 cipiis,
267 3926 359 3987 etiam
385 3927 449 3987 sine
464 3937 602 4006 respectu
619 3927 808 3988 terrestrium
822 3944 936 3999 rerum3
961 3926 1132 3987 consentire
1151 3945 1222 3987 vero
1241 3944 1299 3986 non
1315 3945 1363 3987 res
1379 3928 1505 3989 seorsim

142 4015 330 4096 compositas
355 4034 422 4076 cnm
445 4017 588 4095 planetis,
614 4017 666 4076 sed
688 4036 791 4077 omnes
816 4015 951 4076 omnibns
965 4022 1092 4075 naturae
1109 4014 1282 4087 elementis3
1307 4033 1375 4075 narn
1391 4034 1503 4096 prope-

142 4105 266 4166 modum
291 4105 392 4164 omnia
416 4104 606 4166 inomnibus
630 4105 778 4177 invenies,
813 4104 880 4197 plus
905 4113 1006 4164 tamen
1031 4103 1105 4165 certi
1131 4103 1257 4181 aiicujus
1282 4105 1422 4166 elementi
1454 4106 1503 4166 vei
1592 4128 1608 4137 ·

142 4193 326 4265 luantitatis
350 4192 379 4253 in
404 4211 462 4253 nno
487 4213 576 4273 quam
600 4194 629 4255 in
655 4195 761 4254 altero.

215 4298 402 4348 Fabricius:
423 4298 488 4359 Quid
508 4299 539 4349 de
559 4300 709 4349 antistiis
726 4299 884 4364 planetarum
901 4298 1009 4359 judices,
1028 4297 1091 4347 scire
1110 4297 1190 4347 velim.

233 4386 443 4467 Kepierus:
468 4388 579 4450 Eorum
599 4388 658 4448 vim
683 4388 723 4449 ibi
748 4406 889 4468 agnosco,
915 4385 964 4447 ubi
980 4392 1050 4448 sunt
1064 4385 1203 4448 antiscia.
1251 4387 1281 4448 A
1300 4406 1392 4449 causa
1414 4388 1503 4467 primi

142 4482 244 4538 notus
268 4486 341 4537 sunt
371 4477 500 4539 antiscia
531 4487 636 4558 partes
663 4475 793 4550 zodiaci,
829 4494 886 4536 non
911 4475 1026 4537 ratione
1060 4474 1190 4536 siderum
1208 4475 1371 4540 mobilium.
1418 4477 1501 4561 Ergo

142 4575 165 4617 n
199 4564 361 4627 directione
386 4566 579 4628 ascendentis
604 4576 635 4628 et
656 4567 700 4627 M.
726 4565 761 4627 C.
785 4573 859 4645 puto
883 4564 943 4624 viru
980 4581 1048 4624 esse
1071 4582 1228 4643 magnam,
1262 4571 1296 4626 at
1319 4584 1376 4627 uon
1400 4566 1430 4627 in
1451 4565 1500 4627 di·
1539 4618 1541 4627 ,

143 4653 274 4715 eodone
299 4653 382 4716 Solis
405 4662 437 4715 et
460 4655 600 4717 Veneris.

216 4759 397 4810 Fabricius:
426 4759 575 4824 Quaeritur,
604 4773 637 4811 an
657 4760 800 4825 eclipses
818 4757 882 4810 Solia
901 4765 927 4809 ot
944 4756 1033 4809 Lunae
1057 4772 1084 4809 re
1106 4771 1166 4809 rora
1185 4757 1316 4824 generales
1335 4760 1399 4810 seru
1417 4766 1499 4815 mut*
