3366 5482
652 249 819 301 messim.
1372 195 1430 338 (31x

62 399 248 526 {muthpgm
265 407 367 470 similis,
387 413 461 475 atque
478 410 621 474 praesertim
648 410 724 460 etiam
746 410 835 461 calculi
858 410 968 462 lahorem
985 409 1138 465 attaediom
1162 423 1211 460 non
1230 424 1285 461 essa
1303 411 1371 461 onsrl
1389 416 1416 462 et

71 476 117 524 asti
134 476 156 526 'o
200 491 223 526 c.
1244 517 1250 532 .

128 545 225 608 Qm’bns
243 552 384 613 praemissis
402 550 455 601 adit
472 549 554 600 Here.
573 553 742 616 quaestionem
769 553 800 603 de
823 552 926 603 Lucano
951 553 1074 617 pluribus,
1100 553 1149 603 elio
1173 550 1226 602 loco
1249 551 1413 610 inserendam.

62 625 85 667 st
100 618 137 668 sic
155 619 297 671 concludit:
316 620 432 672 Petitionl
450 629 508 671 tusa
527 624 623 688 utrique
641 624 793 673 satisfaciam
811 640 854 689 pro
872 625 961 674 risibus
989 631 1015 673 et
1041 623 1099 673 mihi
1125 638 1177 673 ram
1201 629 1299 689 gratam
1317 622 1413 681 feceris,

60 690 168 754 siplurs
184 694 296 755 patieris,
314 692 362 742 hac
380 695 445 743 anim
464 696 593 743 occasione
611 707 698 744 ansam
717 697 822 759 arripere
841 710 948 759 possum,
966 702 995 745 nt
1013 701 1039 745 et
1058 695 1102 745 tibi
1120 694 1190 760 plura
1206 695 1320 744 scribam.

127 760 203 813 Dicas
222 762 357 814 Schreiben
375 763 536 815 liberschiche
561 764 601 815 ich
623 767 716 816 moines
742 781 785 831 gu.
804 767 907 817 Fdrsten
927 782 951 817 u.
970 766 1051 816 Herm
1074 772 1184 832 agantm
1207 779 1238 815 su
1256 765 1338 831 Prag.
1356 763 1412 815 Jola

60 831 227 890 idenharden.
255 834 277 884 1.
296 834 526 886 M.Lateinischen
546 835 665 899 Cantsley
687 836 873 902 Registratoren
897 854 928 888 so
952 836 1034 903 ng,
1061 836 1167 888 velcher
1190 836 1224 886 Es
1251 837 1307 886 dam
1332 835 1414 886 Herm

62 902 140 965 Cisal.
159 906 180 955 1.
201 905 304 957 Durchl.
324 907 464 973 Erahersog
480 907 633 958 l'erdinands
650 907 720 958 Rath
737 924 762 958 u.
780 909 980 960 Hofsacretssien
1005 907 1152 959 auschichen
1176 907 1272 957 vhrdet
1293 923 1317 956 n.
1337 906 1414 956 durch

61 975 106 1025 dim
126 976 187 1027 oder
205 977 363 1044 darglaichen
380 978 463 1030 Mittel
480 977 549 1028 hun
567 979 610 1029 der
627 979 692 1029 Han
708 980 772 1044 pede
789 980 866 1039 Post,
887 995 959 1030 naun
983 981 1016 1030 Er
1039 980 1104 1038 vill.
1131 981 1178 1029 mir
1204 978 1331 1029 schreiben
1355 991 1412 1028 aus·

61 1047 184 1169 se'cffiphara
204 1065 278 1100 amn
295 1050 330 1100 Er
347 1049 421 1100 allein
439 1052 479 1100 ein
498 1050 588 1115 Copori
606 1051 712 1101 daribar
729 1065 762 1101 an
781 1051 898 1102 amelien
916 1052 940 1101 J.
960 1051 1082 1102 llanhard
1094 1050 1189 1109 macht,
1206 1050 1258 1101 und
1270 1049 1336 1102 nach
1347 1048 1414 1116 Pras

125 1119 195 1170 khet

125 1189 229 1242 Damitt
245 1206 297 1242 vas
315 1192 371 1243 dem
387 1192 469 1243 Herm
487 1192 536 1242 lieb
553 1193 604 1242 und
623 1194 770 1260 aagenemb.

163 1262 261 1314 Datum
277 1262 412 1322 Mdnchsm
431 1264 480 1314 den
498 1261 576 1314 escen
595 1263 650 1314 Oct
670 1260 718 1314 A.⁰
737 1262 779 1313 97.

606 1335 609 1348 ’
835 1335 900 1385 Desa
917 1334 998 1385 Herm
1018 1334 1202 1400 denstvillisser

727 1407 806 1457 Hune
825 1405 908 1472 Georp
926 1405 1048 1457 Hermart
1066 1423 1089 1457 o.
1108 1405 1278 1472 Hobsolssry.
1296 1403 1376 1471 lippe.

125 1493 274 1559 Inscriptio:
292 1495 357 1546 Dem
385 1495 539 1546 Ehmoesten
566 1494 638 1546 Hoeh
657 1494 707 1546 und
724 1494 908 1560 Wohlgelerten
925 1493 1047 1560 Magister
1071 1494 1154 1545 Joham
1171 1493 1273 1560 Keplar,
1293 1494 1337 1546 der
1353 1494 1410 1546 ldhl.

61 1563 219 1616 Lsndstaeod
236 1580 269 1615 sn
286 1564 446 1630 Steyrmarhh
462 1565 649 1624 Mathematico.
668 1567 774 1617 meinem
792 1567 892 1617 sondars
910 1567 990 1616 lichen
1008 1566 1088 1617 Herm
1105 1566 1156 1616 aad
1174 1566 1339 1688 mugram.

71 1798 77 1810 Ι
108 1726 284 1848 ἰιιΚορΙοιιιι
301 1728 328 1778 in
345 1729 501 1792 responsimc
520 1723 555 1788 (d
575 1727 598 1776 d.
619 1722 663 1773 24.
682 1726 745 1777 Dec.
763 1723 810 1786 97)
838 1726 870 1775 ds
898 1724 1000 1775 Lucano
1027 1725 1195 1790 quaestionem
1220 1727 1319 1791 propius
1346 1726 1410 1792 adlt,

61 1811 91 1847 nc
135 1799 248 1862 cipiens:

142 1901 224 1967 Cum
247 1907 431 1988 accepissem
454 1905 558 1966 literas
582 1904 672 1976 Tuas,
699 1903 755 1964 Vir
777 1903 947 1982 Magnifice,
972 1903 1066 1967 Nonis
1081 1903 1257 1966 Decembris
1279 1904 1407 1980 circiter,

61 2001 87 2054 et
108 1995 402 2065 animadvertissem,
426 2001 459 2055 ut
481 1994 536 2056 tibi
560 1992 778 2066 satisfacerem,
802 1993 934 2054 nonnihil
957 1992 1028 2054 mihi
1052 1993 1163 2055 laboris
1186 2012 1255 2055 esse
1278 1993 1408 2055 subeun-

61 2084 137 2144 dum:
157 2084 226 2164 jam
250 2094 327 2160 tum,
353 2085 464 2146 omissa
486 2102 557 2145 cura
584 2081 721 2144 celeriter
743 2081 956 2161 respondendi,
989 2082 1073 2162 coepi
1095 2083 1167 2144 mibi
1190 2083 1287 2145 otium'
1311 2081 1409 2161 dispi-

61 2190 130 2234 cere.
179 2171 297 2244 Quibus
321 2174 399 2236 enim
423 2171 668 2251 occupationibus
693 2171 844 2251 (quamvis
867 2179 898 2232 et
921 2170 1056 2250 privatus
1076 2179 1107 2232 et
1124 2171 1258 2251 juvenis)
1282 2170 1408 2234 distrin-

60 2279 126 2339 εει,
160 2281 221 2324 noo
250 2272 297 2325 est
331 2281 439 2344 operae
468 2262 595 2342 pretium
626 2260 681 2320 tibi
708 2278 877 2333 recensere,
902 2260 958 2322 nisi
982 2268 1015 2322 ut
1045 2260 1074 2322 id
1102 2259 1276 2322 summatim
1299 2261 1407 2336 dicam,

59 2368 102 2411 me
123 2351 177 2413 rix
200 2353 360 2433 respirare.
407 2349 483 2414 Cum
512 2350 603 2429 igitur
633 2349 736 2411 dedita
759 2367 850 2427 opera
873 2367 934 2410 rem
962 2349 991 2411 in
1020 2349 1112 2410 leriae
1134 2349 1304 2423 natalitius,
1334 2367 1408 2432 quas

56 2439 115 2516 jam
136 2439 198 2502 Dei
221 2441 409 2521 benignitate
434 2439 623 2519 attingimus,
648 2438 835 2520 rejecissem:
860 2447 893 2499 ut
916 2447 1017 2501 tamen
1041 2446 1126 2499 tanto
1154 2458 1252 2502 essem
1274 2438 1409 2521 paratior

59 2530 258 2606 postmodnm,
297 2531 413 2593 interea
433 2528 606 2590 'nonnullas
640 2528 728 2588 horas
757 2527 825 2588 aliis
858 2526 1009 2590 laboribus
1048 2528 1215 2590 mehercule
1248 2527 1407 2590 contemtis

59 2625 87 2677 ct
106 2619 298 2698 poenitendis
322 2620 401 2681 forto
428 2619 515 2699 qnasi
538 2625 658 2696 ereptas
681 2616 710 2677 in
736 2615 892 2677 lectionem
916 2616 1050 2687 Lucani,
1075 2614 1217 2679 Caesaris
1241 2627 1272 2680 et
1293 2618 1406 2681 utrius·

59 2723 110 2784 qne
147 2705 305 2771 Ciceronis
342 2708 536 2788 epistolarum
564 2705 722 2767 voluminis
754 2705 888 2766 insomsi.
933 2705 1048 2768 Videor
1076 2714 1175 2768 autam
1203 2706 1275 2767 mihi
1304 2725 1341 2769 ex
1371 2725 1409 2769 ea

60 2793 183 2858 lectiorm
215 2796 246 2859 id
278 2817 346 2860 esse
378 2804 570 2870 consecutus,
595 2803 628 2856 ut
651 2794 764 2874 reliquo
788 2793 904 2864 labore,
933 2795 990 2857 nisi
1013 2795 1138 2876 denique
1162 2795 1216 2856 abs
1242 2805 1273 2858 te
1291 2795 1406 2876 jussus,

59 2885 251 2964 supersedere
273 2885 404 2966 possim,
438 2894 472 2947 ut
498 2892 606 2965 postea
630 2883 792 2963 intelliges.

120 2990 181 3044 Jam
200 2999 369 3060 magressus
387 2992 421 3043 sd
436 2991 567 3042 Lucanum
586 2991 624 3040 sic
642 2989 781 3040 concludit:

136 3081 225 3145 Haec
249 3082 431 3162 intempesta
462 3090 563 3158 nocte,
598 3100 663 3143 cum
686 3079 757 3141 mihi
781 3079 884 3141 oblata
907 3084 989 3140 esset
1015 3098 1035 3139 a
1058 3076 1232 3157 dignissimo
1255 3078 1294 3142 D.
1320 3077 1404 3142 Can·

58 3170 174 3234 cellario
199 3173 348 3234 scribendi
372 3171 501 3240 occasio,
526 3190 601 3251 quae
626 3176 802 3245 causaest,
832 3168 909 3250 quod
933 3166 1028 3229 literis
1052 3167 1255 3231 excellentiss.
1301 3168 1338 3232 D.
1362 3168 1401 3232 D.

56 3259 191 3336 Fichleri,
218 3261 324 3342 agnati
346 3261 415 3335 mei,
440 3261 469 3322 in
492 3259 666 3341 praesentia
688 3277 745 3319 oon
769 3258 945 3338 respondeo.
986 3256 1089 3336 Mago.
1104 3255 1291 3334 Dignitatem
1310 3258 1404 3321 Tuam

59 3349 184 3412 feliciter
206 3351 309 3413 valere
328 3350 431 3430 jubeo,
457 3357 487 3410 et
511 3349 589 3412 bona
612 3348 640 3410 ei
663 3347 731 3408 novi
754 3347 824 3409 anni
847 3346 981 3426 auspicia
1003 3364 1117 3426 precor.

264 3439 367 3521 Magn.
390 3439 429 3501 D.
454 3438 488 3502 Τ.
905 3434 1047 3498 Studiose
1072 3432 1174 3497 Clieus

853 3524 900 3588 Μ.
924 3525 1053 3588 Jolsano
1072 3522 1207 3606 Kepler,

694 3614 742 3676 Ill.
767 3611 886 3697 Styriae
910 3613 1139 3676 Provincialium
1159 3613 1402 3679 Mathematicus.

84 3770 90 3779 ‚
117 3722 307 3775 flarnrtus
324 3723 388 3772 haec
407 3721 533 3785 respondit
551 3718 606 3783 (12.
625 3720 701 3771 Mart.
720 3716 783 3781 98):
804 3755 810 3768 .
830 3755 837 3769 .
862 3719 960 3770 Dessan
978 3712 1113 3772 Schraiben
1134 3735 1188 3770 vom
1212 3717 1253 3770 24.
1272 3721 1335 3772 Dae.
1353 3721 1403 3772 hab

55 3791 90 3841 'ah
103 3793 156 3845 hnc
173 3795 232 3860 lpas
250 3793 290 3844 dle
310 3800 336 3844 et
353 3794 416 3842 hora
433 3792 588 3857 empfsngen.
617 3792 686 3842 Thus
704 3792 768 3841 mich
787 3791 830 3841 der
848 3792 1029 3858 ungenandten
1046 3789 1250 3858 Menaenorum
1267 3791 1403 3844 freundlich

55 3861 182 3917 Men
206 3865 259 3915 und
283 3865 373 3931 begare
398 3864 490 3915 dieselb
517 3865 648 3915 niedarnm
674 3861 835 3913 daniberlich
861 3879 892 3912 su
910 3863 1068 3914 baschulden.
1105 3861 1205 3913 lutarim
1224 3877 1301 3930 aequo
1320 3865 1402 3915 animo

54 3937 159 4003 {stifft
174 3937 348 3988 mmmcdnm
366 3938 498 3994 minimum¹
520 3935 624 3999 mrcujm
640 3936 704 3985 forts
722 3935 776 3985 libri
794 3935 965 3985 mathematici
983 3936 1087 4000 pretium
1104 3934 1220 3985 futurum.
1261 3981 1266 3992 ‚

114 4006 165 4060 Ich
181 4009 227 4059 hin
243 4010 270 4059 in
288 4008 383 4059 beedan
401 4007 502 4058 calculis
520 4007 582 4056 nobi
601 4007 741 4064 contentirt
762 4005 867 4065 beliade,
887 4007 944 4058 dass
958 4006 1073 4063 dissolbe,
1086 4007 1172 4069 paucis
1184 4008 1292 4058 montiis
1304 4007 1401 4070 demhs,

10 4118 12 4147 Ι
56 4089 105 4128 t·
127 4094 188 4132 nco
216 4078 313 4132 uitulo
332 4079 519 4135 concordiores,
545 4087 570 4127 et
588 4078 613 4128 id
630 4085 699 4134 erat,
724 4077 788 4143 quod
805 4080 962 4143 quaerebam.
999 4077 1074 4127 Dsnn
1092 4077 1131 4127 die
1150 4077 1277 4130 drenitas
1296 4094 1400 4145 occupa·

55 4149 141 4202 hu
153 4151 249 4203 'nocht
265 4150 332 4201 mich
349 4154 375 4201 in
394 4150 488 4200 calculo
506 4151 624 4212 yeveilen
642 4151 713 4199 irren.
750 4147 794 4198 Ich
811 4149 861 4200 hab
880 4151 960 4201 dieser
976 4149 1031 4214 'l'ag
1049 4149 1104 4198 eine
1122 4150 1234 4202 Antnort
1255 4166 1302 4202 von
1321 4152 1401 4202 duem

55 4216 229 4274 numen
248 4223 280 4273 ds
298 4222 351 4272 Tuo
369 4221 533 4273 Prodromo
557 4222 718 4287 ampfangan,
736 4219 779 4270 sed
797 4237 939 4287 responsum
957 4220 1017 4271 illud
1034 4220 1127 4271 nullum
1144 4227 1191 4279 ast,
1227 4221 1279 4274 Ima
1296 4223 1345 4274 vill
1358 4224 1401 4276 dar

10 4338 13 4369 ι
56 4298 128 4345 ἡ
143 4293 241 4345 Terrae
258 4307 306 4360 gar
322 4297 361 4344 nit
378 4293 507 4357 eingehen.

115 4363 188 4419 mels
204 4367 297 4416 nhnnm
313 4365 436 4421 Wunder,
462 4364 518 4413 dass
543 4366 581 4413 nit
606 4366 673 4414 einer
698 4377 728 4413 ex
745 4365 853 4427 professo
871 4364 937 4415 hanc
955 4367 1084 4417 materiam
1110 4368 1191 4418 uarirt
1207 4366 1259 4416 und
1278 4365 1398 4427 deducirt,

60 4444 107 4485 fl
127 4443 297 4504 umato,
321 4437 466 4502 praesertim
490 4435 607 4499 physlca,
632 4435 718 4500 quibus
743 4443 892 4501 coarguatur
914 4446 996 4487 motus
1014 4438 1106 4490 Terrae
1130 4440 1211 4503 potius
1229 4451 1303 4503 quam
1320 4437 1398 4488 stellis

58 4500 105 4556 fl
116 4508 262 4560 mundos
280 4522 349 4571 essa,
375 4523 425 4558 non
444 4506 562 4556 deficiant
578 4507 755 4571 pulcherrima,
780 4510 923 4572 praesertim
946 4523 976 4560 ex
998 4512 1094 4562 ratione
1116 4517 1256 4568 ventorum,
1275 4510 1349 4560 maris
1367 4521 1397 4558 ax

61 4572 113 4628 b
125 4582 259 4640 mnes,
277 4581 315 4630 uti
334 4585 360 4629 et
377 4579 455 4628 smus
474 4585 500 4627 et
516 4578 622 4628 refluxus
639 4581 721 4628 maris.

117 4649 243 4718 [ἣρω
260 4651 393 4716 Laosberg
410 4649 542 4699 meditatur
559 4664 635 4699 noras
653 4649 799 4713 hypotheses
816 4650 986 4714 planetarum,
1014 4653 1040 4703 in
1064 4653 1151 4718 quihus
1177 4656 1288 4704 cesimum
1305 4649 1396 4699 Terras
1436 4668 1444 4681 .

65 4713 124 4772 h
136 4725 223 4789 ponit,
247 4723 355 4793 reliquos
377 4728 460 4772 summ
482 4728 562 4770 motus
579 4722 649 4785 primi
666 4721 761 4771 mobilis
780 4722 992 4774 circumferentias
1015 4723 1124 4787 ejusdem
1142 4717 1233 4774 tribuit
1270 4719 1320 4772 Sed
1336 4719 1397 4771 nihil

66 4786 130 4845 fl
143 4795 242 4861 prodit.
280 4791 335 4847 Sed
351 4807 401 4845 non
418 4793 488 4845 rideo
507 4805 623 4854 causam
647 4807 691 4843 cnr
715 4806 764 4844 non
789 4799 816 4844 st
839 4799 924 4846 centm
941 4794 1032 4847 Terras
1048 4800 1129 4847 motas
1147 4792 1247 4846 attribui
1262 4791 1352 4860 ponit.
1370 4797 1398 4844 et
