3366 5482
162 168 209 267 gg
763 190 927 249 emmim

164 364 229 424 lme
253 359 318 421 also
346 359 376 421 in
401 358 463 425 ¹einr
486 356 685 421 kunststuelh
707 374 746 417 zu
766 355 939 417 erloreoben
956 364 1161 421 vnrouubtteu
1179 377 1256 440 eeyu
1278 363 1412 426 werdt.
1457 366 1542 430 Fer.

164 456 234 511 eten
263 446 323 508 vnd
346 445 429 507 Hern
460 444 558 506 baben
583 443 708 505 eolliohe
737 441 847 505 saclren
877 443 960 505 nicht
991 464 1047 507 rou
1072 446 1126 507 des
1157 447 1312 526 tiglicheu
1340 448 1540 530 Gebrauehs,

163 534 293 598 sonderu
316 552 376 595 von
401 533 454 595 der
481 532 583 595 Kunst
613 550 732 611 wegen:
766 531 812 591 die
837 531 929 593 kunst
951 532 1025 594 aber
1059 534 1200 595 bestehet
1222 535 1253 597 in
1276 536 1455 604 imitatione
1480 564 1541 606 na·

163 630 267 697 turae,
292 622 333 683 de
355 640 389 682 es
412 619 497 682 nieht
519 620 574 682 mit
596 618 724 698 Zeigern
747 618 885 698 zugehet.

252 709 335 771 Wan
360 708 433 770 aber
457 708 505 770 die
529 706 602 771 sach
631 706 684 769 mit
708 714 792 768 erest
815 706 1014 787 anzugreilien
1039 715 1137 784 were,
1171 709 1264 790 glaub
1293 712 1343 776 iob
1368 715 1446 793 vol,
1481 718 1542 783 dae

163 798 221 883 mir
244 797 315 861 sehr
337 795 541 859 beldrderlich
565 815 637 877 seyn
662 795 779 867 werde,
806 795 915 858 andere
939 795 1129 875 dergleichen
1150 798 1285 863 Werokb
1309 802 1392 865 auch
1416 824 1456 868 an
1480 808 1540 871 be·

163 884 332 966 siebtigen,
366 885 426 947 dau
459 884 511 945 Ich
536 884 600 945 biss
624 882 696 944 dato
728 882 817 945 lbeiu
842 885 968 945 anderes
991 885 1142 963 genien,
1177 888 1224 949 als
1253 890 1309 950 wie
1340 889 1384 953 im
1408 893 1542 961 Berieht

163 973 332 1039 vermeldet
358 973 489 1035 worden.
535 970 640 1033 Wolte
663 971 714 1032 leh
738 970 809 1032 Wol
841 971 949 1044 sehen,
982 974 1020 1035 ob
1048 974 1130 1036 eines
1158 976 1310 1054 gesunden
1338 981 1462 1052 wiirde.
1498 986 1539 1049 da

163 1062 292 1137 beedes,
325 1060 455 1124 imitatio
488 1069 613 1122 naturae
645 1067 677 1120 et
707 1059 821 1121 indices
853 1059 912 1142 bey
938 1062 1091 1123 einander.
1138 1063 1206 1125 Dan
1240 1066 1338 1129 meiue
1367 1069 1540 1137 emohtens

163 1150 263 1215 kbaus
286 1150 370 1212 nicht
394 1168 487 1232 seyu,
511 1147 570 1210 dau
595 1167 628 1211 ee
651 1146 744 1210 leidet
765 1147 803 1209 Je
827 1149 892 1209 eius
916 1148 971 1211 das
994 1150 1088 1213 ander
1105 1150 1203 1226 nicht,
1227 1154 1287 1216 uud
1307 1155 1351 1217 ἰιι
1365 1158 1462 1222 alleiu
1487 1162 1538 1224 die

165 1239 247 1321 frag,
271 1236 407 1301 udiliohs
430 1238 525 1300 under
548 1237 643 1298 denen
667 1236 853 1299 luustiicher
875 1238 935 1298 vnd
958 1236 1123 1302 zierlicleer.

254 1326 399 1388 Bisehero
423 1344 492 1389 vom
515 1323 659 1387 Werclrh.
705 1322 774 1386 Jam
799 1326 838 1386 ad
862 1324 932 1386 alia.

233 1468 293 1520 lam
310 1465 450 1531 Keplerue,
472 1465 571 1516 rediens
589 1465 622 1516 ed
640 1471 784 1514 consuetum
801 1478 954 1522 ιιιιιιοιιιιιι,
979 1464 1057 1515 latine
1075 1468 1157 1533 pergit
1174 1467 1208 1518 ad
1226 1467 1432 1537 chronologiam,
1459 1490 1538 1542 qm

163 1539 273 1605 pluribus
290 1545 344 1588 turn
361 1536 508 1601 perlitatae
527 1551 584 1587 euru
601 1535 736 1585 llaestliuo
753 1535 969 1600 perscrutabatur.
988 1544 1015 1585 et
1033 1537 1171 1591 concludit.
1190 1539 1362 1606 Motorum
1380 1546 1537 1601 nimitum

162 1610 304 1677 ponderans
323 1607 453 1685 coperuioi
470 1609 611 1658 sententiae
629 1608 725 1657 eminus
743 1606 924 1672 obloquentium
944 1604 1002 1666 (sid
1022 1622 1097 1671 supra
1114 1625 1139 1673 p.
1150 1606 1205 1672 08).

235 1734 308 1786 Haec
326 1739 426 1783 tanturn
444 1731 476 1781 de
495 1744 569 1794 opere
588 1727 733 1780 mechanico
753 1729 839 1779 addit:

251 1823 347 1884 Tuam
376 1838 508 1898 agnosco
538 1819 626 1881 iidern
662 1827 808 1897 perpetua
837 1820 1021 1899 gratitudine
1055 1822 1277 1886 celebrandam.
1325 1826 1455 1893 Utinam
1491 1833 1536 1898 ita

161 1930 212 1977 ree
235 1911 433 1991 expediatur,
467 1916 502 1969 ut
524 1917 649 1986 uterque
674 1907 828 1969 laetemur.
876 1907 1014 1982 Quaeso,
1050 1910 1075 1972 si
1099 1912 1196 1975 minus
1219 1931 1400 1994 responsum
1425 1923 1533 1985 statim

161 1996 477 2152 qqqnepgquneqrrlique
508 1995 577 2075 quid
602 1995 731 2055 futurum
755 2015 891 2058 censeas.
938 1999 971 2058 ln
996 1999 1117 2061 decreto
1142 2000 1245 2064 videor
1269 2021 1440 2083 agnoscere
1465 2010 1532 2073 Lu-

231 2226 350 2276 Latinum
363 2225 489 2289 scriptum.
508 2221 573 2287 quod
587 2222 781 2287 insequentibus
793 2223 869 2275 literis
882 2233 1004 2276 memorat
1019 2225 1177 2288 bisentium,
1191 2230 1268 2281 deest
1288 2231 1399 2286 &mma
1411 2238 1447 2289 ad
1457 2254 1531 2304 prae·

160 2300 238 2349 missa
254 2298 381 2362 pertinens
400 2308 416 2344 a
434 2294 504 2344 uobis
523 2290 639 2342 omissum
657 2299 702 2352 est
723 2294 787 2358 quod
806 2302 832 2345 et
849 2299 942 2359 majore
958 2298 1038 2347 torma
1050 2306 1116 2349 esset
1128 2300 1305 2369 attingendum,
1325 2311 1360 2364 et.
1380 2323 1448 2373 quae
1460 2312 1532 2377 [ep.

160 2370 227 2420 lorus
244 2368 372 2433 proponit,
392 2368 469 2415 etiam
487 2365 579 2413 omissa
597 2363 762 2414 delineatione
781 2366 885 2430 intelligi
903 2375 1014 2431 possunt

233 2439 272 2489 Ex
290 2435 418 2488 llaestliul
440 2437 519 2486 literis
544 2433 580 2495 (d.
599 2435 623 2484 d.
644 2433 668 2484 l.
688 2432 756 2497 (14.)
775 2436 825 2486 Jut.
846 2435 926 2500 1508)
951 2442 1111 2503 responsoriis
1135 2441 1199 2493 haee
1222 2444 1402 2498 desumimus:
1438 2452 1533 2519 Aeeepi

160 2511 215 2563 besl
232 2510 318 2561 literas
336 2516 393 2559 tune
412 2523 468 2558 cnm
486 2506 572 2556 rotulis
591 2505 634 2569 (ex
650 2512 721 2570 parto
741 2507 903 2570 contractis),
931 2510 965 2559 ad
990 2511 1172 2576 designandum
1196 2517 1273 2564 animi
1296 2520 1333 2568 tui
1358 2520 1488 2574 intentum
1506 2527 1532 2576 lu

161 2580 306 2634 lubricando
326 2595 399 2644 opere
418 2580 591 2628 ustronomleo.
628 2577 772 2628 Institutum
790 2587 860 2629 tuum
883 2580 942 2630 mihi
965 2581 1097 2632 admodum
1114 2583 1207 2647 placet
1246 2586 1315 2638 Deus
1333 2589 1459 2656 largiatur
1477 2595 1532 2647 ioli.

161 2652 287 2704 ιιιιιιιιιιιιι
305 2665 454 2700 successum.
494 2649 565 2713 Ego.
592 2655 722 2713 postquam
750 2651 890 2716 diligentins
913 2652 1022 2718 relegero
1049 2660 1075 2702 et
1101 2656 1185 2706 omnia
1202 2656 1353 2710 sufficienter
1371 2665 1532 2727 pendtarero

161 2722 215 2787 (ιιι,
238 2724 258 2772 sl
277 2723 405 2787 quaesitus
424 2721 499 2781 luero,
519 2720 667 2784 respondere
690 2719 806 2784 possim),
833 2723 923 2772 curebo
947 2722 979 2773 ad
998 2722 1035 2772 111.
1055 2726 1189 2790 principem
1207 2730 1343 2781 transferri.
1381 2732 1530 2788 Maluissem

161 2800 247 2847 autern
264 2800 394 2858 utrumque
413 2799 482 2843 tuum
501 2794 633 2856 seriptum.
660 2793 834 2843 Germanicum
852 2799 878 2843 et
896 2793 1013 2844 Latinum
1038 2793 1150 2859 (praeter
1169 2799 1300 2863 epistolam
1319 2802 1353 2853 ad
1370 2820 1412 2856 me
1431 2807 1529 2866 datam,

160 2879 225 2933 quae
244 2867 321 2916 etiam
338 2865 450 2929 privata,
470 2877 534 2928 quae
552 2865 617 2913 iuter
634 2878 678 2912 uos
697 2872 782 2915 ruutuo
800 2873 872 2920 snut.
892 2863 1027 2927 eontinet).
1047 2882 1096 2917 uon
1114 2869 1175 2918 mihi
1197 2872 1315 2935 iuscripta
1334 2888 1407 2934 esee,
1426 2878 1472 2928 eod
1491 2880 1530 2931 τοι

160 2936 304 2997 indefinite,
324 2943 443 3000 tauquam
463 2935 495 2984 ad
513 2937 623 2999 quemvis
640 2935 765 2993 lectorem,
785 2936 823 2986 rel
842 2936 874 2987 ad
893 2938 972 3001 ipsum
991 2937 1124 3001 principem
1143 2940 1222 2991 luisse
1240 2941 1345 2994 directa
1376 2946 1446 2998 llam
1463 2964 1531 3014 qm

159 3010 185 3060 lu
203 3009 327 3073 prooemio
348 3006 475 3065 „defensio
493 3006 626 3070 propositi¹⁴
646 3007 682 3056 tui
701 3014 751 3062 eat.
777 3022 826 3072 qua
846 3008 976 3072 „exempla
993 3010 1093 3058 vetera“
1113 3011 1173 3060 mihi
1190 3013 1295 3069 recites.
1322 3016 1382 3066 mibi
1402 3019 1527 3076 dicuutur.

159 3080 230 3146 quasi
250 3079 293 3128 tibi
313 3079 449 3129 contrarius
473 3078 589 3131 minem.
615 3077 719 3142 ideoque
743 3080 780 3128 tui
805 3080 921 3144 propositi
943 3079 1003 3128 mibi
1027 3081 1134 3130 rationes
1153 3083 1258 3134 luissent
1282 3086 1445 3147 reddendae,
1471 3107 1529 3144 eum

160 3159 246 3203 umen
263 3151 328 3201 haee
347 3150 436 3200 eadem
454 3149 567 3213 exempla
585 3165 632 3214 epo
650 3156 711 3199 aute
733 3153 855 3207 noverim.
880 3156 997 3215 tuumque
1020 3151 1067 3201 boc
1092 3153 1220 3204 inventum
1245 3171 1312 3206 nuno
1337 3159 1470 3224 aliquoties
1489 3163 1528 3215 ni.

158 3223 263 3289 principi
277 3221 308 3272 de
321 3223 416 3285 optime
427 3229 489 3270 uota
501 3222 733 3278 commendaverim.
752 3229 786 3280 et,
806 3224 827 3272 si
845 3229 873 3271 tu
892 3222 1011 3288 languere
1029 3223 1156 3281 voluisses.
1174 3226 1233 3276 mihi
1251 3229 1414 3289 incubuisset,
1432 3240 1462 3283 ut
1481 3250 1529 3303 ege

159 3294 227 3345 bisce
245 3293 363 3356 exemplis
381 3300 407 3342 te
425 3306 574 3342 revocarem.
612 3290 663 3343 Sed
682 3292 715 3343 ad
733 3297 840 3347 tertium
860 3294 974 3343 nimirum
992 3294 1029 3343 rel
1048 3297 1182 3359 principem
1210 3298 1249 3348 vel
1266 3300 1292 3348 iu
1311 3315 1405 3366 genere
1424 3305 1458 3355 ad
1476 3305 1527 3358 lee-

160 3371 253 3425 torem,
273 3371 302 3413 nt
320 3370 346 3413 et
364 3365 429 3427 ipse,
452 3363 512 3413 licet
529 3365 607 3426 primo
625 3365 716 3414 iutuitu
734 3380 783 3414 nou
802 3365 940 3430 intelligat.
965 3365 1156 3417 oblectationem
1174 3369 1200 3417 in
1219 3383 1249 3419 eo
1268 3379 1388 3434 quaerat.
1415 3374 1528 3427 defende

158 3436 224 3487 leaeo
241 3435 372 3501 dirigende
390 3435 485 3484 luisset.
500 3469 506 3483 .
521 3467 549 3484 ..
585 3434 682 3485 Videbo
700 3442 798 3493 tamen,
822 3438 842 3485 si
861 3437 937 3486 rerba
952 3435 998 3485 ille
1020 3436 1059 3487 vel
1083 3444 1179 3488 mutare
1207 3440 1245 3490 rel
1268 3442 1400 3494 obliterare
1423 3450 1525 3510 poesim,

159 3522 193 3559 ne
211 3506 276 3566 Cels
296 3508 372 3571 ipsine
390 3508 526 3567 existimet,
550 3521 590 3557 me
609 3507 676 3557 aliud
694 3509 752 3572 ipsi,
771 3509 921 3558 eontrarium
943 3508 987 3556 tibi
1016 3509 1157 3571 scripsisse.
1181 3511 1247 3562 unde
1266 3514 1428 3567 metuendum
1447 3528 1524 3577 essee,

159 3593 191 3631 ue
209 3585 289 3629 totum
306 3579 353 3629 boc
370 3585 440 3628 tunm
457 3579 585 3628 inventum
603 3586 629 3628 et
648 3594 709 3642 opus
727 3579 793 3643 apud
813 3578 877 3630 Cels.
896 3580 972 3642 ipsius
991 3579 1101 3631 silescat.

231 3649 329 3714 Alioqui
346 3649 434 3699 modus
453 3656 478 3700 et
496 3650 576 3699 torma
598 3653 651 3713 elus
674 3651 710 3699 tui
733 3651 817 3714 scripti
839 3649 997 3700 vehementer
1020 3651 1119 3714 placet.
1148 3658 1187 3702 ιιι
1211 3655 1278 3703 euim
1302 3656 1374 3706 valde
1400 3659 1527 3713 eruditum

159 3723 285 3786 seriptum,
305 3721 370 3786 quod
388 3721 472 3784 procul
491 3720 564 3770 dublo
584 3726 609 3770 ιι
626 3722 730 3785 principi
749 3727 775 3771 et
793 3721 938 3771 consiliariis
951 3721 1038 3771 barum
1050 3736 1131 3772 rerum
1143 3723 1338 3788 intelligentibus
1351 3737 1451 3794 gratum
1470 3734 1526 3784 orie

229 3791 352 3843 Numeros
378 3792 512 3842 rotularem
540 3805 674 3856 earumque
701 3793 814 3856 periodos
840 3792 949 3842 noudum
976 3794 1122 3843 examinari.
1161 3793 1284 3845 Videntur
1308 3804 1394 3850 tamen
1413 3804 1527 3855 nonnulli

157 3867 254 3915 numeri
272 3865 383 3914 dennuni
401 3866 474 3914 uinis
492 3865 587 3928 magui,
605 3865 719 3913 nimirum
738 3863 805 3915 ultra
823 3861 875 3912 200
893 3871 920 3914 ιι
937 3861 997 3913 000.
1026 3864 1079 3914 Hos
1098 3879 1173 3930 seqre
1188 3868 1272 3931 capiet
1289 3875 1346 3918 rota
1363 3872 1428 3922 adeo
1448 3875 1527 3937 estiis,

158 3944 184 3985 et
202 3937 335 3987 serendum
355 3943 407 3991 ιιι,
431 3942 460 3985 ιιι
478 3937 528 3985 siut
546 3935 661 3985 diuturni.
698 3935 756 3987 Meo
774 3937 849 4002 igitur
863 3936 957 3999 indicio
983 3943 1121 3999 praestaret
1145 3939 1358 4002 superimpositioq
1386 3957 1448 3995 um
1467 3947 1526 3998 affin

157 4009 273 4065 referret,
292 4024 334 4073 pro
353 4022 405 4057 uua
423 4007 485 4057 dune
504 4007 555 4057 fieri
575 4015 649 4056 rotas.
1383 4056 1389 4063 ,

229 4078 269 4129 De
289 4094 384 4130 canone
403 4081 428 4128 ln
450 4075 519 4128 0000
539 4092 617 4128 anuos
635 4087 664 4127 ut
682 4079 715 4128 sis
734 4077 866 4133 sollicitus.
885 4091 946 4142 opus
965 4094 1014 4129 uon
1033 4084 1086 4135 est;
1105 4080 1154 4127 imo
1173 4092 1220 4129 uec
1239 4080 1270 4131 do
1289 4083 1363 4133 aunis
1382 4083 1449 4145 100,
1468 4090 1527 4154 quie

157 4149 264 4209 sufficit,
291 4151 401 4217 stegnas
424 4150 558 4200 tardiorum
577 4150 690 4214 periodos
709 4151 804 4203 metiri.
832 4154 857 4198 et
881 4164 937 4199 cunr
957 4151 993 4200 eis
1011 4150 1159 4201 velociorem
1177 4164 1261 4201 crasso
1280 4154 1352 4204 modo
1371 4171 1524 4222 comperero.

156 4214 223 4273 Mn
243 4224 269 4274 in
286 4222 324 4273 hle
342 4222 453 4273 thesauri
472 4228 578 4273 naturae
596 4235 753 4286 nequaquem
776 4221 892 4284 explicari
915 4230 1036 4285 possunt;
1065 4222 1171 4279 sufficit.
1196 4221 1337 4285 hujusmodi
1359 4240 1437 4291 opera
1460 4231 1526 4282 iarn

158 4290 193 4343 00
212 4309 291 4346 anuos
308 4310 358 4345 nou
377 4293 527 4343 sensibiliter
544 4306 639 4349 errare.
658 4293 760 4358 etquid
779 4301 847 4348 tum.
874 4294 921 4343 etsi
939 4291 1062 4345 Saturnus
1080 4300 1137 4357 post
1154 4294 1216 4343 duae
1235 4297 1363 4358 periodos,
1384 4298 1408 4348 b.
1428 4316 1451 4352 e.
1470 4310 1526 4366 paee

157 4360 193 4414 00
211 4380 299 4428 anuos,
319 4381 368 4415 nuo
388 4371 463 4429 atque
477 4363 555 4414 altero
568 4365 656 4429 gradu,
675 4365 803 4415 ueletiam
815 4365 892 4414 tribue
904 4363 1021 4430 gradibus
1035 4363 1150 4415 aberret?
1179 4362 1252 4416 Certe
1270 4381 1353 4430 pauca
1371 4369 1421 4420 ridi
1439 4372 1522 4437 buius·

157 4434 221 4487 modi
235 4438 401 4487 instrumente
413 4432 474 4496 (imo
488 4432 603 4494 nullum).
623 4436 710 4501 quibus
724 4435 787 4486 Solis
805 4442 885 4485 motus
905 4450 1002 4485 munus
1021 4434 1087 4485 ultra
1104 4430 1180 4485 000ο
1197 4435 1292 4488 habeat
1310 4439 1386 4490 etlam
1399 4444 1523 4508 quern.

157 4514 208 4558 tere
227 4508 283 4558 diei.
321 4506 376 4572 Ego
395 4512 464 4556 certe
482 4506 586 4571 plurimo
603 4507 688 4557 labore
706 4508 807 4557 tandem
827 4506 945 4571 ejusmodi
965 4520 1094 4563 numeros,
1117 4508 1157 4571 qui
1177 4509 1253 4557 etiem
1271 4510 1438 4575 quadrantem
1456 4514 1523 4567 illm

156 4578 280 4640 baisane,
300 4578 410 4629 iuvenire
428 4579 505 4642 potui.
541 4578 596 4630 Nee
613 4586 698 4628 tamen
718 4580 761 4629 illa
779 4593 876 4645 organa
893 4577 1003 4629 Uranica
1019 4584 1150 4643 propterea
1168 4581 1237 4642 parri
1256 4580 1326 4630 liunt.

228 4650 315 4701 Metuo
334 4656 435 4707 antem,
460 4665 491 4701 ue
510 4651 574 4701 istae
592 4652 743 4714 objectiones
762 4657 788 4700 et
812 4650 987 4713 difficultates.
1014 4664 1075 4715 ques
1091 4651 1119 4699 in
1136 4652 1226 4714 scripto
1243 4658 1287 4700 tuo
1305 4653 1396 4704 multae
1415 4656 1460 4706 tibi
1477 4657 1522 4721 ipsi

159 4718 252 4783 objicis,
273 4736 291 4773 a
307 4720 433 4772 nonnullis
451 4720 532 4772 sciolis
551 4722 626 4773 veluti
640 4737 752 4773 enormes
765 4723 955 4773 exorbitationes
969 4723 1131 4786 accipiantur,
1151 4729 1226 4786 etque
1238 4722 1304 4788 apud
1315 4725 1451 4790 principem
1465 4741 1522 4778 en.
