3366 5482
275 293 318 366 16
613 353 616 359 .
870 298 1031 352 nomm

273 462 314 524 qui
334 471 395 509 sane
413 462 531 524 perpauci
551 458 627 524 (quod
642 456 773 509 dolendum
794 456 845 521 est)
864 460 981 517 eximant,
1000 459 1117 522 experior,
1135 465 1164 507 ut
1181 459 1243 508 certi
1260 457 1318 522 quid
1335 459 1361 507 in
1378 456 1418 507 his
1435 456 1517 522 quoad
1534 457 1632 506 licuerit

241 540 244 545 ’
274 537 407 580 statuatur.
435 531 475 581 ad
493 531 581 580 ultima
599 531 646 580 duo
665 530 820 580 luminarium
839 530 953 595 deliquia,
972 542 1037 595 quae
1054 531 1080 579 in
1092 529 1224 579 Februario
1242 530 1349 592 proxime
1368 530 1452 593 elapso
1467 529 1631 593 contigerunt,

273 608 299 652 te
318 602 403 652 sedulo
422 602 560 652 attendisse
579 616 628 650 uon
648 600 747 660 dubito,
771 615 847 666 quare
865 617 948 651 eorum
967 603 1043 650 etiam
1060 607 1187 650 momenta
1204 606 1230 654 et
1247 599 1337 664 pheses
1355 600 1428 650 isthic
1446 599 1632 649 animadversas

273 673 366 722 indica
403 672 491 723 Lunae
510 672 607 737 eclipsis
625 687 689 736 quae
709 671 751 721 11.
771 675 825 735 ejus
842 675 933 723 mensis
951 672 991 722 die
1010 673 1121 738 couhgit,
1139 672 1180 723 hio
1198 672 1239 721 ubi
1256 670 1326 734 polus
1344 672 1455 722 elevatur
1473 665 1522 719 5³⁰
1540 667 1631 732 ibis,

273 745 420 808 principium
431 745 527 800 habuit,
546 744 644 807 quaudo
657 745 767 808 superior
778 743 865 793 Lunae
884 745 972 793 limbus
992 743 1151 792 attollebatur
1168 757 1243 806 supra
1258 741 1411 792 horizontem
1429 739 1478 788 24υ
1493 741 1554 801 iere,
1573 741 1631 790 hino

272 823 370 879 tempus
388 816 499 879 provenit
517 814 626 864 adhibito
644 817 696 864 viso
714 816 768 864 loco
787 811 875 865 Lunae
898 818 971 878 Juxta
993 823 1103 863 nostram
1120 815 1301 863 restitutionem
1319 823 1345 864 et
1361 814 1535 865 rehectiouum
1553 813 1629 876 impe·

274 885 382 935 dimento
401 887 498 936 sublato
515 885 540 936 h.
555 886 579 934 1.
594 885 636 934 14’
655 893 712 951 post
729 886 836 936 mediam
855 894 954 936 noctem
967 885 1165 935 antecedentem.
1194 885 1260 934 Finis
1280 885 1379 949 deliquii
1396 886 1462 934 inira
1479 884 1633 933 horizontem

273 960 364 1007 evenit.
392 956 454 1007 Visa
476 963 560 1007 autem
579 964 618 1007 est
630 957 704 1007 Luna
720 957 797 1007 terme
814 963 871 1006 tota
888 957 1012 1012 offuscari,
1029 958 1132 1006 minima
1144 959 1203 1019 'ejus
1221 957 1375 1020 portiuncula
1394 958 1425 1005 ab
1439 957 1527 1004 umbra
1539 952 1631 1004 Terrae

272 1027 352 1079 libera
369 1029 498 1078 existente.
537 1027 600 1078 Solis
619 1030 755 1091 eclipsatio,
775 1043 840 1093 quae
858 1026 901 1076 25.
920 1029 959 1078 die
979 1029 1085 1088 accidit,
1104 1029 1144 1078 hic
1163 1035 1282 1093 quantum
1299 1030 1365 1078 inter
1381 1027 1535 1078 recurrentes
1553 1027 1631 1075 nubea

275 1100 471 1150 adimadvertere
488 1096 572 1157 licuit,
598 1100 693 1149 initium
717 1099 805 1149 habuit
822 1100 847 1148 h.
870 1097 894 1148 a.
909 1097 952 1148 52¹
971 1113 995 1149 a.
1014 1115 1064 1154 m..
1091 1099 1264 1162 per'armillas
1288 1101 1443 1165 aequaturias
1463 1095 1478 1146 li
1496 1097 1588 1161 pedum
1605 1098 1631 1146 in

273 1170 394 1221 diametro
414 1171 484 1228 (nem
502 1172 667 1221 instrumente
684 1185 741 1220 mea
759 1173 925 1220 asnonomica
946 1169 995 1220 huc
1017 1172 1042 1220 in
1060 1172 1221 1221 Germaniam
1245 1170 1376 1228 eDania,
1401 1176 1431 1219 ut
1453 1171 1566 1219 conscius
1588 1169 1630 1224 sis,

275 1239 403 1303 transtuli)
421 1243 538 1306 temporis
555 1248 682 1291 momente
701 1242 849 1292 denotando.
886 1241 995 1292 Medium
1015 1245 1068 1304 ejus
1090 1244 1126 1291 uti
1150 1257 1230 1306 neque
1253 1242 1327 1291 finem
1350 1243 1381 1292 ob
1405 1240 1582 1291 crassiusculaa
1605 1245 1631 1288 et

275 1314 406 1364 condonas
424 1313 504 1364 nubes
523 1315 715 1363 intervenientes
733 1315 874 1376 conspicere
892 1329 941 1362 non
959 1312 1071 1362 dabatur.
1101 1313 1256 1363 Conveniunt
1273 1313 1336 1363 hacc
1355 1319 1466 1376 tempora
1483 1312 1508 1360 in
1526 1317 1631 1375 utraque

243 1400 248 1407 ·
276 1385 360 1448 eclipsi
379 1386 440 1434 satis
458 1385 644 1449 praecise'cum
662 1393 744 1434 nostro
763 1385 931 1450 redintegrato
954 1384 1061 1439 calculo.
1082 1399 1111 1434 ea
1131 1381 1165 1431 18
1182 1383 1321 1441 Lunaribus
1340 1391 1366 1434 et
1385 1381 1400 1431 6
1420 1382 1545 1433 solaribus
1563 1384 1629 1446 prius

274 1456 399 1506 subtilitei
418 1455 541 1505 denotatis
567 1457 766 1520 eclipsationibus
790 1456 924 1520 depromta.
965 1455 1001 1506 Ut
1024 1455 1054 1504 de
1078 1456 1133 1505 eliis
1155 1456 1212 1505 hinc
1235 1455 1293 1505 iude
1316 1470 1493 1519 saepenumero
1517 1455 1631 1517 erpennio

274 1527 400 1576 amborum
418 1525 574 1577 luminarium
592 1527 739 1577 motionibus
764 1526 813 1577 huc
836 1529 912 1576 etiam
937 1528 1130 1576 conducentibus
1147 1526 1215 1576 nihil
1233 1527 1331 1577 addamss
1371 1525 1505 1586 Quantitas
1524 1526 1631 1588 corporis

274 1597 367 1663 Solaria
386 1598 473 1647 Lunae
491 1598 631 1648 interventu
649 1599 763 1649 offuscati
782 1598 867 1648 debuit
891 1602 964 1660 juata
981 1613 1039 1647 mee
1056 1599 1188 1648 ratiocinia
1206 1613 1260 1648 esse
1279 1598 1348 1663 digit.
1369 1591 1437 1659 1011,
1457 1599 1482 1646 iu
1500 1594 1549 1646 hoo
1566 1596 1628 1645 hori·

275 1678 357 1726 conte,
374 1668 448 1733 idque
467 1683 483 1737 a
500 1670 618 1734 superiori
635 1678 715 1734 parte,
735 1684 790 1720 cum
810 1670 918 1719 calculus
937 1669 1102 1732 Copemicens
1121 1676 1147 1718 et
1163 1669 1252 1733 phasin
1270 1676 1296 1718 et
1313 1674 1439 1718 momenta
1455 1667 1529 1730 hujus
1548 1668 1628 1717 obser·

272 1741 377 1791 vationia
396 1740 469 1790 aliter
486 1740 616 1798 exhibeat.
642 1743 678 1792 uti
703 1746 730 1791 et
746 1743 772 1791 in
790 1741 884 1791 Lunari
905 1741 1004 1804 eclipsi.
1028 1748 1081 1790 tam
1103 1742 1124 1790 is
1147 1755 1221 1805 quam
1239 1740 1404 1805 Alpheusiuus
1426 1740 1529 1788 nimium
1551 1740 1586 1788 cis
1605 1745 1630 1788 et

272 1812 339 1862 ultta
356 1812 532 1861 exorbitarunt.
560 1815 600 1861 Au
618 1813 718 1878 deliquii
739 1811 832 1862 Solaria
850 1812 1046 1876 magnitudinem
1064 1813 1153 1862 uostris
1171 1814 1279 1862 numeris
1297 1820 1365 1861 recte
1384 1811 1545 1875 attigerimus,
1563 1809 1627 1872 judi-

274 1890 332 1933 cent
349 1882 393 1939 illi.
404 1879 452 1946 'qni
471 1885 524 1946 ejus
542 1883 650 1933 medium
668 1885 791 1934 sereniore
810 1897 872 1933 aura
888 1884 927 1932 usi
946 1890 1132 1947 conspexerunt.
1160 1881 1191 1932 ld
1208 1898 1265 1933 raro
1284 1882 1410 1932 sciendum
1424 1890 1469 1938 est,
1488 1881 1587 1931 Lunam
1605 1881 1630 1930 in

275 1955 404 2008 noviluniis
423 1953 544 2018 eclipticis
561 1969 611 2003 uon
630 1965 749 2018 apparere
768 1969 800 2005 ea
817 1955 1004 2019 magnitudine,
1030 1968 1080 2018 qua
1102 1954 1166 2004 alias
1188 1957 1213 2004 in
1236 1955 1390 2018 pleniluniis,
1415 1959 1472 2003 utut
1493 1954 1518 2002 in
1542 1953 1630 2002 eadem
1661 1964 1665 1976 ·

274 2026 349 2076 inerit
367 2039 384 2074 ι
401 2024 479 2074 Terra
496 2027 644 2085 remotione,
670 2026 715 2075 sed
736 2027 806 2089 quasi
830 2041 872 2088 pro
895 2027 983 2089 quinta
1004 2032 1075 2088 parte
1093 2039 1149 2075 eam
1168 2028 1242 2075 certis
1261 2026 1291 2076 de
1315 2026 1395 2074 causis
1415 2025 1473 2073 alibi
1491 2023 1630 2074 reserandis

197 2153 201 2162 1
276 2097 460 2161 constnngerer
486 2095 552 2144 unde
570 2095 599 2144 lit
616 2101 645 2143 ut
664 2096 737 2146 Luna
754 2111 879 2161 nunquam
899 2101 978 2144 totum
997 2095 1078 2145 Solem
1097 2111 1193 2159 prorsus
1211 2097 1327 2162 obtegere
1345 2102 1436 2160 queat,
1456 2096 1554 2146 etiamsi
1572 2109 1629 2145 eeu·

274 2167 370 2217 traliter
388 2166 470 2231 quoad
487 2167 567 2215 visum
584 2167 768 2231 interponetur,
788 2167 879 2216 lumine
899 2166 978 2216 Solari
996 2181 1052 2216 eam
1071 2168 1171 2230 aliquali
1190 2168 1269 2218 adhue
1287 2169 1391 2232 vestigio
1410 2168 1548 2223 ambiente.
1568 2165 1631 2231 quod

274 2245 301 2288 et
318 2240 344 2287 ln
361 2236 409 2286 hoc
426 2236 512 2286 ultimo
532 2236 638 2302 deliquio
657 2238 852 2288 animadvertere
870 2243 985 2300 poteraut
1003 2238 1046 2293 illi.
1066 2239 1152 2303 quibus
1169 2241 1278 2289 maxima
1290 2238 1418 2288 offuscatio
1435 2240 1523 2301 patuit.
1553 2238 1629 2302 Opor-

272 2311 322 2359 tuit
340 2310 406 2358 enim
424 2315 484 2357 tuuc
503 2306 586 2357 Solem
604 2308 635 2357 de
654 2309 747 2358 Lunari
765 2324 865 2373 corpore
884 2310 995 2374 utrinque
1013 2310 1068 2373 plus
1090 2310 1229 2371 includere,
1253 2311 1326 2375 idque
1349 2310 1533 2366 corniculatim,
1556 2323 1630 2374 quani

272 2381 341 2430 lihea
357 2394 403 2444 per
420 2378 567 2428 diametrum
585 2379 662 2429 dueta
680 2381 809 2445 exigebat,
835 2386 891 2429 utut
909 2379 997 2430 Lunae
1020 2381 1141 2430 ἀίιιιιιιιι
1163 2389 1222 2431 tunc
1240 2382 1313 2430 luerit
1335 2383 1407 2444 juxta
1425 2387 1535 2430 nostrum
1554 2383 1629 2430 etiam

274 2452 397 2503 calculum
416 2446 506 2511 3l³l,¹,
525 2464 644 2514 apparere
663 2458 747 2502 autem
766 2451 832 2514 apud
851 2449 933 2500 Solem
951 2466 1000 2500 non
1017 2454 1097 2515 potuit
1114 2455 1193 2516 maior
1211 2467 1285 2518 quam
1304 2450 1346 2505 18.
1366 2466 1441 2516 quam
1457 2452 1629 2502 limitationem

273 2524 406 2573 anemius
424 2527 503 2580 autea
521 2521 718 2572 animadversam
736 2523 847 2587 cognovi,
866 2523 910 2571 sed
928 2523 953 2571 in
973 2522 1065 2587 aliquot
1078 2524 1142 2573 Solis
1160 2525 1368 2575 observationibus
1383 2539 1440 2573 cnm
1451 2530 1505 2573 ιιιιι
1524 2537 1540 2573 a
1558 2537 1629 2587 supe

255 2595 335 2644 ‘riore
353 2607 427 2658 quam
444 2593 558 2642 interiore
577 2600 648 2656 parte
666 2600 802 2660 tegeretur,
819 2595 854 2643 sic
872 2607 912 2642 me
934 2593 1018 2643 docuit
1031 2596 1190 2657 experientia
1219 2595 1299 2644 Tnum
1313 2597 1367 2652 erit,
1387 2594 1472 2644 excell.
1486 2593 1629 2652 blaesillae,

272 2665 331 2732 quid
348 2666 374 2721 in
392 2665 430 2713 his
449 2663 611 2713 absimilibus
629 2675 780 2727 compertum
797 2665 898 2720 habeas.
918 2665 977 2714 mihi
995 2667 1071 2715 etiam
1090 2669 1199 2730 aperire,
1220 2675 1293 2731 atque
1311 2667 1337 2715 iu
1354 2674 1479 2728 posterum
1494 2666 1631 2729 jucundam

273 2737 338 2786 inter
355 2751 401 2785 uos
419 2736 450 2785 de
469 2735 542 2784 rebus
561 2737 729 2786 astronomicis
748 2736 913 2792 collationem,
933 2751 1006 2800 quam
1026 2744 1051 2786 at
1070 2753 1116 2803 ego
1132 2754 1181 2787 uon
1193 2740 1269 2786 inrita
1282 2737 1420 2796 admittam,
1439 2752 1562 2788 exercere.
1591 2736 1631 2788 De

186 2821 194 2840 ⁸
272 2807 399 2871 eclipsiurn
417 2813 502 2856 autem
514 2807 665 2870 potisaimum
681 2807 846 2856 Lunarinma
863 2815 889 2857 te
905 2808 1028 2858 subtiliter
1042 2809 1218 2858 animadversis
1229 2810 1359 2858 momentis
1371 2823 1419 2862 mo.
1438 2811 1629 2873 quamprimum

271 2877 325 2928 heri
337 2884 421 2942 queat,
441 2879 569 2926 certiorem
581 2878 663 2938 redde,
685 2887 714 2927 ut
727 2881 901 2929 correctionem
914 2878 1101 2944 longitudinum,
1122 2881 1152 2929 de
1165 2895 1214 2944 qua
1226 2879 1283 2929 dixi.
1303 2893 1376 2944 quam
1393 2881 1459 2928 breri
1477 2881 1503 2930 in
1522 2880 1630 2944 quadam

272 2950 366 3000 tabella
384 2950 505 2999 adornare
523 2950 647 3008 comtitui,
667 2957 719 2999 tam
736 2950 809 3001 hinc.
829 2964 903 3014 quam
921 2964 952 2998 ex
968 2951 1025 2999 aliis
1043 2952 1188 3014 quibusdam
1207 2951 1306 3001 aliunde
1325 2952 1467 3015 conquisitis
1484 2953 1583 3002 indiciis
1601 2965 1631 3000 eo

271 3021 388 3087 promtius
407 3020 544 3084 expediam.
580 3019 685 3085 iamque
702 3022 774 3079 vale,
799 3020 830 3069 V.
852 3021 887 3069 Cb
912 3029 939 3070 et
957 3021 1077 3072 derebus
1102 3023 1270 3073 astronomicis
1294 3016 1451 3072 laudabiliter
1474 3025 1577 3079 merite,
1604 3024 1629 3072 in

271 3094 358 3158 quibus
376 3093 452 3142 etiam
464 3091 615 3155 expoliendis
633 3092 856 3157 etlocuplstundia
873 3098 902 3140 ut
920 3094 946 3141 iu
964 3100 1088 3156 posterum
1105 3108 1245 3158 perseveres
1263 3100 1289 3143 te
1306 3092 1428 3148 adhortor.
1457 3093 1506 3144 Ubi
1523 3095 1630 3159 rescrip-

272 3166 341 3226 seris,
362 3164 442 3221 effice,
461 3168 490 3211 ut
506 3163 593 3212 literae
612 3177 756 3228 quocunque
774 3165 876 3213 tandem
895 3165 990 3213 viarum
1008 3164 1085 3214 ductu
1103 3167 1154 3215 sive
1172 3179 1216 3229 per
1236 3163 1431 3228 h'orimbergam,
1450 3167 1502 3214 sire
1521 3166 1631 3231 aliquam

273 3236 348 3287 aliam
373 3235 494 3306 celebrem
512 3233 661 3284 Germaniae
682 3237 769 3285 arbem
786 3236 956 3300 Hambnrgum
974 3236 1144 3298 perferantur,
1164 3239 1189 3286 in
1209 3236 1339 3300 hospitium
1358 3236 1430 3285 isthic
1448 3251 1547 3294 meum.
1566 3236 1632 3302 quod

273 3315 312 3358 est
331 3306 397 3372 apud
407 3305 492 3356 Herm.
507 3303 612 3355 Reutter
630 3307 676 3355 sub
691 3309 763 3371 signo
777 3307 889 3356 Coronas
908 3320 1008 3363 aureae,
1026 3308 1110 3371 sicque
1129 3322 1172 3358 aaa
1189 3323 1229 3358 me
1248 3315 1315 3357 certo
1333 3308 1488 3358 obtenturum
1506 3324 1558 3360 nou
1578 3322 1632 3359 am·

272 3380 344 3445 bigor
364 3381 465 3441 jamque
483 3378 572 3426 iterum
589 3383 616 3426 et
633 3380 732 3441 saepius
749 3378 816 3428 vale.

308 3481 314 3490 -
343 3449 476 3499 Dabuntur
492 3446 679 3514 Waudeshurgo
698 3448 787 3515 dieg2l
811 3446 871 3511 (³¹)
890 3449 949 3512 Apr.
972 3445 1041 3498 itte
1060 3446 1219 3511 (Maestliuua
1238 3450 1381 3515 adscripsit:
1400 3449 1567 3515 praesentiart
1584 3465 1633 3502 rua

273 3520 420 3586 Suassburg
437 3516 470 3568 aa
488 3517 552 3581 ilsji
571 3516 626 3582 98).
1305 3579 1307 3583 ¹

266 3605 274 3613 ·
618 3618 620 3624 ·
1318 3592 1399 3658 spolio
1417 3593 1522 3653 Brute,

274 3665 336 3716 cum
361 3662 530 3714 intellexissim
561 3662 718 3712 tabellarium
747 3667 798 3710 toto
821 3662 869 3711 hoc
894 3662 934 3711 die
958 3660 1094 3728 Hambnrgi
1205 3675 1207 3678 ’
1337 3667 1491 3730 mauuppria.

250 3739 252 3743 ’
272 3741 432 3791 moraturum,
451 3735 534 3784 curavi
546 3733 684 3796 exemplum
696 3734 821 3783 literarum
834 3732 936 3797 Kepleri
949 3732 982 3781 ad
995 3749 1035 3783 me
1047 3748 1098 3786 uua

273 3798 329 3858 cum
340 3821 396 3857 meo
407 3820 524 3869 responso
537 3804 650 3861 describi,
668 3805 753 3870 hisque
767 3806 878 3869 adjungi,
896 3819 944 3869 quo
962 3803 994 3853 de
1012 3818 1097 3855 earum

225 3895 228 3900 ·
273 3881 349 3929 etam
373 3878 496 3928 ιοιιιιιιιιίι
512 3877 610 3926 'cernor
631 3875 717 3925 lieres:
745 3876 788 3925 ubi
812 3875 952 3941 plumbus
977 3875 1098 3927 facientia

272 3951 390 4000 invenies

299 4086 303 4094 '
343 4091 481 4143 Posteriore
504 4097 614 4155 tempore
633 4089 717 4153 'lbycho
739 4092 765 4140 iu
787 4091 865 4141 literis
889 4090 921 4140 ad
939 4089 1073 4154 Keplerum
1097 4089 1161 4140 dans
1186 4090 1251 4142 huuc
1273 4093 1300 4141 in
1322 4091 1424 4142 modum
1446 4092 1478 4143 de
1496 4092 1633 4150 Prodroms

271 4165 390 4230 loquitur:
419 4162 458 4212 De
475 4161 536 4211 libro
554 4171 604 4220 tuo,
623 4164 659 4212 nti
677 4165 698 4212 is
717 4176 772 4212 cum
790 4177 834 4211 rao
853 4169 939 4211 autore
957 4169 1073 4218 meretur,
1091 4176 1187 4225 semper
1205 4177 1235 4211 ea
1255 4177 1303 4228 quo
1324 4163 1384 4213 mihi
1395 4165 1563 4230 introspectus
1583 4175 1631 4230 ert,

271 4235 404 4288 honorifice
416 4235 490 4290 sensi,
509 4248 556 4282 nec
570 4243 595 4284 te
608 4234 725 4284 antelios
738 4234 966 4299 quocunqnernodo
980 4234 1010 4282 de
1024 4233 1092 4284 hisce
1110 4233 1252 4283 sublimibus
1270 4241 1297 4284 et
1315 4248 1332 4285 a
1344 4235 1416 4302 vulgi
1434 4244 1511 4302 captu
1529 4243 1634 4295 mmotia

272 4301 406 4376 &scipturis
424 4304 550 4370 praeclare
568 4313 691 4356 merentes
711 4314 737 4356 et
754 4306 863 4355 veritatis
889 4305 1003 4355 nucleum
1027 4306 1089 4354 serio
1113 4303 1260 4354 affectantes
1287 4305 1361 4357 laude
1384 4320 1431 4358 sus
1451 4310 1559 4372 privavi,
1588 4317 1634 4364 aut

271 4380 372 4446 privabo
389 4391 511 4445 uuquam,
530 4378 588 4439 quiu
607 4380 687 4441 potius
706 4378 781 4427 eatuli
800 4386 826 4426 et
843 4377 869 4426 in
886 4382 1010 4440 posterum
1029 4374 1153 4426 extollam.
1190 4375 1244 4425 Hoc
1262 4380 1423 4442 praecipuum
1441 4388 1493 4439 est,
1518 4383 1588 4447 quod
1605 4384 1634 4434 ia

271 4459 321 4502 tuo*
333 4450 461 4517 ingenioso
478 4448 521 4497 illo
539 4450 629 4512 scripto
649 4463 704 4499 cum
722 4448 842 4512 plerisque
861 4455 946 4499 tamen
963 4448 1019 4497 aliis
1038 4461 1117 4497 errore
1136 4449 1258 4497 communi
1276 4449 1398 4505 admittis,
1421 4464 1472 4501 uon
1490 4454 1583 4517 probo,
1604 4460 1632 4507 te
1673 4426 1677 4504 ,1

271 4522 412 4574 redituum
429 4519 554 4585 quandam
572 4521 669 4570 orbibus
687 4520 833 4570 coelestibus
851 4521 932 4569 inesse
951 4527 1074 4574 statuere.
1098 4521 1146 4581 quo
1169 4520 1204 4568 sic
1226 4517 1522 4586 promrim'copernioeis
1539 4526 1632 4593 imagi·
1665 4510 1677 4589 1

271 4594 412 4654 nationibus
429 4593 494 4641 viam
508 4597 598 4640 'eruas
621 4592 692 4655 eique
714 4591 812 4642 facilius
834 4592 981 4641 subscribas.
1018 4589 1141 4640 Meriones
1167 4586 1287 4640 coelestes
1310 4594 1481 4656 symmetriam
1503 4597 1634 4661 quandam
1664 4590 1677 4659 ,1

272 4661 414 4720 oberrare.
433 4669 467 4725 ¹et
487 4663 596 4713 mones
618 4663 732 4720 subesse.
758 4678 802 4713 cur
819 4663 887 4713 circa
903 4663 967 4712 haec
984 4660 1023 4713 vel
1042 4661 1094 4711 alis
1116 4667 1202 4711 centra
1226 4676 1243 4711 ι
1260 4663 1341 4717 Terris
1364 4663 1403 4715 vel
1421 4663 1479 4717 Sole
1498 4667 1633 4732 dispariter
1663 4662 1677 4704 1

271 4743 367 4788 remota
385 4734 568 4790 convolvuntur.
586 4749 636 4784 nou
653 4735 774 4806 nomm.
792 4733 837 4783 sed
854 4733 984 4785 harmonia
1002 4737 1029 4796 et
1046 4732 1231 4796 dispositionum
1249 4735 1366 4801 analogia
1383 4750 1414 4786 ex
1428 4739 1569 4801 posteriori,
1586 4739 1631 4791 uu
1665 4708 1677 4780 1

271 4813 353 4861 m
370 4813 397 4859 ti
420 4812 530 4860 mimi
554 4805 697 4857 01118110ὓῦ
720 4805 754 4856 vi
775 4806 893 4855 aramum
917 4803 1088 4864 confibulat,
1114 4816 1164 4853 nou
1188 4811 1272 4857 autam
1293 4820 1325 4858 ex
1341 4808 1430 4872 priori,
1455 4810 1494 4859 nei
1511 4810 1631 4864 gur*
1663 4786 1677 4934 ἔ
