3366 5482
652 236 814 291 nomm
1365 224 1410 314 ro

57 394 135 454 dicos
158 412 265 465 novos,
291 395 337 457 uti
360 413 411 457 eos
433 395 504 457 mibi
527 415 651 475 praeses
675 397 893 466 ordinariorum
917 400 982 479 (qui
1005 401 1034 462 in
1054 400 1242 466 dedicatione
1265 404 1409 468 nominati

57 485 137 553 sunt)
162 483 258 545 frater
283 484 363 546 illius
378 484 529 563 capitanei
547 484 651 547 itidem
670 504 725 566 pro
739 486 853 567 aliquot
867 490 1076 560 nativitatibus
1092 490 1168 551 donn
1183 490 1276 554 dedit.
1308 493 1408 557 Nolim

56 578 152 633 autem
175 580 307 645 metuas,
332 581 366 634 nt
386 573 484 634 minus
507 574 592 635 dives
616 592 673 654 ego
696 575 774 637 flam.
812 577 889 641 Nam
906 578 1074 657 hujusmodi
1088 577 1214 659 aucupia
1237 600 1306 642 rara
1328 593 1407 647 sunt.

56 657 212 736 Quamvis,
237 660 362 725 si'Deus
377 661 499 725 cuilibet
513 662 634 725 animali
652 663 735 728 dedit
753 665 953 728 iustrumenta
972 667 1053 729 vitae
1077 668 1307 746 conservandae,
1332 689 1408 753 quae

56 749 165 812 inuidia
189 759 249 823 est,
273 751 299 812 si
323 751 427 812 eodem
451 752 574 815 consilio
599 760 770 816 astronomo
793 755 930 835 adjungit
953 757 1185 836 astrologiam?
1204 757 1285 821 Illud
1306 759 1408 840 itaque

55 838 193 918 poculum
217 837 384 920 Schillingn
408 849 510 901 nostro
533 842 700 922 propinavi,
724 843 769 904 uti
785 832 858 905 ¹loco
882 855 933 907 tuo
957 847 1166 924 responderet,
1189 863 1353 930 precorque
1374 856 1408 911 nt

55 947 144 991 sanus
169 936 202 990 et
225 938 352 1009 vegetus
375 929 494 1010 etipse
517 932 710 1011 respondeas.

140 1015 208 1080 Sed
231 1019 270 1080 ad
294 1017 427 1081 libellum
450 1037 547 1081 meum
569 1021 668 1082 redeo.
715 1019 811 1084 Estne
834 1020 984 1084 sufficiens
1014 1023 1069 1084 hoc
1093 1042 1131 1084 ex
1153 1023 1328 1087 infelicitate
1350 1024 1406 1088 de·

55 1105 174 1168 ductum
189 1115 406 1187 argumentum,
432 1109 586 1170 materiam
603 1109 711 1188 falsam
727 1110 819 1172 esse?
836 1111 899 1178 ,An
919 1129 1033 1190 poenas
1058 1112 1105 1174 luo
1124 1111 1267 1190 jnrenilis
1282 1114 1406 1176 temeri-

56 1195 125 1257 tatis
148 1204 183 1258 et
205 1198 368 1258 affectatae
399 1198 548 1276 pompae?
594 1199 743 1279 Tychonis
773 1209 854 1260 certe
881 1200 1013 1262 rationes
1045 1220 1091 1262 me
1124 1201 1197 1264 nihil
1226 1211 1348 1264 movent
1373 1212 1407 1266 ut

56 1284 196 1347 dubitem.
235 1286 315 1347 Nam
337 1286 393 1347 etsi
418 1286 536 1348 vitiosis
560 1287 752 1356 abscessuum
775 1288 1016 1367 proportionibus
1041 1288 1238 1370 eCopernico
1262 1291 1407 1355 desumtis

56 1375 100 1446 (ut
132 1394 172 1436 ex
208 1374 274 1456 ipso
306 1375 458 1454 intelligo)
490 1376 753 1455 superaedificavi:
796 1377 900 1438 vitium
933 1386 1032 1440 tamen
1066 1379 1145 1441 inest
1175 1379 1405 1459 particularibus

56 1464 193 1540 mutibus,
219 1463 269 1543 qni
284 1462 423 1544 exiguam
437 1464 566 1526 inferunt
580 1465 767 1528 varietatem.
801 1465 936 1527 Veniant
958 1467 988 1528 in
1012 1469 1107 1530 lucem
1129 1467 1195 1548 ejus
1218 1468 1406 1533 narrationes
1472 1525 1479 1533 .

60 1553 223 1626 eoelestes3
251 1551 411 1633 videbitur.
456 1553 563 1615 Placet
585 1555 709 1634 optime,
734 1555 954 1635 deprehendere
977 1555 1076 1641 ipsum
1099 1557 1299 1633 observando,
1327 1559 1405 1638 qnod

60 1661 108 1722 ego
129 1641 342 1712 ratiocinando
365 1642 558 1722 collegeram,
592 1652 740 1724 praeter
767 1644 960 1706 circuitum
990 1646 1088 1706 circa
1115 1646 1262 1708 eundem
1285 1645 1405 1708 Solem

61 1730 145 1793 nihil
170 1732 251 1794 fere
279 1729 446 1809 pluribus
472 1732 635 1811 planetis
663 1752 842 1795 commune
869 1752 949 1794 esse
973 1733 1112 1796 debere.
1160 1735 1265 1815 ltaque
1288 1752 1403 1797 rursum

64 1819 171 1898 gestio:
204 1819 285 1882 Veni
310 1819 411 1900 Tycho
440 1828 472 1882 et
493 1820 553 1883 noli
577 1823 708 1884 tardare..
755 1821 910 1901 Deponam
933 1832 1035 1884 autem
1057 1823 1135 1903 apud
1158 1833 1188 1886 te
1212 1842 1308 1886 meam
1331 1840 1422 1901 spe-,

65 1909 247 1986 cnutonem,
271 1918 305 1971 ut
323 1908 419 1987 judex
442 1911 494 1983 sis,
518 1931 555 1971 an
580 1911 827 1980 conveniatcum
843 1911 995 1992 Tychone,
1017 1911 1042 1973 si
1065 1913 1091 1973 is
1113 1913 1249 1986 prodeat.
1285 1909 1404 1990 Jupiter

64 1998 142 2061 debet
165 1998 280 2061 habere
304 1998 541 2061 mediocritatem
565 2000 595 2062 in
620 2001 734 2062 duabus
751 2008 855 2072 motus
883 1999 1074 2079 particularis
1103 1999 1313 2082 qualitatibus,
1342 1997 1403 2062 Sa·

65 2096 156 2150 mrnns
180 2106 340 2149 excessum
362 2089 393 2149 in
416 2100 485 2163 nna,
510 2090 659 2151 defectum
682 2091 710 2152 in
735 2089 844 2164 altera,
868 2088 953 2150 Mars
977 2090 1115 2169 opposito
1138 2088 1225 2149 modo
1249 2106 1404 2151 excessum

67 2177 103 2238 rel
124 2177 280 2239 defectum
292 2195 302 2250 ;
325 2184 389 2239 tres
413 2176 579 2258 superiores
601 2178 714 2240 debent
736 2178 794 2240 alio
817 2177 847 2239 in
871 2196 979 2258 genere
999 2176 1153 2257 qualitatis
1168 2175 1291 2251 versari,
1316 2195 1404 2257 qnam

67 2265 110 2327 lun
131 2265 304 2330 inferiores.
350 2265 455 2328 Venus
479 2265 569 2329 debet
596 2267 624 2327 in
654 2268 715 2330 suis
742 2276 840 2329 motus
870 2267 1066 2347 qualitatibus
1094 2284 1161 2326 esso
1191 2265 1329 2344 opposita
1352 2266 1402 2328 nni

68 2353 214 2429 llercurio,
238 2364 274 2417 ut
287 2353 407 2434 Jupiter
420 2353 552 2417 Saturno
572 2365 603 2416 et
615 2356 708 2418 Marti
732 2356 828 2418 simul.
860 2353 929 2416 Jam
948 2373 1023 2433 quae
1046 2354 1083 2413 de
1106 2353 1298 2432 ampliatione
1321 2354 1403 2419 orbis

68 2445 140 2507 annui
161 2444 248 2518 dicit,
273 2453 391 2505 tantum
414 2443 511 2517 abest,
536 2453 570 2506 ut
591 2464 638 2506 me
663 2447 834 2508 absterreat
849 2464 867 2504 a
883 2442 1048 2522 Copernico
1072 2442 1134 2512 (vel
1150 2442 1242 2503 etiam
1256 2440 1309 2506 ab
1332 2461 1400 2506 cor-

68 2534 199 2609 poribus),
226 2541 262 2595 ut
280 2533 381 2612 potius
397 2552 450 2594 suo
465 2534 561 2613 ipsum
575 2534 743 2616 Tychonem
766 2533 866 2614 gladio
890 2531 977 2592 ferire
999 2529 1136 2592 mediter.
1170 2528 1268 2602 Quid?
1292 2551 1400 2613 ergone

70 2631 103 2683 tot
123 2622 306 2684 monstrosis
330 2622 459 2684 motibus
482 2632 549 2684 tnta
571 2624 665 2684 moles
688 2623 708 2687 5
726 2624 912 2703 planetarum
930 2638 989 2679 una
1006 2637 1070 2680 cum
1086 2616 1169 2695 Sole,
1191 2629 1293 2682 centro
1316 2621 1399 2702 ipso-

69 2729 134 2787 rum,
168 2710 324 2773 volvitur?
369 2709 490 2782 Quanto
519 2711 635 2774 facilins
663 2713 744 2773 credi
770 2718 872 2790 potest
895 2705 1078 2786 Oopemico,
1112 2709 1204 2770 solius
1236 2709 1266 2771 id
1290 2710 1399 2773 ‘ferras

66 2811 131 2862 uota
162 2800 249 2862 fieri:
284 2818 350 2860 cum
379 2800 471 2862 iidem
505 2801 639 2881 utrinqne
668 2801 727 2862 sint
755 2801 886 2862 effectus.
933 2794 994 2857 Sed
1018 2796 1086 2876 quid
1116 2798 1273 2875 egotibi?
1319 2796 1399 2870 Quid
1496 2819 1498 2822 ·

68 2884 209 2970 Treboni?
255 2887 386 2950 Dubium
410 2908 468 2951 non
500 2897 565 2964 est,
599 2890 668 2970 quin
696 2889 758 2970 ipse
791 2888 844 2949 hoc
874 2884 1041 2963 intelligat.
1080 2884 1200 2964 Ergone
1224 2886 1319 2948 solum
1342 2888 1397 2951 has

67 2977 184 3041 rationes
201 2962 308 3050 habet)
331 2964 405 3057 quas
421 2975 587 3057 Cupernico
602 2977 756 3057 opponat?
787 2978 835 3038 An
856 2973 955 3051 major
977 2973 1024 3034 his
1045 2974 1210 3037 rationibus
1228 2974 1275 3037 vis
1297 2976 1397 3053 inerit,

65 3066 102 3128 ubi
122 3068 152 3129 in
177 3067 381 3129 fundamentis
404 3068 467 3129 suis
491 3078 529 3135 et,
544 3068 723 3128 sufficienter
741 3062 1026 3127 considerabuntur?
1056 3063 1092 3124 Id
1106 3063 1207 3143 utique
1221 3063 1396 3129 videbimus.

65 3151 141 3218 Certe
165 3156 246 3238 quod
270 3156 358 3232 dicit,
383 3176 416 3219 se
439 3158 468 3218 in
493 3157 567 3219 meis
591 3156 685 3218 literis
708 3154 838 3225 rationes
862 3151 997 3225 dedisse,
1021 3151 1132 3214 nnllam
1155 3153 1270 3232 reperio
1293 3162 1402 3217 contra·

63 3254 160 3308 uotum
184 3245 313 3319 Terrae,
344 3263 432 3325 quarn
460 3245 626 3308 absolutam
654 3243 842 3323 negationem
871 3248 902 3301 et
929 3239 1035 3301 deiude
1062 3241 1218 3344 physicam
1240 3242 1395 3318 rationem,

64 3350 136 3411 quam
159 3343 194 3397 tu
218 3333 402 3397 sufficienter
424 3334 573 3397 refutasti.
609 3332 685 3393 Illud
709 3331 784 3391 forte
809 3329 867 3391 vim
887 3328 1016 3409 aliquam
1033 3329 1168 3393 obtinere
1186 3331 1293 3411 possit,
1319 3332 1397 3413 quod

64 3432 168 3487 ustam
192 3443 262 3485 asae
284 3421 395 3484 Martis
418 3422 668 3486 eccentricitatem
693 3417 896 3497 deprehendit.
944 3416 1001 3479 Cni
1023 3420 1133 3481 rationi
1161 3419 1219 3480 duo
1243 3419 1316 3482 baec
1339 3421 1395 3482 ob·

60 3510 125 3587 icio.
173 3511 310 3574 Primum
332 3520 451 3574 veteres
475 3509 726 3574 eccentricitatem
748 3507 857 3568 Martis
881 3525 916 3567 eo
940 3506 1027 3568 modo
1050 3508 1286 3588 investigarunt,
1311 3528 1397 3590 quem

61 3599 111 3678 ipse
132 3599 368 3664 insufficientem
391 3601 474 3663 dicit.
519 3598 644 3660 Dubites
667 3597 771 3676 igitur,
802 3614 840 3657 an
863 3595 967 3656 vitium
994 3595 1024 3656 in
1053 3597 1150 3659 veteri
1172 3597 1394 3661 eccentricitate

63 3688 143 3754 insit?
177 3689 297 3752 Deinde
313 3687 494 3770 Copernicus
512 3686 639 3765 sinopem,
663 3703 719 3746 non
743 3683 851 3763 ἀφηλια
876 3684 1068 3765 computavit,
1093 3685 1143 3747 ille
1164 3686 1292 3748 fortasse
1312 3705 1395 3748 com-

62 3780 167 3856 putabit
180 3778 304 3856 ἀφηλια.
337 3778 466 3840 Videtur
484 3778 560 3838 enim
579 3775 679 3853 vigore
698 3772 907 3855 hypothesium
929 3792 1050 3835 suarum
1072 3773 1127 3835 hoc
1152 3774 1250 3836 facere
1275 3774 1393 3837 debere.

10 3921 12 3932 .
63 3865 151 3932 Valde
172 3869 255 3930 enim
277 3867 435 3929 absurdum
457 3874 547 3939 esset,
571 3864 596 3924 si
619 3868 760 3940 punctum
783 3861 903 3943 aliquod
926 3863 955 3922 in
978 3862 1087 3926 vicinia
1110 3861 1190 3925 Solis
1212 3880 1267 3943 pro
1290 3872 1394 3926 centro
1422 3877 1424 3880 ’

10 4011 13 4022 ,
63 3952 285 4039 iplanetarum
309 3964 483 4019 assumeret.
529 3952 615 4015 Adde
639 3960 671 4011 et
693 3950 778 4021 illud,
803 3950 881 4031 quod
904 3960 1016 4014 certum
1040 3951 1157 4013 omnino
1180 3951 1235 4026 sit,
1260 3961 1394 4016 centrum
1536 3948 1546 3961 '

10 4080 14 4123 q
63 4040 210 4110 turbium
234 4045 294 4124 ipsi
322 4064 378 4107 non
398 4042 571 4125 ⁴aequaliter
599 4039 677 4100 circa
700 4040 823 4102 Terram
850 4040 906 4114 ire,
940 4058 1006 4102 cum
1034 4041 1193 4121 aliqnando
1221 4040 1395 4122 ampliorem

10 4187 15 4201 ,
63 4134 205 4212 periodum⁴
226 4135 327 4196 facere
350 4133 473 4206 debeat,
498 4128 655 4210 aliqnando
679 4130 890 4208 angustiorem.
936 4129 971 4191 Id
995 4130 1073 4191 enim
1095 4148 1217 4190 necesse
1241 4139 1290 4192 est
1311 4131 1394 4194 illum

10 4262 16 4303 ι
64 4232 181 4288 mttere
211 4223 253 4286 ad
276 4223 357 4284 illam
381 4219 575 4285 differentiam
606 4213 643 4278 l⁰
661 4213 717 4278 45‘
739 4216 769 4278 in
792 4218 1141 4297 Marteprodncendam.
1187 4220 1293 4299 Itaque
1315 4238 1392 4282 nou-

10 4363 12 4367 .
66 4309 119 4376 hu
137 4333 189 4378 me
218 4321 321 4375 movet
342 4311 415 4372 haec
438 4309 525 4372 ratio.
572 4307 606 4368 In
630 4306 834 4368 librationibns
862 4306 944 4387 globi
963 4307 1075 4369 Terrae
1096 4317 1128 4369 et
1150 4304 1266 4370 ratione
1288 4309 1393 4391 aequi-

10 4458 18 4479 ,
66 4402 215 4467 ιιιιιοιιιιιι
228 4398 426 4480 suspicionem
440 4397 558 4479 quidem
577 4395 650 4457 facit
672 4394 795 4474 alicujus
818 4396 1004 4472 incommodi,
1028 4396 1082 4458 sed
1096 4396 1168 4458 nihil
1188 4406 1290 4476 aperte
1309 4399 1391 4461 dicit.

10 4528 18 4569 Ι
67 4483 116 4570 lgn
135 4509 210 4556 vero
233 4508 293 4552 nou
316 4489 420 4550 terreri
443 4487 497 4548 sed
520 4486 619 4547 doceri
643 4485 720 4546 volo.
763 4484 1000 4548 Immensitatem
1022 4487 1118 4547 solam
1140 4485 1241 4563 habet,
1266 4505 1324 4566 qna
1345 4504 1392 4547 me

10 4635 20 4647 .
70 4594 111 4641 ιιι
128 4577 325 4644 mediocriter
346 4585 454 4640 movet.
502 4573 563 4636 Sed
586 4593 640 4636 nos
663 4573 771 4635 mundo
795 4574 913 4655 quidem
934 4573 1020 4655 parvi
1043 4593 1157 4650 snmus,
1181 4575 1305 4637 mundus
1326 4574 1392 4634 Deo

10 4714 14 4732 .
71 4682 113 4730 uu
130 4677 179 4732 cst
202 4685 341 4748 maguus.
377 4666 419 4729 Et
441 4673 510 4727 sunt
532 4663 663 4726 rationes
682 4662 893 4726 immensitatis
917 4662 1006 4724 illius.
1042 4662 1145 4725 Etiam
1167 4663 1196 4724 in
1218 4664 1273 4725 hoc
1295 4661 1391 4724 minus

10 4736 20 4827 ἶ
72 4770 164 4838 uquns
180 4755 312 4832 videtur,
337 4751 577 4839 qnodpostnlat:
602 4751 727 4816 eandem
744 4752 810 4816 dari
831 4750 1050 4832 proportionem
1073 4751 1252 4832 quiescentis
1274 4759 1307 4814 et
1325 4768 1391 4814 mo·
1437 4784 1440 4791 ·

108 4858 305 4914 mml-
887 4855 890 4863 ’
1164 4851 1181 4903 4
