3366 5482
317 979 319 983 >
391 955 935 1033 rususvnrssrruo
975 959 1241 1034 nomino

448 1137 499 1238 n.
531 1140 730 1240 PETRO
762 1139 906 1241 WOK
937 1141 1181 1242 vuemo.

259 1326 372 1386 Domus
396 1326 648 1406 Rosembergicae
674 1329 875 1392 Gubernatori
896 1340 953 1393 etc.
980 1332 1106 1391 Domino
1131 1351 1196 1391 meo
1220 1332 1367 1394 clement:

226 1485 385 1546 Praeclare
410 1484 516 1548 Cicero
541 1488 616 1550 libro
640 1490 734 1567 primo
759 1488 932 1551 Ofticinrnm
957 1499 1078 1550 monet:
1108 1510 1175 1552 esse
1199 1491 1300 1572 magni
1329 1491 1433 1566 animi,
1464 1502 1496 1553 et

142 1572 230 1634 inisse
254 1575 365 1636 multos
389 1575 482 1636 etiam
505 1577 534 1636 in
564 1579 628 1638 vita
656 1578 772 1653 otiosa,
805 1579 853 1658 qni
882 1588 933 1639 aut
966 1579 1199 1657 investigarent,
1233 1587 1287 1641 aut
1318 1589 1496 1642 conarentm·

142 1680 246 1741 magna
271 1664 427 1741 quaedam,
453 1684 578 1743 seseque
595 1687 723 1749 suamm
747 1687 844 1732 rerum
869 1668 974 1728 linibus
998 1668 1195 1728 continerent.
1243 1668 1341 1739 Quam
1370 1677 1494 1730 senten-

142 1751 209 1812 tiam
243 1751 430 1812 Reinholdus
464 1763 567 1815 noster
590 1756 782 1833 peculiariter
810 1756 848 1816 ad
872 1757 1075 1816 astronomiae
1100 1757 1229 1817 studium
1255 1758 1493 1832 accommodans,

142 1843 282 1912 bortatur,
308 1860 344 1901 ne
369 1842 513 1903 deterreri
537 1862 569 1904 se
595 1844 631 1904 ab
656 1845 702 1904 his
727 1845 833 1905 studiis
857 1853 942 1905 recta
965 1844 1084 1922 ingenia
1107 1845 1209 1907 sinant
1236 1846 1421 1908 indoctorum
1441 1847 1494 1925 jn-

142 1928 234 2001 diciis,
258 1929 308 2008 qni
331 1938 448 1991 tantum
473 1941 672 2010 quaestuosas
697 1942 778 1994 artes
798 1934 949 1995 mirentur.
996 1934 1076 1994 Nam
1100 1952 1167 1994 cum
1191 1935 1266 1996 haec
1291 1934 1352 1995 sint
1371 1935 1493 1997 virtutis

142 2018 254 2092 studia,
290 2019 497 2081 fortitudinem
530 2022 621 2082 etiam
651 2023 678 2083 in
713 2023 756 2083 eis
789 2023 921 2083 colendis
952 2021 1075 2101 requiri,
1110 2041 1185 2101 quae
1209 2023 1325 2084 animos
1350 2024 1493 2084 adversus

142 2107 247 2168 stultas
271 2108 353 2186 vulgi
382 2109 537 2187 opiniones
567 2111 705 2172 obfirmet
741 2119 773 2172 et
803 2131 947 2191 perversa
974 2111 1091 2189 judicia
1124 2119 1310 2185 contemnat,
1345 2112 1424 2191 quod
1456 2112 1493 2172 de

142 2204 261 2274 utraque
286 2197 470 2275 astrologiae
494 2208 581 2276 parte
606 2201 682 2260 dixit
706 2200 835 2278 optimus
861 2201 918 2273 vir,
952 2200 982 2261 id
1013 2200 1069 2259 hnc
1093 2208 1226 2278 tempore
1249 2200 1439 2278 potissimum
1463 2201 1493 2261 in

142 2285 235 2345 altera
254 2285 443 2363 judicatrice‚
470 2306 545 2364 qnae
570 2289 709 2368 physices
733 2308 803 2367 pars
829 2296 884 2362 est,
909 2288 980 2349 milri
1006 2289 1117 2348 dictum
1139 2308 1205 2350 esse
1220 2289 1333 2367 putavi.
1371 2288 1492 2349 Etenim

142 2372 184 2452 qni
207 2373 402 2452 prognostica
426 2376 514 2435 officii
539 2379 654 2437 ratione
679 2378 792 2450 scribit,
822 2378 896 2438 duas
919 2377 1108 2456 potissimum
1132 2378 1214 2455 vulgi
1236 2377 1391 2455 opiniones
1415 2378 1492 2437 inter

142 2480 168 2523 se
191 2463 360 2523 contrarias
385 2464 447 2523 alto
472 2464 569 2525 animo
594 2476 798 2540 contemnere,
827 2484 918 2545 seque
949 2473 1055 2526 contra
1083 2466 1156 2528 dnos
1181 2466 1301 2529 humilis
1326 2474 1357 2526 et
1380 2464 1491 2543 abjecti

142 2552 226 2612 mimi
247 2552 384 2615 affectus
417 2553 530 2614 munire
564 2554 670 2625 debet,
704 2555 900 2633 cupiditatem
932 2555 1046 2633 gloriae
1079 2563 1110 2616 et
1142 2563 1261 2616 metum.
1310 2552 1386 2615 Cum
1413 2554 1491 2615 eninr
1554 2597 1558 2604 ·

142 2660 247 2719 magna
271 2640 313 2701 sit
337 2641 419 2718 vulgi
442 2643 620 2716 curiositas,
649 2645 748 2705 animo
782 2643 986 2705 contaminato
1011 2651 1077 2716 est,
1112 2643 1161 2722 qui
1191 2643 1218 2702 iu
1252 2643 1333 2721 vulgi
1361 2642 1491 2720 gratiam

142 2739 166 2790 et
189 2738 313 2809 propter
335 2730 531 2792 vanissimam
554 2733 679 2809 gloriam
704 2734 751 2794 vel
776 2753 812 2794 ea
833 2733 1001 2815 profitetur,
1027 2750 1102 2809 quae
1128 2739 1235 2791 natura
1254 2750 1312 2791 non
1332 2739 1491 2803 monstrat,

142 2818 185 2880 vel
208 2820 301 2878 etiam
325 2827 451 2879 naturae
476 2822 606 2898 genuina
628 2821 771 2882 miracula
794 2822 944 2899 propalat,
969 2821 995 2880 si
1019 2839 1126 2880 causas
1145 2818 1299 2897 graviores
1319 2838 1377 2879 non
1392 2819 1492 2898 respi-

142 2907 185 2969 :is
233 2905 349 2969 Contra
381 2915 451 2968 snnt
483 2910 532 2988 qni
564 2919 677 2988 negant
706 2929 829 2990 gravem
851 2910 946 2969 virum
969 2916 1002 2969 et
1024 2907 1232 2986 philosophum
1256 2907 1380 2980 decere,
1405 2915 1439 2968 ut
1462 2908 1490 2968 in

142 2996 264 3057 materia
289 3004 335 3056 tot
358 2996 569 3074 nugacissimis
594 3007 626 3059 et
649 2999 820 3061 vanissimis
846 2995 1073 3058 ariolationibus
1097 2995 1258 3075 quotannis
1290 3004 1491 3072 conspurcatus
1585 3002 1592 3009 “

142 3086 246 3146 tramam
280 3084 391 3163 ingenii
423 3094 454 3146 et
486 3088 628 3148 honorem
653 3087 827 3149 eruditionis
851 3085 1034 3165 prostituat,
1059 3083 1324 3163 curiositatemque
1349 3084 1436 3163 vulgi
1459 3094 1491 3145 et

142 3173 366 3252 superstitiones
391 3173 581 3236 imbecillium
614 3176 799 3256 ingeniorum
834 3173 1062 3236 subministrato
1092 3173 1147 3234 hoc
1177 3173 1263 3251 quasi
1287 3172 1391 3233 fomite
1416 3173 1490 3235 alat.

142 3264 249 3323 Fateor
282 3263 357 3322 haec
391 3281 502 3341 magna
533 3264 792 3326 verisimilitudine
817 3263 921 3342 objici,
947 3271 978 3323 et
1000 3263 1109 3323 idonea
1133 3281 1212 3335 osse,
1234 3280 1309 3341 quae
1333 3261 1492 3322 honestum

142 3352 241 3425 virum,
267 3350 293 3411 si
318 3352 472 3429 graviores
495 3371 604 3415 causas
628 3374 685 3415 non
701 3355 823 3426 habeat,
849 3353 887 3412 ab
911 3352 967 3412 hoc
991 3369 1099 3430 genere
1124 3350 1295 3430 scriptionis
1311 3349 1491 3412 deterreant.

142 3440 180 3502 At
204 3440 300 3501 sicui
324 3439 457 3500 rationes
481 3440 611 3526 instituti
636 3443 681 3503 sui
705 3443 784 3503 tales
809 3448 980 3520 suppetant,
1007 3459 1082 3519 qnae
1106 3459 1159 3518 per
1182 3458 1249 3499 sese
1269 3437 1401 3498 cordatis
1421 3437 1494 3498 viris

142 3528 360 3609 approbentur:
393 3530 528 3606 prolecto
557 3550 615 3591 non
646 3539 749 3609 potest
773 3530 830 3591 nisi
855 3530 975 3590 timidus
1000 3528 1121 3601 haberi,
1151 3528 1200 3588 nbi
1225 3546 1256 3587 se
1281 3525 1387 3586 alienis
1411 3526 1493 3587 hisce

142 3627 169 3678 et
193 3617 382 3679 extrinsecus
416 3617 642 3680 advenientibus
676 3620 841 3680 obstaculis
866 3640 884 3679 a
907 3617 1060 3697 proposito
1085 3616 1229 3677 deterreri
1257 3633 1364 3694 passus
1394 3614 1493 3687 inerit,

142 3726 271 3769 rumores
295 3725 403 3767 curans
428 3714 459 3767 et
484 3707 590 3768 falsam
615 3717 751 3769 metuens
777 3708 940 3768 infamiam.
987 3706 1066 3768 Nam
1095 3705 1153 3765 etsi
1177 3723 1287 3781 magna
1310 3721 1380 3780 pars
1403 3721 1494 3782 prae-

142 3804 292 3876 reptomm
325 3794 354 3855 in
388 3796 445 3856 hac
474 3804 539 3856 arte
563 3797 698 3858 Arabum
730 3796 817 3875 nugis
842 3795 1039 3856 consumitur:
1070 3801 1103 3854 at
1130 3813 1189 3854 non
1213 3791 1280 3853 ideo
1304 3791 1434 3868 quaein
1458 3810 1496 3850 ea

142 3894 210 3946 sunt
243 3903 356 3944 arcana
388 3892 534 3957 naturae,
567 3887 615 3946 vel
648 3904 745 3965 nugae
775 3892 862 3958 sunt,
897 3885 944 3945 vel
972 3901 1039 3942 eum
1067 3882 1153 3960 ungis
1177 3880 1267 3958 abjici
1291 3879 1417 3954 debent;
1441 3879 1494 3940 sed

142 3992 275 4053 gemmae
300 3991 316 4033 e
341 3973 403 4034 luto
427 3973 634 4051 colligendae,
669 3974 763 4034 honor
790 3973 866 4046 Dei,
897 3970 1053 4052 proposita
1076 3978 1201 4032 naturae
1232 3967 1493 4046 contemplatione,

142 4062 353 4132 illustrandus,
377 4061 524 4123 invitandi
549 4064 685 4141 exemplo
710 4062 779 4135 alii,
804 4071 836 4122 et
859 4080 952 4139 opera
975 4060 1076 4120 danda
1098 4066 1165 4131 est,
1198 4064 1232 4118 ut
1259 4076 1334 4135 quae
1363 4057 1434 4118 olim
1457 4056 1496 4116 ad

142 4151 288 4230 insignem
312 4151 443 4229 aliquam
468 4151 587 4211 hnmani
611 4151 730 4231 generis
753 4150 919 4211 utilitatem
948 4148 1070 4209 servire
1084 4154 1218 4227 possent,
1244 4145 1323 4206 omni
1347 4153 1495 4214 conatus

142 4240 274 4302 tenebris
298 4239 485 4318 ignorantiae
509 4239 537 4300 in
559 4249 694 4319 apertum
717 4239 917 4318 proferantur.
964 4236 1011 4297 Ac
1034 4236 1092 4296 etsi
1116 4253 1188 4296 sane
1212 4252 1271 4294 non
1296 4233 1400 4295 statim
1428 4251 1495 4293 res-

142 4329 255 4408 pondet
279 4336 418 4402 eventus,
449 4345 617 4408 magnaque
645 4327 884 4407 praedictionum
911 4324 1092 4386 incertitudo
1126 4331 1174 4383 est
1207 4322 1235 4383 in
1267 4329 1315 4383 tot
1337 4338 1496 4383 causarum

142 4416 331 4481 confusione:
357 4416 550 4478 annitendum
575 4425 676 4478 tamen
701 4424 787 4477 tanto
812 4415 918 4493 magis,
943 4412 1063 4475 cumin
1088 4412 1151 4473 solo
1176 4411 1279 4472 labore
1295 4409 1390 4470 virtus
1405 4426 1495 4485 spec-

142 4513 231 4568 tetur.
280 4503 370 4575 ouon
393 4523 465 4566 vero
489 4506 575 4567 multi
598 4505 681 4567 hisce
705 4506 744 4566 ad
768 4502 975 4565 curiositatem
1000 4519 1084 4563 suam
1108 4500 1280 4570 abutuntur,
1300 4494 1495 4575 superstitio-

142 4613 252 4676 nesqne
276 4613 348 4655 snas
371 4593 563 4656 confirmant:
594 4594 626 4655 id
648 4593 740 4655 nilrilo
764 4592 861 4671 magis
884 4609 931 4652 me
955 4590 1124 4662 absterret,
1150 4605 1240 4666 quam
1267 4586 1376 4646 bonnm
1399 4584 1495 4662 impe-

142 4691 274 4746 ratorem
298 4683 347 4752 (nt
369 4682 598 4745 innumerabilia
622 4683 761 4761 exempla
784 4681 937 4761 omittam)
962 4679 1000 4740 ab
1024 4675 1247 4757 oppugnatione
1267 4672 1349 4735 urbis
1364 4672 1498 4733 deterret

142 4788 303 4853 pancorum
325 4771 452 4837 militnm
471 4772 615 4854 jactura,
638 4789 721 4851 qnos,
747 4771 773 4832 si
795 4777 910 4850 posset,
935 4767 1074 4849 equidem
1096 4775 1128 4828 et
1150 4765 1232 4847 ipsos
1257 4768 1395 4829 servatos
1414 4761 1498 4822 velit

1224 4864 1257 4916 27
1268 4868 1285 4900 θ
