3366 5482
665 238 783 308 myream·
798 236 1012 308 cosmographias

737 493 857 591 Caput
883 493 932 566 X.

508 653 565 715 De
587 654 710 732 origine
730 672 934 713 numcromm
955 651 1118 717 nobilium.
1135 662 1163 728 ⁸)

245 797 396 858 Infinitum
416 803 464 857 est
482 794 601 874 singula
619 793 768 875 persequi,
794 811 888 872 noque
913 793 976 854 sine
1002 795 1098 857 fructu
1123 797 1160 856 de
1184 796 1232 859 his
1258 801 1443 882 astrologus
1469 826 1537 867 am.

157 887 236 968 plins
260 885 386 964 cogitet.
426 884 594 945 Videamus
618 882 705 943 modo
725 888 964 942 astronomorum
979 883 1210 960 arithmeticam,
1238 908 1410 970 sacrosque
1432 913 1538 958 eorum

158 992 308 1046 numeros,
333 969 362 1034 6.
391 970 439 1034 12.
465 967 517 1034 60.
537 966 579 1045 ³⁹)
624 971 722 1050 Igitur
745 978 871 1049 excepto
896 970 1063 1049 quadrante
1088 982 1120 1034 et
1143 983 1296 1050 sextante,
1324 998 1369 1042 sc.
1401 979 1456 1058 15,
1488 980 1538 1056 10,

159 1082 261 1126 omnes
286 1060 474 1140 sexagenarii
498 1069 603 1139 partes
626 1058 807 1137 multiplices
831 1058 1019 1135 reperiuntur
1047 1060 1076 1120 in
1105 1061 1152 1122 his
1181 1064 1313 1145 quinque
1338 1071 1537 1149 corporibus,

161 1144 307 1213 Vicissim
330 1149 467 1228 exceptis
492 1147 610 1228 angulis
634 1147 731 1225 planis
755 1145 890 1207 octaedri
915 1154 946 1208 et
970 1147 1047 1222 cubi,
1073 1169 1197 1229 quornm
1213 1160 1341 1235 uterque
1361 1157 1464 1222 babet
1484 1158 1537 1236 24,

159 1250 262 1302 cetera
284 1238 395 1313 onmia,
421 1257 497 1318 quae
521 1241 729 1309 numerantur,
755 1243 825 1296 sunt
847 1253 918 1313 pars
943 1235 1101 1316 multiplex
1125 1243 1334 1320 sexagenarii,
1360 1253 1397 1306 ut
1422 1248 1538 1313 existi.

161 1347 253 1402 mem,
280 1326 332 1388 vix
359 1326 411 1388 ulli
439 1343 560 1386 numero
588 1342 678 1403 posse
707 1342 745 1397 ne
768 1344 787 1383 a
809 1323 982 1404 Pythagora
1005 1326 1125 1405 quidem
1149 1328 1242 1391 ullam
1265 1343 1332 1393 rem
1356 1339 1538 1401 naturalem

160 1415 319 1564 assignaqi,
345 1433 421 1495 quae
445 1413 489 1475 illi
512 1411 610 1491 magis
635 1410 676 1472 sit
698 1412 833 1492 propria,
857 1430 946 1490 quam
969 1412 1017 1474 hic
1041 1434 1181 1479 numerus
1206 1425 1257 1480 eet
1279 1418 1375 1484 dictis
1400 1425 1538 1509 quinque

159 1523 276 1585 corpora
298 1524 344 1566 us.

248 1590 333 1655 Unus
358 1599 406 1653 est
428 1589 537 1661 cubus,
566 1587 637 1649 Una
658 1585 806 1668 pyramis,
830 1588 930 1650 Unum
955 1588 1180 1666 deteratur-on,
1209 1592 1310 1658 Unum
1335 1597 1535 1682 icoeaedron,

160 1680 258 1746 Unum
283 1680 463 1754 octaedron,
488 1677 587 1739 Unum
611 1675 779 1737 solitarium
803 1675 866 1737 sine
892 1675 992 1738 simili.

249 1769 315 1830 Duo
349 1787 475 1849 corpora
508 1763 703 1836 secundaria;
737 1763 804 1825 Duo
836 1764 957 1827 ordines
989 1786 1168 1847 corpornm3
1201 1769 1282 1833 Bina
1314 1792 1442 1857 semper
1476 1781 1535 1846 sibi

160 1859 291 1933 similia3
315 1859 405 1942 Duae
427 1853 574 1936 ejusmodi
598 1852 818 1915 similitudines.

248 1947 324 2008 Tres
339 1945 442 2025 anguli
462 1943 577 2004 basium
592 1941 621 2002 in
636 1941 801 2022 pyramide,
820 1941 987 2017 icosatdro,
1004 1945 1157 2019 octaedro,
1179 1948 1251 2025 quia
1266 1949 1359 2012 bases
1376 1953 1533 2021 trilatera.

159 2036 232 2101 Tria
254 2035 398 2115 primaria
415 2048 557 2121 corpora.
604 2028 679 2091 'lres
703 2029 878 2108 angolomm
902 2030 1101 2095 differentiae.

250 2122 390 2194 Quatuor
413 2118 516 2197 anguli
540 2125 571 2176 et
594 2117 693 2178 latera
714 2115 796 2178 basis
821 2118 960 2180 incubo.
999 2119 1138 2192 Quatuor
1161 2124 1252 2187 solidi
1275 2130 1451 2209 pyramidis
1475 2156 1533 2197 an.

102 2243 105 2250 >
160 2213 247 2295 guli.x
282 2208 420 2281 Quatnor
444 2206 576 2286 ejusdem
601 2205 700 2267 bases.

251 2298 390 2378 Quinque
414 2313 550 2375 corpora.
598 2291 734 2374 Quinque
759 2293 860 2372 anguli
883 2303 915 2356 et
938 2296 1035 2358 latera
1059 2297 1086 2358 in
1111 2299 1178 2360 basi
1203 2300 1440 2370 dorecestriae.

251 2388 315 2449 Sex
338 2384 440 2465 anguli
465 2381 609 2446 octatdri.
648 2381 709 2445 Sex
733 2383 831 2444 latera
852 2383 1027 2466 pyramidis.
1066 2385 1128 2449 Sex
1151 2390 1243 2453 bases
1268 2393 1347 2455 cohi.
1397 2394 1532 2462 Pulcher

160 2495 331 2626 numilesio
354 2562 448 2623 bases
472 2557 616 2620 octatdri.
664 2555 743 2620 Octo
767 2559 869 2638 anguli
893 2560 971 2622 cnbi.
987 2559 1015 2635 n)

251 2651 419 2715 Duodecim
444 2650 534 2710 bases
557 2646 747 2710 dodecaedri.
786 2648 951 2711 Duodecim
976 2651 1074 2713 latera
1097 2655 1245 2717 octatdri.
1291 2660 1370 2720 Item
1393 2669 1428 2723 et
1452 2663 1528 2726 cubi.

164 2741 332 2808 Duodecim
356 2738 457 2818 anguli
481 2736 639 2799 icosaiidri.
685 2736 851 2800 Duodecim
873 2739 955 2818 plani
979 2741 1081 2819 anguli
1104 2743 1280 2822 pyramidis.

251 2830 332 2892 Ecce
356 2828 405 2889 hic
429 2846 567 2888 numerus
592 2825 620 2887 in
645 2827 781 2888 omnihus
805 2827 933 2906 quinque
957 2837 1015 2889 est.

252 2917 370 2999 Viginti
396 2917 487 2978 bases
511 2914 669 2976 icosnitdn'.
718 2915 834 2996 Viginti
860 2915 962 2993 anguli
986 2917 1179 2981 dodecaedri.

250 3007 370 3089 Viginti
395 3013 521 3085 quatuor
544 3004 645 3084 anguli
673 3004 755 3083 plani
785 3003 920 3066 octaedri
944 3013 976 3067 et
999 3006 1075 3070 cubi.
1123 3008 1182 3070 Hic
1206 3009 1324 3073 alienos
1348 3021 1398 3075 est
1422 3034 1528 3078 nurne-

161 3120 225 3174 rns,
251 3098 306 3161 sed
329 3116 384 3157 nec
407 3093 587 3174 praecipuae
610 3093 662 3166 rei,
688 3112 742 3155 nec
766 3093 808 3154 ita
833 3093 969 3155 alienus:
996 3103 1044 3157 est
1067 3095 1146 3158 enim
1169 3098 1217 3160 bis
1245 3096 1294 3174 12,
1320 3109 1369 3164 ter
1393 3099 1426 3176 8,
1452 3123 1528 3186 qua·

161 3195 208 3252 ter
233 3184 268 3263 6,
294 3185 344 3267 qui
368 3204 472 3246 omnes
495 3191 566 3244 sunt
589 3183 618 3243 io
643 3178 695 3244 60.
1164 3178 1169 3185 ’

252 3275 391 3355 Triginta
415 3274 513 3334 latera
536 3271 683 3334 icosatdri
708 3280 741 3332 et
763 3271 955 3334 dodecaedri.

252 3363 423 3444 Sexaginta
445 3363 527 3442 plani
553 3360 654 3440 anguli
678 3360 858 3421 dodecaedri
882 3368 914 3422 et
937 3360 1095 3425 icosaiidri.

251 3455 474 3532 Praetereaque
498 3451 570 3513 nihil
594 3457 777 3521 numeratur,
801 3448 858 3510 nisi
881 3466 1013 3511 sommae
1032 3449 1162 3513 omnium
1187 3452 1316 3515 laterum
1341 3462 1374 3515 et
1397 3458 1529 3537 angulo-

159 3564 227 3609 rom
250 3544 325 3606 inire
349 3541 486 3612 velimus,
510 3540 589 3621 quod
609 3539 734 3600 alienius
754 3546 812 3600 est.
842 3537 917 3598 'lum
940 3539 1118 3617 provenient
1142 3541 1243 3619 anguli
1268 3542 1529 3609 denominaotiom

160 3635 279 3698 basium
306 3630 355 3707 18,
382 3631 476 3692 facies
501 3627 554 3701 50,
579 3629 680 3708 anguli
703 3628 839 3701 totidem,
865 3628 964 3690 latera
977 3625 1029 3703 90,
1055 3630 1156 3709 anguli
1180 3630 1262 3710 plani
1290 3627 1365 3694 180.
1404 3634 1529 3699 Numeri

161 3722 284 3805 cognati
308 3739 420 3783 omnes.

629 3892 673 3956 m
697 3890 841 3985 eaeor,
858 3890 1056 3956 oucrmnm

687 4015 802 4067 NOTAE
820 4014 997 4068 autumus.

220 4130 252 4199 al
273 4135 312 4190 Ut
325 4147 411 4202 supra
427 4129 488 4199 jam
502 4128 604 4184 dictum
618 4132 670 4190 est,
686 4126 772 4181 omnis
787 4140 959 4180 numerorum
979 4125 1109 4180 nobilitas
1125 4120 1221 4197 (quam
1243 4128 1395 4200 praecipue
1410 4133 1527 4190 admira·

159 4224 205 4273 tur
226 4213 373 4285 theologia
395 4209 600 4282 Pythagorica,
624 4210 762 4279 rebusque
781 4206 879 4262 divinis
901 4203 1057 4277 comparat)
1079 4212 1123 4261 est
1150 4206 1277 4276 primitus
1302 4226 1340 4264 ex
1360 4216 1526 4284 geometfia

159 4298 227 4353 cnm
241 4311 306 4348 vero
321 4280 427 4348 multae
441 4290 498 4344 sint
511 4289 572 4358 ejus
586 4296 692 4361 partes,
707 4289 761 4343 hae
777 4288 884 4359 quidem
898 4287 1017 4358 quinque
1035 4289 1143 4358 figurae
1158 4286 1339 4351 aolidaa,non
1353 4301 1421 4348 sunt
1439 4295 1529 4365 prima

159 4394 211 4434 neo
233 4375 317 4429 unica
342 4388 428 4427 causa
451 4370 606 4426 nobilitatis
627 4368 710 4437 hujus
735 4371 782 4422 sed
805 4368 911 4430 accidit,
934 4369 1067 4422 utmulta
1087 4367 1247 4422 ineundam
1261 4385 1406 4428 numerum
1420 4375 1528 4446 conspi-

159 4464 230 4516 rent.
272 4454 364 4509 Prima
379 4452 449 4506 enim
465 4451 544 4521 origo
559 4450 720 4522 aptitudinis
738 4464 908 4503 numerorum
931 4456 974 4503 est
989 4466 1025 4502 ex
1039 4447 1135 4518 figuris
1155 4448 1246 4517 planis
1260 4452 1453 4521 regnrlaribua,
1477 4455 1527 4510 eir·

159 4540 223 4595 culo
238 4535 445 4605 inscriptilibuo,
462 4546 610 4603 eammqne
625 4530 822 4601 congnrentia;
845 4531 917 4582 unde
938 4535 1039 4598 postca
1059 4527 1165 4581 solidae
1180 4527 1313 4584 oriuntur.
1356 4533 1428 4588 Vide
1442 4535 1490 4590 lib.
1505 4536 1526 4590 L

159 4626 189 4676 et
210 4619 245 4674 lI.
268 4615 503 4672 Harmonioorum.
545 4615 587 4667 Ne
611 4629 677 4666 vero
692 4609 875 4673 oorriundaris,
904 4610 952 4663 ubi
973 4609 1091 4680 legeris,
1116 4609 1366 4666 demonstrationes
1398 4614 1525 4680 laterum,

160 4700 259 4773 quibus
272 4702 390 4755 utuntur
404 4697 521 4767 figurae,
545 4693 648 4747 areessi
672 4689 824 4747 anumeris
848 4691 1021 4761 angulorum,
1046 4688 1125 4759 quasi
1145 4689 1205 4741 ideo
1224 4705 1363 4754 numeras,
1388 4701 1422 4749 nt
1434 4711 1527 4749 annas

159 4796 234 4843 rans,
255 4779 330 4849 prior
345 4778 383 4834 sit
404 4784 433 4831 et
447 4774 565 4845 dignior.
605 4773 725 4836 Minime,
747 4789 801 4826 non
824 4771 895 4825 enim
915 4770 975 4826 ideo
990 4769 1174 4825 numerabiles
1197 4770 1267 4824 liunt
1287 4773 1386 4845 anguli
1409 4774 1526 4849 figurae,
