3366 5482
679 249 711 301 a·
727 249 801 302 eon
819 250 980 317 omiseras
1445 247 1509 316 297
1548 334 1552 341 .

148 417 213 461 stum
236 409 330 460 titillo
347 417 471 475 tempore,
496 413 567 474 cujus
585 411 727 460 meminisse
745 416 867 474 oporteat.
905 409 975 461 Deus
997 412 1023 461 in
1047 411 1154 460 futurum
1178 411 1235 461 lites
1259 416 1369 468 avertat,
1398 425 1510 475 quarum,

149 481 203 532 Deo
222 483 322 547 gratia,
341 481 411 531 nulla
428 497 455 532 se
473 481 554 531 adhuc
572 481 666 532 indicia
684 481 805 539 offerunt,
825 488 851 530 et
869 496 916 547 ego
934 494 992 532 mea
1009 482 1141 532 solitudine
1160 483 1247 531 studeo
1267 482 1406 538 declinare,
1426 496 1505 548 qnan-

149 560 201 604 m
219 567 340 687 goffia
357 629 385 672 tn
402 623 483 673 fronte
505 638 549 672 me
575 623 611 672 de
637 625 713 672 meis
743 623 865 672 amoribus
885 625 1021 677 examinas,
1041 571 1147 672 masne
1165 623 1238 673 verbo
1257 623 1357 686 quidem
1375 628 1509 673 tuorum

148 696 301 745 mentionem
319 689 421 745 lamas?
457 693 493 743 Το
513 696 579 743 euim
596 710 645 743 non
665 694 728 744 adeo
748 694 845 743 abillis
865 695 973 743 alienum
987 709 1050 750 esse,
1070 694 1146 758 probe
1163 696 1233 750 uori;
1254 709 1311 744 curn
1329 700 1355 743 et
1374 700 1509 759 antequam

149 765 314 816 modom
333 765 478 822 Gratiam,
503 766 631 829 dispositos
650 766 683 814 ibi
707 780 804 815 amores
822 764 948 822 habueris,
975 772 1000 813 et
1019 765 1100 828 prima
1118 772 1191 817 nocte
1211 766 1242 815 ab
1261 766 1308 814 illis
1326 765 1447 815 inritatus
1465 768 1510 817 sis.

149 836 198 890 ted
217 851 304 887 vereor
322 836 464 890 admodum.
483 852 516 886 ne
535 836 643 899 Cybelen
663 837 771 899 aliquam
789 851 832 900 pro
852 835 949 887 Venere
969 837 1048 886 ducas
1067 843 1093 885 et
1111 836 1171 886 mihi
1189 850 1260 886 socer
1277 837 1323 886 fias
1326 871 1446 885 .....

218 906 305 957 llatae
324 907 432 957 flirsarii
452 905 493 956 1².
514 904 582 968 (22.)
603 905 656 956 cal.
674 907 734 956 Julii
757 903 832 955 1595.

1006 978 1053 1026 Tui
1072 978 1256 1027 amantissimus
1274 979 1353 1028 trater

931 1047 967 1097 M.
987 1048 1038 1098 Ch.
1060 1049 1226 1113 Ortholph,
1253 1049 1410 1113 Praeceptor.

218 1193 300 1242 Aonis
318 1191 428 1255 proxime
447 1191 617 1254 sequentibus,
637 1197 772 1254 occupatus
792 1189 968 1240 conscribendo
987 1196 1013 1239 et
1031 1192 1126 1241 edendo
1144 1191 1292 1248 Prodromc,
1311 1192 1427 1241 detentus
1446 1194 1511 1242 curis

148 1263 313 1327 nuptialibus.
341 1276 379 1311 res
398 1262 559 1326 astrologicas
577 1262 718 1324 Keplerus,
744 1274 894 1327 quamquam
913 1276 999 1311 annua
1018 1262 1091 1313 edere
1110 1263 1230 1328 pergebat
1249 1261 1400 1312 calendaria
1418 1269 1446 1313 et
1464 1277 1508 1313 ua-

147 1336 258 1386 tutatos
283 1334 361 1384 erexit
384 1334 540 1397 petentibus,
569 1347 623 1382 raro
647 1348 691 1396 per
708 1332 794 1381 literas
820 1335 871 1397 egit
892 1347 948 1382 cum
967 1335 1059 1382 amicis.
1097 1335 1169 1384 Haec
1189 1341 1286 1389 auteur,
1310 1348 1374 1398 quae
1396 1333 1509 1394 diximus,

147 1407 261 1472 negotia,
287 1418 384 1468 semper
414 1419 470 1453 enm
502 1404 534 1452 ad
558 1403 612 1452 illas
637 1404 799 1461 reduxerunt,
827 1406 985 1468 animumque
1008 1408 1060 1467 ejus
1078 1405 1247 1455 intenderunt
1273 1405 1306 1455 ad
1334 1410 1512 1468 tempestatum

147 1478 300 1528 mutationes
327 1477 479 1538 vitarumqne
506 1477 616 1523 rationes
643 1476 740 1526 ramas.
769 1482 795 1523 et
821 1475 853 1523 ad
873 1477 1051 1539 comparandos
1070 1477 1192 1526 cumillis
1211 1477 1367 1540 planetarum
1386 1483 1510 1540 aspectus,

149 1554 176 1600 nt
193 1548 302 1611 deniqne
321 1547 454 1595 emendare
474 1553 606 1595 conaretur
625 1546 784 1609 astrologiam
804 1561 908 1611 eamque
927 1549 1004 1596 menti
1030 1563 1091 1597 snae
1118 1556 1144 1597 et
1163 1549 1253 1597 rationi
1272 1549 1352 1613 magis
1376 1554 1507 1598 cousenta-

148 1633 229 1675 ueam.
250 1633 297 1668 uec
316 1632 366 1666 non
385 1619 490 1682 negotiis
509 1617 558 1665 illis
577 1633 627 1667 uon
647 1617 769 1666 evitandis
788 1619 972 1667 concinniorem
990 1619 1101 1669 reddere.

217 1689 292 1739 Haec
309 1696 428 1753 spectans
447 1687 645 1753 Tubiugensibus
665 1689 750 1737 amicis
769 1703 844 1738 seusa
861 1704 908 1738 sua
927 1692 1039 1753 aperiens
1055 1692 1176 1753 judicium
1195 1705 1278 1740 eornm
1291 1690 1338 1738 sibi
1358 1690 1460 1752 expetiit
1477 1691 1504 1739 in

149 1761 186 1812 trs
210 1776 308 1826 quoque
336 1760 438 1816 studiis,
463 1761 528 1809 sicut
550 1761 575 1808 in
601 1761 655 1809 aliis
684 1767 857 1817 consueverat,
886 1776 942 1809 cum
960 1761 1132 1812 Hatenreffero
1161 1760 1228 1823 (ride
1246 1775 1321 1824 snpra
1343 1776 1367 1825 p.
1387 1758 1434 1821 ³7)
1460 1767 1512 1810 tum

149 1832 291 1883 Koestliuo.
328 1832 359 1881 Iu
377 1831 455 1880 literis
474 1832 572 1896 quidem
591 1832 623 1880 ad
641 1832 708 1882 hunc
728 1830 763 1893 (d.
785 1830 826 1879 15.
846 1831 922 1881 Mart.
943 1829 989 1894 98)
1009 1834 1076 1882 datis
1094 1833 1157 1883 haec
1175 1833 1294 1898 legimus:

237 1924 337 2001 Pergo
362 1921 401 1981 ad
425 1921 632 2000 astrologiam.
680 1923 722 1983 Et
745 1922 815 2003 quia
837 1922 984 2001 prolixum
1013 1923 1101 1984 nimis
1124 1931 1222 1995 esset,
1256 1922 1389 2005 rationes
1412 1921 1512 2001 expli-

150 2032 217 2074 care
242 2010 301 2072 mei
323 2010 471 2083 instituti,
503 2031 578 2091 quae
603 2012 722 2072 omniuo
746 2012 936 2072 necessariae
961 2013 1095 2085 fuerunt,
1125 2020 1248 2091 propter
1271 2018 1389 2072 vestros
1413 2010 1511 2071 bomi-

150 2122 215 2176 nes,
251 2099 334 2161 illam
358 2099 527 2180 opinionem
550 2108 634 2161 tuam
657 2101 793 2179 exemplo
817 2101 970 2174 refellam,
999 2102 1085 2180 quasi
1119 2110 1171 2168 aut
1194 2108 1291 2162 totam
1316 2100 1513 2179 astrologiam

150 2189 343 2263 traduxerim,
370 2196 423 2249 aut
446 2188 510 2249 siue
535 2189 678 2263 domibus,
706 2190 851 2264 terminis,
877 2190 1019 2264 faciebus,
1046 2189 1274 2269 triplicitatibus
1306 2190 1396 2267 (quas
1421 2188 1512 2250 etiam

150 2280 177 2341 in
200 2298 269 2339 meo
295 2278 395 2339 libello
419 2278 449 2338 in
474 2278 594 2339 dubium
619 2279 758 2353 vocavi),
788 2280 954 2358 praedictio
985 2281 1068 2340 nulla
1096 2279 1212 2340 institui
1235 2277 1344 2357 possit.
1392 2277 1515 2356 Loquor

151 2369 186 2428 de
210 2367 258 2428 his
283 2366 527 2445 triplicitatibus,
558 2387 634 2446 quae
659 2368 753 2446 signis
783 2367 826 2428 ita
855 2361 1046 2430 mensuratae
1075 2378 1158 2441 suut,
1191 2374 1225 2427 ut
1254 2366 1279 2426 si
1303 2367 1387 2427 Mars
1417 2367 1460 2427 sit
1480 2366 1511 2427 iu

150 2452 279 2520 29⁰59‘
298 2455 344 2532 Υ,
369 2456 410 2516 sit
433 2457 461 2516 iu
486 2476 542 2517 sua
565 2457 760 2536 triplicitate;
791 2464 822 2516 at
847 2458 872 2517 si
901 2457 929 2516 in
954 2452 994 2518 0⁰
1016 2458 1096 2533 1¹5,
1127 2457 1167 2517 sit
1198 2456 1228 2516 iu
1253 2455 1356 2515 erae
1380 2454 1512 2534 triplici-

150 2553 227 2617 tate,
258 2552 291 2606 et
314 2544 391 2605 alias
410 2543 489 2605 vires
514 2546 635 2607 habeat.
682 2546 749 2607 Non
776 2547 880 2624 loquor
903 2546 940 2607 de
964 2545 1263 2625 triangulationibus,
1297 2563 1363 2605 cum
1387 2544 1513 2624 singulis

150 2634 303 2696 aetatibus
326 2653 380 2714 per
402 2633 593 2712 planetamm
617 2635 802 2712 superiorum
817 2636 1042 2713 conjunctiones
1062 2644 1125 2697 tres
1140 2634 1216 2696 coeli
1231 2632 1369 2711 regiones
1385 2633 1511 2712 signan-

149 2731 216 2798 tur3
256 2723 374 2783 nonde
399 2722 552 2796 terminis,
578 2722 607 2783 in
632 2723 739 2802 quibus
763 2733 833 2784 sunt
856 2724 934 2784 fixae
958 2725 994 2786 de
1019 2734 1128 2785 natura
1151 2724 1354 2802 planetarum
1392 2741 1451 2782 uon
1476 2723 1512 2781 de

150 2813 301 2883 domibus,
326 2819 474 2890 quatenus
498 2830 557 2872 una
580 2813 640 2873 alia
664 2813 765 2873 estin
789 2812 913 2873 zodiaco
939 2814 1042 2887 altior,
1078 2821 1131 2874 aut
1155 2819 1302 2892 quatenus
1328 2810 1381 2871 Sol
1404 2810 1435 2871 in
1460 2810 1513 2871 illa

150 2901 285 2962 existens
314 2899 391 2961 alias
420 2908 621 2979 tempestates
650 2902 710 2962 ciet
738 2901 853 2962 ratione
884 2903 963 2962 anui.
1012 2900 1073 2962 Cur
1102 2903 1179 2961 euim
1215 2896 1233 2961 5
1263 2900 1404 2977 planetae
1438 2899 1513 2960 fines

149 2990 320 3070 partiantur
348 2988 518 3067 signorum,
553 2991 676 3051 excluso
701 2988 772 3050 Sole
805 2999 836 3051 et
860 2991 965 3051 Luna?
1010 2992 1090 3053 Nam
1120 2979 1306 3065 liae'nugae
1331 2987 1512 3047 manifestae

150 3088 238 3140 suut:
278 3076 428 3139 Saturnus
453 3085 484 3138 et
508 3076 561 3138 Sol
586 3078 729 3139 contrarii
754 3079 901 3158 qualitate
925 3080 1048 3147 caloris,
1079 3076 1250 3138 contrariae
1274 3076 1512 3153 igiturexalta-

151 3167 247 3228 tiones
272 3167 301 3227 iu
325 3165 361 3242 Υ
384 3173 417 3227 et
435 3176 498 3239 ἐξ
521 3165 641 3244 Jupiter
665 3174 695 3228 et
710 3168 794 3227 Mars
818 3168 847 3227 in
872 3166 994 3228 humore
1018 3166 1160 3228 contrarii
1185 3164 1415 3245 quodammodo,
1439 3182 1511 3242 ergo

152 3255 200 3316 ille
223 3255 252 3315 iu
279 3269 327 3325 a),
357 3254 405 3315 hic
429 3255 457 3314 iu
482 3260 515 3330 ᾖ
540 3257 703 3316 exaltatur.
752 3255 804 3316 Sic
828 3256 934 3316 Venus
959 3265 990 3317 et
1013 3256 1180 3316 Mercurius
1214 3253 1351 3314 diversae
1375 3261 1512 3325 naturae,

153 3362 221 3423 ergo
246 3345 300 3404 illa
323 3343 352 3402 iu
376 3350 420 3417 lt,
453 3344 553 3404 hicio
579 3356 612 3430 cp
635 3344 803 3417 exaltatur;
838 3345 924 3405 Luna
948 3365 1018 3406 vero
1042 3346 1071 3406 in
1098 3346 1124 3419 ὅ
1149 3343 1314 3416 exaltatur,
1345 3342 1415 3422 quia
1438 3359 1513 3403 cou-

151 3433 245 3493 traria
260 3432 369 3506 Marti,
394 3433 479 3511 cujus
503 3434 608 3493 domus
632 3441 680 3493 est
703 3433 731 3493 in
751 3445 795 3510 tlt.
843 3433 885 3494 Et
909 3435 974 3513 quis
990 3433 1055 3494 Deo
1079 3433 1208 3501 creatori
1233 3431 1339 3493 tribuit
1357 3430 1440 3491 illam
1464 3429 1512 3491 iu-

152 3522 327 3582 concinnam
351 3520 527 3582 divisionem
556 3520 593 3582 12
618 3522 647 3582 iu
672 3522 714 3583 7?
761 3522 841 3582 Sane
866 3523 985 3584 videtur
1014 3523 1226 3603 antiquissima
1250 3540 1332 3593 esse,
1364 3538 1431 3581 cum
1455 3520 1512 3579 ed·

154 3608 219 3682 huc,
244 3617 277 3671 ut
301 3618 349 3671 est
372 3611 450 3689 apud
475 3610 683 3685 Aristotelem,
710 3609 762 3671 Sol
785 3619 943 3690 putaretur
966 3613 1045 3672 iufra
1071 3613 1136 3689 co.
1183 3612 1267 3671 Tunc
1290 3609 1369 3670 euim
1393 3615 1514 3669 constat

154 3699 228 3758 ratio
252 3698 376 3759 ordinis.
421 3697 538 3760 Sedet
562 3699 672 3760 domini
694 3698 918 3778 triangulorum,
944 3709 978 3762 nt
994 3702 1082 3774 nosti,
1109 3700 1240 3760 indidem
1259 3705 1338 3758 sunt.
1379 3696 1514 3756 Valeant

155 3784 210 3845 hac
231 3806 339 3866 nugae,
366 3787 419 3847 sed
445 3787 534 3847 alium
560 3788 587 3848 iu
604 3789 721 3848 modum
746 3788 869 3849 valeant
884 3791 988 3862 realia,
1015 3788 1071 3850 hoc
1087 3798 1143 3861 est,
1169 3787 1261 3867 probe
1277 3785 1511 3847 considerentur.

157 3873 212 3933 Illa
232 3876 311 3938 enim
333 3883 401 3936 tota
424 3875 502 3936 ratio
526 3877 654 3937 conficta
677 3886 725 3937 est
758 3877 795 3936 ad
821 3879 1004 3939 reddendam
1028 3887 1186 3938 eventuum
1210 3875 1406 3946 varietatem,
1441 3892 1513 3952 per-

159 3961 222 4022 inde
250 3984 285 4025 ac
319 3965 345 4024 si
377 3973 429 4024 aut
462 3983 518 4024 uon
550 3974 635 4025 esset
665 3965 781 4026 infinita
813 3967 946 4028 varietas
979 3968 1008 4027 in
1037 3967 1236 4044 permixtione
1260 3973 1437 4042 aspectuum
1462 3971 1515 4024 aut

156 4053 247 4113 omnis
270 4061 432 4114 eventuum
455 4053 668 4134 qualiscunque
693 4054 827 4115 varietas
851 4075 889 4115 ex
913 4057 996 4117 coelo
1021 4057 1070 4127 sit,
1098 4056 1127 4116 id
1143 4055 1221 4134 quod
1241 4061 1322 4114 recte
1338 4070 1405 4113 cum
1424 4052 1514 4113 theo·

158 4136 229 4214 logis
251 4142 402 4221 impugno.
451 4140 573 4220 Optime.
604 4152 797 4221 praeceptor,
832 4165 869 4205 an
894 4164 951 4205 nou
983 4152 1065 4205 recte
1091 4163 1164 4222 ago,
1197 4144 1223 4203 si
1247 4161 1369 4222 operam
1394 4142 1447 4216 do,
1481 4148 1516 4204 ut

160 4222 251 4293 doctis
274 4240 306 4291 et
328 4230 517 4310 pbilosophis
542 4231 633 4292 etiam
662 4232 866 4310 operationem
891 4235 967 4295 coeli
991 4234 1190 4312 persuadeam
1210 4228 1407 4293 distinctam?
1445 4231 1514 4310 Ago

156 4309 254 4394 itique
277 4319 480 4399 utJesuitae:
506 4321 555 4398 qui
579 4321 675 4381 multa
690 4322 860 4392 emendant,
885 4330 918 4383 ut
936 4322 1069 4383 homines
1090 4321 1258 4382 catholicos
1283 4321 1407 4384 faciant.
1451 4320 1514 4380 Iuro

153 4413 212 4461 ¹¹⁰⁰
234 4409 278 4470 ita
302 4426 373 4488 ago,
408 4408 550 4488 namqui
582 4428 684 4469 omnes
714 4428 810 4487 nugas
840 4412 1018 4484 detendunt,
1052 4418 1122 4470 sunt
1145 4410 1272 4471 Jesuitis
1297 4409 1425 4475 similes,
1458 4425 1514 4486 ego

149 4499 220 4553 ⁸⁰³1
243 4496 436 4559 Lutherauus
460 4498 649 4577 astrologus,
680 4498 727 4578 qui
758 4499 844 4578 nugis
870 4500 997 4578 abjectis
1026 4499 1141 4560 retineo
1164 4499 1310 4560 nucleum.
1359 4496 1421 4558 Sed
1445 4513 1514 4556 ecce

146 4583 352 4647 ⁰⁰¹1tautum
377 4586 516 4647 volebam
541 4585 651 4647 dicere.
700 4587 748 4647 Ad
773 4589 942 4666 exemplum
965 4587 1068 4668 itaque
1094 4587 1190 4648 venio.
1234 4587 1334 4648 Natus
1358 4583 1413 4645 tihi
1438 4583 1515 4644 filius

142 4667 197 4717 “t
226 4676 384 4753 Augustus
414 4670 461 4736 13.
476 4673 547 4736 Jau.
578 4673 625 4735 St.
651 4675 690 4735 V.
715 4675 780 4736 hor.
805 4675 836 4738 5.
862 4672 915 4738 24‘
944 4684 1014 4738 ante
1039 4696 1077 4738 ur.
1132 4675 1232 4737 Natus
1260 4672 1331 4763 milri
1360 4679 1409 4733 cst
1436 4670 1515 4733 tilius
