3366 5482
648 251 782 317 Mustio
801 254 915 305 ditionis
931 255 1025 318 [derb.
1078 300 1083 309 „
1475 251 1518 323 99

161 426 262 486 pagos,
290 409 414 487 oppida,
437 409 617 487 provincias,
643 430 737 490 regna
760 414 798 472 ad
822 413 902 484 orbis
926 412 1081 493 imperium
1097 415 1277 484 ascertderit
1303 415 1403 476 omnia
1424 415 1518 496 probe

160 498 369 574 perspexerit;
393 516 498 585 neque,
523 505 558 559 ut
580 508 651 560 sunt
674 499 813 575 humana,
839 501 996 581 quicquam
1020 503 1103 562 ulllhl
1127 503 1275 580 repererit
1294 504 1426 575 beatum,
1450 503 1518 565 diu·

162 592 287 657 turnum,
314 595 346 646 et
371 586 441 659 tale,
467 604 524 664 quo
548 587 625 648 finiri
649 596 681 647 et
704 588 835 648 saturari
859 597 951 668 queat
973 590 1039 668 elus
1063 592 1226 669 appetitus.
1261 591 1345 652 Tunc
1368 591 1446 653 enim
1469 591 1518 653 in-

161 672 249 751 cipiet
272 674 401 737 meliora
424 693 577 754 quaerere,
602 683 671 749 tunc
693 677 822 741 aTerra
844 677 900 741 hue
924 677 953 740 in
977 679 1093 745 ceolum
1117 679 1270 751 ascendet
1295 681 1519 751 supernitatum

162 761 272 829 fessum
296 763 376 824 curis
400 762 538 827 inanibus
562 763 600 827 ad
623 763 701 825 hano
724 765 855 844 quietem
878 766 1057 840 transferet,
1083 774 1154 829 tunc
1178 766 1279 829 dicet:

479 868 575 923 Felices
593 870 702 926 animas.
722 870 808 934 qnlhns
826 869 890 919 haec
909 884 1058 936 cognoscere
1075 872 1179 934 primam

532 937 612 1003 lnqua
629 940 714 989 domos
732 954 834 1003 superna
852 941 973 992 eamdem
991 955 1052 991 cusa
1069 942 1126 997 tuit,
1164 938 1264 1003 (Luat.)

162 1042 249 1102 quare
275 1034 467 1087 contemnere
490 1025 624 1106 incipiet,
648 1047 725 1109 quae
749 1028 819 1088 olim
841 1030 1108 1108 praestantissima
1131 1030 1256 1105 censuit,
1282 1030 1348 1090 sola
1369 1029 1443 1090 haec
1461 1029 1518 1108 Dei

162 1131 251 1192 opera
265 1115 368 1194 magni
383 1115 485 1185 faciet,
510 1123 600 1194 atque
615 1135 728 1175 rueram
744 1125 776 1176 et
795 1116 944 1178 sinceram
957 1118 1080 1177 tandem
1099 1118 1287 1196 voluptatem
1311 1136 1349 1181 ex
1373 1117 1418 1178 his
1442 1135 1517 1178 oon·

163 1202 406 1283 templationibus
434 1202 545 1281 capiet.
594 1202 797 1265 contemnant
829 1203 921 1283 igitur
953 1205 1028 1266 haec
1056 1213 1089 1266 et
1117 1205 1286 1285 hujusmodi
1313 1205 1517 1285 meletemats,

162 1290 326 1373 quicunque
360 1298 618 1372 quantumcunque
651 1291 772 1367 volent,
807 1301 1010 1372 quaerantque
1042 1292 1098 1354 sibi
1131 1293 1318 1379 undiquaque
1351 1295 1518 1387 commoda,
1571 1300 1576 1306 ’

162 1378 292 1453 divitias,
317 1378 497 1440 thesauros:
522 1378 702 1445 astronomis
725 1378 841 1441 isthaec
865 1380 963 1459 gloria
986 1381 1126 1455 sufficiat,
1151 1381 1229 1462 quod
1253 1382 1440 1462 philosophie
1462 1401 1520 1463 sqq
1619 1404 1624 1412 ’

162 1466 306 1539 scribunt,
336 1485 396 1537 non
419 1466 543 1543 rabulis,
567 1467 698 1546 regibus,
722 1484 780 1529 nou
803 1468 987 1545 pastoribus.
1034 1469 1180 1533 Praedico
1204 1468 1371 1551 intrepide,
1401 1471 1518 1547 iuturus

163 1562 259 1615 tamen
275 1554 403 1633 aliquos,
419 1555 477 1633 ,qui
500 1575 573 1621 suae
594 1555 652 1618 sibi
671 1556 836 1622 senectutis
856 1556 924 1619 hinc
940 1567 1114 1637 comparent
1128 1557 1283 1630 solatium
1307 1558 1517 1637 ratosnenpe,

163 1642 206 1720 qui
229 1642 331 1722 quoad
353 1643 551 1721 magistratus
574 1651 748 1724 gesserunt,
777 1643 822 1704 ita
843 1662 877 1704 se
900 1653 1074 1724 gessomnt,
1103 1652 1137 1706 ut
1160 1645 1246 1706 liberi
1269 1645 1418 1707 morsibus
1439 1664 1517 1721 sons

162 1730 301 1792 scientiae
325 1731 443 1792 habiles
466 1750 535 1792 esse
558 1732 676 1810 possint
700 1731 833 1795 fruendis
856 1732 939 1793 hisce
964 1733 1089 1795 deliciis.

243 1817 369 1880 Existet
383 1819 489 1880 itemm
506 1818 661 1883 Carolus
685 1820 802 1899 aliquis,
819 1822 847 1900 ·)
871 1820 930 1900 qui,
954 1839 1021 1882 oum
1036 1822 1165 1899 Europa,
1191 1821 1289 1899 quoad
1311 1817 1515 1900 imperaverit,

163 1924 214 1967 non
238 1916 410 1987 caperetur,
435 1907 533 1968 lessus
556 1908 699 1987 imperiis,
725 1908 835 1986 exigua
848 1907 880 1970 S.
896 1908 979 1970 Justi
994 1910 1102 1971 cellula
1126 1909 1282 1988 capiatur:
1308 1909 1413 1989 cuique
1434 1909 1515 1970 iuter

163 2003 204 2056 tot
226 1996 412 2077 spectacula,
437 1996 551 2070 titulos,
577 1996 759 2075 triumphos,
783 2004 831 2058 tot
854 1996 992 2071 divitias,
1018 1998 1120 2071 urbm,
1145 2016 1252 2079 regna,
1277 1997 1365 2077 unica
1388 1995 1514 2062 Turris-

163 2084 223 2145 uica
253 2084 302 2144 vel
327 2085 392 2164 jam
416 2081 831 2166 Ooperuioopythagcraea‘)
855 2086 985 2165 sphaera
1007 2086 1178 2165 planetaria
1201 2093 1359 2169 tantopere
1406 2085 1515 2169 laceat,

163 2181 190 2232 ιι
210 2172 315 2234 orbem
340 2180 487 2233 terramm
511 2192 576 2234 cum
599 2193 638 2234 ea
661 2181 831 2248 commutet,
857 2174 1014 2255 digitoque
1032 2173 1168 2248 circulos,
1195 2192 1282 2252 quam
1305 2193 1365 2259 pop
1415 2240 1418 2246 ,
1456 2171 1515 2251 ime

164 2261 248 2338 peris
272 2278 380 2339 regere
404 2261 502 2323 malit.

243 2349 314 2413 Non
339 2349 414 2411 haec
437 2367 472 2410 eo
497 2349 579 2424 dico,
603 2349 660 2412 viri
684 2348 875 2428 amplissimi,
899 2357 933 2411 ut
955 2367 1065 2415 novum
1087 2350 1277 2429 paradoxon,
1307 2367 1397 2416 renos
1420 2349 1515 2427 distin

164 2437 259 2512 pulos,
285 2437 317 2497 in
340 2457 461 2499 scenam
483 2456 538 2498 seu
560 2437 590 2497 in
614 2437 736 2499 scholas
759 2438 942 2518 producam:
972 2437 1026 2498 sed
1055 2447 1089 2499 nt
1117 2445 1263 2517 appareat
1286 2438 1436 2517 quodnam
1458 2456 1516 2518 gae

164 2527 277 2586 minum
302 2534 421 2606 tempus
446 2527 487 2587 sit
509 2543 638 2587 messem
662 2525 700 2587 de
724 2526 771 2588 his
794 2526 904 2587 studiis
923 2526 1094 2604 colligendi.
1133 2526 1195 2588 Cur
1219 2526 1297 2587 enlm
1320 2526 1357 2586 de
1381 2534 1515 2588 semente

164 2612 298 2675 iacienda
321 2614 411 2675 aliter
435 2632 490 2693 ego
515 2614 654 2687 sentiam,
681 2623 770 2695 atque
794 2613 850 2675 viri
872 2613 1097 2694 pmdentissimi
1121 2616 1159 2675 de
1183 2622 1288 2675 vestra
1311 2631 1441 2675 corona:
1466 2614 1516 2694 qul

163 2700 228 2763 haec
244 2701 349 2764 studia
362 2702 442 2765 inter
459 2703 622 2785 praecipua
646 2710 834 2776 censuerunt,
860 2721 936 2783 quae
955 2702 1137 2783 juvenilibus
1162 2701 1331 2763 nobilitatis
1355 2702 1462 2773 animis
1486 2702 1516 2762 in

163 2798 258 2851 vesca
299 2791 406 2851 schola
442 2801 687 2870 proponerentur.
743 2789 795 2852 Sic
833 2791 912 2852 enim
951 2790 1142 2865 existimant,
1184 2809 1280 2871 neque
1314 2791 1414 2875 aptius
1447 2809 1514 2869 esse

163 2895 248 2957 genus
283 2878 435 2941 hominum
462 2879 500 2940 ad
537 2879 665 2941 colenda
697 2879 884 2943 mathemata
915 2877 1089 2950 nobilitate,
1128 2887 1160 2939 ut
1189 2877 1296 2958 quihus
1324 2888 1407 2955 artes
1436 2878 1515 2959 aliae

164 2966 194 3029 ad
216 2967 332 3028 victum
356 2966 588 3047 comparandum
612 2986 670 3029 non
694 2968 739 3037 ita
765 2967 971 3051 necessariae,
1001 2986 1055 3029 nec
1084 2967 1202 3049 aptiora
1229 2964 1380 3042 nohilitati
1412 2966 1515 3049 studia

162 3055 387 3130 mathematicis,
411 3063 588 3136 propterea,
613 3056 691 3135 quod
715 3056 834 3127 occulta
857 3065 889 3118 et
911 3055 1035 3131 mirifica
1058 3054 1187 3134 quadam
1211 3053 1357 3130 facultate
1379 3053 1515 3134 pollaqpt.

162 3158 225 3219 prae
250 3143 373 3217 ceteris,
398 3145 514 3207 feroces
538 3143 653 3207 animos
677 3145 716 3207 ad
739 3145 957 3211 humanitatem
981 3142 1231 3224 adque-sobrium
1251 3160 1350 3219 rernm
1373 3149 1515 3211 terradas

163 3249 216 3293 rum
239 3239 426 3294 contemtum
448 3232 635 3296 instituendi.
673 3231 734 3302 Qui
757 3233 872 3293 fructas
891 3233 952 3293 etsi
971 3232 1149 3295 difficultate
1173 3239 1205 3292 et
1227 3230 1390 3293 insolentia
1411 3237 1512 3293 mater

162 3319 205 3380 risi
224 3321 389 3399 juvenibus
412 3320 598 3395 obscuratur,
623 3321 745 3383 senibus
764 3328 875 3394 tamen,
900 3321 944 3382 uti
959 3322 1046 3382 modo
1062 3321 1184 3394 dictum,
1208 3337 1262 3380 suo
1283 3328 1418 3398 tempore
1443 3336 1511 3385 aceo

163 3409 313 3484 patefacit.

240 3499 344 3577 Atque
368 3496 443 3557 haec
466 3516 522 3577 ego
545 3496 692 3558 hactenus
720 3516 787 3558 oum
810 3497 847 3557 de
871 3497 1080 3574 praesentibus
1108 3496 1253 3575 pagellis,
1283 3502 1346 3556 tum
1371 3494 1407 3555 de
1432 3493 1512 3556 omni

164 3585 349 3660 astronomia,
374 3585 414 3647 ad
434 3603 489 3645 vos
513 3585 714 3647 astronomiae
738 3594 771 3647 et
792 3580 969 3646 literaturae
994 3585 1087 3647 totius
1102 3591 1263 3669 amatores,
1289 3583 1356 3664 Viri
1371 3582 1510 3675 Amplis-

165 3672 239 3750 simi3
267 3682 303 3736 nt
334 3674 399 3754 ejus
423 3692 477 3734 vos
501 3673 695 3745 admoneam,
727 3673 805 3755 quod
833 3673 949 3752 pridem
977 3674 1109 3748 tepetis:
1143 3691 1238 3753 neque
1262 3672 1335 3745 nulli
1360 3671 1422 3738 usui
1448 3671 1510 3752 lore

166 3760 217 3836 hoc,
243 3763 322 3842 qnod
337 3761 458 3834 humilis
477 3762 569 3825 offero
593 3771 626 3824 et
648 3762 763 3839 dedico,
789 3762 972 3840 opusculum,
997 3761 1092 3837 vobis,
1117 3761 1167 3841 qui
1182 3779 1252 3829 ,vere
1266 3759 1415 3843 generosi,
1440 3776 1509 3830 vers

166 3851 268 3915 nobiles
292 3850 388 3914 estis:
421 3849 502 3911 etsi
525 3870 615 3931 quam
638 3851 756 3915 laudem
782 3856 912 3913 meretur
935 3850 1084 3924 inventio,
1114 3849 1197 3915 illam
1228 3864 1338 3926 maine
1361 3867 1399 3922 θι
1420 3857 1510 3931 parte

169 3938 268 4001 advos
291 3939 454 4020 pertinere,
477 3939 529 4017 qui
551 3947 657 4003 vestra
678 3939 862 4001 liberalitato
881 3947 1041 4018 vestroque
1064 3937 1215 4017 stipendio
1239 3934 1311 4002 mihi
1331 3935 1510 4001 occasiones

170 4032 193 4084 et
208 4029 299 4090 odom
321 4027 397 4088 haec
420 4026 465 4087 its
492 4027 712 4106 commentandi
740 4027 867 4087 facistis.
915 4026 1054 4105 Accipite
1079 4025 1187 4103 igitur,
1220 4023 1288 4084 Viri
1310 4022 1509 4102 septimini,

172 4110 212 4175 heo
239 4115 318 4195 grati
350 4115 444 4176 animi
476 4116 661 4195 symbolum,
695 4133 800 4194 meque
832 4115 975 4175 humilem
1005 4114 1145 4178 clientem
1168 4113 1198 4174 in
1221 4119 1355 4173 vestram
1376 4110 1510 4191 gratiam

174 4204 315 4282 suscipite3
339 4211 373 4264 et
395 4203 522 4282 denique
547 4204 715 4264 assuescite
738 4202 818 4263 inter
842 4204 996 4273 Atlantes,
1020 4202 1162 4274 Perseos,
1187 4198 1332 4274 Orioues,
1358 4198 1509 4262 Caesares

175 4285 342 4367 Alphonsos,
377 4290 594 4371 Rhodolphos,
633 4301 809 4370 ceterosque
842 4289 1043 4351 astronomiae
1076 4296 1263 4367 promotores
1278 4295 1306 4361 Ι)
1343 4287 1506 4350 accenseri.

177 4370 272 4444 Valete.
319 4379 424 4443 Idibus
448 4379 543 4458 Maji:
568 4379 619 4462 qui
641 4380 705 4441 dies
730 4386 800 4439 ante
823 4398 933 4440 annum
957 4377 1073 4439 initium
1096 4378 1153 4439 luit
1175 4377 1262 4460 hujus
1284 4376 1410 4455 laboris.

363 4468 454 4547 Amp.
477 4466 518 4528 V.
1323 4492 1336 4499 ·

469 4552 601 4628 Humilis
624 4552 654 4614 in
678 4553 783 4616 schola
805 4561 910 4619 vestra
934 4553 1103 4623 Graetiaua
1123 4550 1356 4628 mathematicus

1092 4640 1141 4715 Μ.
1161 4639 1305 4717 donno
1321 4632 1485 4718 Kome

1192 4725 1406 4879 miqqnune
