3366 5482
737 297 824 341 matra
842 290 940 342 Ursum.
974 341 977 344 Α
1450 295 1525 367 243·

152 445 191 505 ad
214 455 408 526 astronomos
432 447 590 526 Eudoxum
613 455 645 508 et
668 447 828 528 Calippum
852 469 907 511 nos
931 451 1094 530 ablegavit,
1120 460 1152 513 et
1174 454 1310 533 quamvis
1334 456 1364 516 in
1389 456 1515 536 quibus-

153 535 222 594 dam
248 534 465 596 dissentientes
489 536 616 610 videret,
644 546 787 616 utrosque
811 537 905 599 voluit
928 538 966 600 ob
980 539 1156 602 adhibitam
1175 543 1362 621 diligentiam
1386 538 1516 609 etcom'-

153 622 337 684 munientem
361 634 494 685 motuum
519 625 687 687 doctrinam
711 627 898 687 venerandos
923 634 954 688 et
977 628 1132 702 amandos,
1157 630 1337 692 audiendum
1360 652 1441 708 vero,
1466 636 1516 716 qni

152 730 240 791 qnam
266 711 436 775 rectissime
460 732 522 774 rem
546 714 714 793 expediret.
760 715 861 776 Aliter
885 735 958 795 ergo
987 718 1083 778 sensit
1106 717 1291 780 Aristotelea
1320 720 1515 785 devotorum

153 801 270 863 illorum
293 809 532 864 astronomorum
557 803 679 883 (quibus
704 805 753 885 qui
777 804 872 864 secuti
897 815 968 866 sunt
995 824 1052 867 non
1077 807 1271 886 ignobiliores
1302 808 1401 883 fuere)
1425 812 1513 873 labo-

152 890 234 951 ribus
259 899 291 950 et
315 891 557 968 praeclarissimo
581 893 751 971 proposito,
777 912 867 972 quam
890 894 997 956 Ursus.

240 976 360 1048 Quarto
384 980 502 1041 ridetur
527 989 703 1059 argumento
727 1000 860 1060 pugnare
884 1001 937 1061 pro
958 1003 1012 1043 sna
1027 983 1191 1055 sententia,
1217 1002 1274 1045 non
1296 1003 1363 1046 esse
1380 1005 1512 1057 neeesse,

152 1077 186 1129 nt
207 1087 301 1129 verae
326 1069 388 1128 sint
412 1071 632 1131 astronomicae
657 1071 857 1151 hypotheses;
887 1090 956 1132 narn
981 1072 1172 1133 crassissima
1201 1072 1231 1134 in
1256 1073 1393 1135 omnibus
1417 1077 1514 1139 adhue

153 1156 371 1239 hypothesibus
395 1158 528 1219 absurda
553 1160 693 1220 residere.
743 1160 856 1220 Verum
884 1161 930 1234 id,
967 1161 1044 1239 quod
1068 1169 1116 1222 εει
1145 1161 1294 1240 ignotum,
1328 1164 1439 1243 probat
1460 1184 1517 1244 per,

152 1247 232 1308 aliud
260 1247 525 1325 longeincertius.
574 1250 686 1310 Verum
710 1248 829 1327 quidem
854 1257 910 1322 est,
936 1248 962 1309 si
985 1250 1146 1311 absurdum
1170 1259 1203 1311 et
1218 1251 1327 1313 falsum
1351 1252 1382 1313 id
1396 1254 1512 1316 censeri

153 1335 261 1407 dehet,
288 1336 366 1414 qnod
390 1337 439 1396 uni
458 1337 546 1398 alieni
570 1338 720 1398 hominnm
744 1336 844 1398 coetui
869 1338 930 1398 tale
955 1339 1086 1412 videtur,
1113 1338 1185 1400 nihil
1209 1341 1267 1401 erit
1290 1338 1319 1400 in
1344 1349 1411 1402 tota
1432 1343 1512 1423 phy-

152 1424 290 1502 siologia,
317 1425 395 1503 qnod
420 1444 477 1485 non
502 1444 554 1505 pro
578 1426 767 1487 crassissimo
791 1426 922 1486 absurdo
946 1426 1051 1487 haberi
1076 1427 1174 1489 dehet.
1223 1428 1336 1489 Variae
1360 1438 1431 1490 sunt
1454 1430 1511 1492 ho-

152 1513 262 1574 minnm
292 1514 480 1589 sententiae,
514 1515 587 1576 varii
617 1524 724 1594 eaptus
755 1515 950 1593 ingeniorum.
1003 1516 1071 1578 Non
1101 1516 1230 1577 credidit
1253 1517 1415 1579 absurdum
1443 1539 1512 1580 esse

154 1599 349 1681 Copernicus,
374 1609 408 1662 nt
431 1603 527 1664 Terra
550 1614 717 1673 moveatur,
740 1603 865 1664 fixarum
889 1613 978 1670 tanta
1000 1605 1041 1664 sit
1064 1604 1260 1666 immensitas.
1308 1606 1377 1668 Non
1403 1608 1512 1670 existi·

153 1701 216 1753 mat
239 1691 402 1752 absurdum
426 1691 539 1772 Tyeho,
564 1701 597 1753 nt
620 1693 759 1771 planetae
784 1691 886 1753 Solem
911 1693 1050 1754 mobilem
1079 1712 1132 1755 cen
1156 1701 1291 1754 centrum
1316 1714 1410 1771 sunm,
1435 1715 1512 1777 quo·

153 1799 268 1860 cunque
292 1780 322 1841 id
347 1781 472 1856 secedit,
505 1792 670 1860 sequantur
694 1802 747 1842 nec
772 1791 873 1842 tamen
898 1801 968 1842 suos
994 1789 1091 1842 motus
1121 1783 1272 1845 deserant.
1310 1781 1390 1853 ¹Qua
1418 1785 1454 1847 de
1479 1805 1511 1848 re

153 1870 219 1930 ride
244 1869 480 1946 disputationem
504 1871 689 1931 Rothmanni
714 1889 779 1931 cum
801 1871 942 1950 Tyehone
967 1871 994 1932 in
1020 1871 1158 1949 epistolis
1182 1873 1402 1933 astronomicis.
1442 1875 1510 1935 Non

153 1968 201 2020 est
234 1959 368 2019 absurda
397 1959 589 2020 Ptolemaieis
622 1959 853 2020 inaestimabilis
888 1960 941 2020 illa
973 1960 1069 2021 ultimi
1102 1959 1178 2021 coeli
1207 1961 1381 2038 pernicitas.
1433 1962 1512 2024 Sunt

152 2048 226 2109 haee
261 2054 294 2107 ut
328 2068 346 2107 a
380 2047 517 2109 sensibus
552 2049 594 2109 ita
624 2057 656 2108 et
684 2069 703 2108 a
731 2057 822 2125 captu
854 2046 1038 2127 ingeniorum
1071 2056 1240 2109 nostrorum
1269 2050 1443 2125 remotiora,
1479 2060 1512 2114 et

153 2137 245 2198 variis
277 2136 471 2215 disputantur
499 2137 695 2216 argumentis.
743 2139 844 2216 Atque
873 2137 947 2197 haee
977 2136 1030 2198 illa
1057 2146 1127 2198 sunt
1154 2138 1344 2199 crassissima
1368 2140 1509 2213 absurda,

152 2248 228 2308 quae
253 2227 373 2306 quidem
398 2225 484 2287 simul
508 2246 579 2287 vera
603 2246 671 2286 esse
695 2234 860 2304 nequeunt,
891 2245 948 2305 qno
973 2227 1021 2299 lit,
1053 2237 1085 2287 ut
1109 2245 1202 2305 neque
1232 2227 1300 2305 plus
1328 2247 1388 2289 una
1411 2229 1508 2310 hypo-

152 2318 282 2378 thesium
308 2316 404 2375 sorma
428 2335 500 2376 vera
523 2335 590 2376 esse
614 2315 722 2394 possit.
771 2313 851 2383 Quid
875 2325 977 2376 autem
1005 2333 1042 2374 ex
1066 2316 1112 2376 his
1135 2333 1237 2376 verum
1261 2317 1316 2390 sit,
1350 2317 1420 2397 qnid
1449 2318 1509 2378 fal-

151 2425 225 2478 sum,
251 2423 346 2484 penes
369 2423 440 2465 vere
464 2405 673 2483 philosophum
697 2412 746 2464 est
768 2404 938 2465 decernere.
987 2402 1109 2465 Certum
1135 2413 1236 2464 tamen
1256 2414 1312 2479 est,
1338 2425 1394 2466 non
1410 2407 1512 2467 omnia

150 2514 228 2568 esse,
254 2503 289 2554 ut
313 2493 391 2554 Urso
415 2493 564 2568 videntur,
590 2512 691 2554 crasse
716 2492 857 2553 absurda.
904 2492 980 2553 Mihi
1006 2512 1079 2553 sane
1103 2493 1177 2553 nibil
1202 2494 1311 2554 falsum
1327 2491 1511 2572 Copernicus

150 2583 266 2645 dixisse
291 2582 426 2644 videtur:
452 2583 588 2661 quodque
612 2583 687 2641 meis
710 2599 763 2661 pro
789 2579 954 2660 Copernico
979 2581 1075 2643 defuit
1098 2583 1295 2660 argumentis,
1321 2583 1351 2644 id
1375 2583 1509 2646 admira-

150 2673 202 2734 bili
227 2673 356 2732 solertia
379 2672 610 2751 experiundique
631 2670 778 2732 industria
797 2672 955 2750 supplesse
972 2671 1090 2732 videtur
1106 2670 1313 2733 Gilbertus
1334 2670 1508 2734 Guiliel-
1562 2700 1567 2705 ·

150 2781 227 2825 rnus
251 2762 395 2839 Anglns
419 2762 447 2821 in
472 2780 503 2821 re
527 2760 709 2838 magnetica.

239 2849 355 2921 Quinto
380 2851 523 2930 desperat
546 2869 634 2910 veras
659 2848 841 2929 hypotheses
870 2847 899 2907 in
924 2847 1125 2916 astronomia,
1159 2847 1394 2927 Pyrrhoniorum
1427 2870 1510 2913 more

148 2941 250 3002 omnia
274 2941 390 3000 ineerta
415 2939 539 3000 faciens.
584 2938 662 2998 Esse
688 2937 833 3018 quosdam
857 2936 953 2997 adhuc
982 2955 1094 2996 naevos
1125 2937 1216 2996 etiam
1246 2936 1274 2995 in
1298 2937 1410 3015 optime
1432 2931 1508 2999 eon-

147 3029 258 3091 stituta
282 3029 470 3089 astronomia
492 3035 710 3107 proptereaque
736 3036 767 3087 et
789 3026 819 3086 in
845 3024 1070 3105 hypothesibus,
1097 3042 1183 3084 nemo
1208 3033 1315 3104 negat:
1350 3034 1382 3086 et
1405 3026 1506 3101 idest,

148 3138 200 3181 cur
232 3118 396 3179 hodiedum
432 3118 461 3178 in
492 3116 682 3178 restitutione
712 3123 870 3193 tantopere
903 3106 1081 3173 laboretur(
1118 3110 1261 3174 Ceterum
1289 3113 1406 3175 incerta
1435 3133 1507 3193 pro-

148 3217 255 3289 pterea
279 3207 382 3268 omnia
403 3225 441 3267 ue
464 3207 531 3285 quis
554 3206 646 3266 dieat.
686 3205 805 3264 lnvenit
829 3202 1029 3264 astronomiae
1050 3220 1141 3283 opera
1155 3202 1357 3276 Ptolemaeus,
1382 3203 1508 3266 fixarum

149 3298 310 3378 sphaeram
336 3315 403 3357 esse
428 3296 623 3368 altissimam,
648 3294 732 3374 sequi
752 3293 854 3353 ordine
879 3291 1055 3365 Saturnum,
1079 3291 1206 3365 Jovem,
1231 3291 1381 3367 Martem,
1406 3290 1509 3355 Solem

148 3387 193 3448 his
217 3386 403 3457 inferiorem,
428 3385 545 3446 Lunam
569 3384 710 3444 infimam.
757 3383 842 3442 Haec
866 3391 948 3440 certe
972 3399 1045 3440 vera
1068 3389 1139 3441 sunt
1161 3389 1193 3441 et
1212 3381 1324 3442 formae
1340 3383 1508 3443 mundanae

148 3493 292 3538 consona
340 3476 424 3536 ldom
454 3492 612 3539 ascensum
637 3480 668 3532 et
691 3473 868 3532 descensum
893 3470 997 3530 Lunae
1027 3469 1114 3530 nimis
1143 3488 1284 3549 magnum
1316 3488 1507 3549 praesuppo-

148 3564 217 3627 suit.
263 3563 314 3625 Ex
338 3565 394 3625 hae
408 3561 567 3642 hypothesi
592 3561 700 3621 falsum
724 3558 756 3620 et
779 3559 816 3620 ab
831 3558 988 3639 apparenti
1003 3557 1109 3619 Lunae
1127 3558 1332 3638 magnitudine
1357 3558 1508 3621 dissidens

149 3654 216 3734 quid
240 3652 327 3732 sequi
350 3652 609 3731 Regiomontanns
634 3660 665 3710 et
689 3648 873 3727 Copernicus
897 3648 1167 3726 deprehenderunt.
1214 3648 1363 3708 Dixerunt
1390 3647 1502 3726 itaque,

149 3742 263 3805 Lunam
288 3762 347 3803 non
372 3749 475 3802 tantos
500 3740 599 3801 faeere
624 3740 720 3799 saltus
753 3739 780 3798 in
804 3738 900 3798 altum
923 3745 955 3797 et
982 3736 1169 3815 profundum.
1217 3737 1258 3796 Et
1286 3735 1351 3814 quis
1376 3737 1505 3805 dubitat,

149 3833 215 3910 quin
238 3832 297 3893 hoe
321 3849 429 3892 revera
451 3829 494 3890 sic
520 3829 549 3889 in
572 3828 656 3889 coelo
680 3848 713 3888 se
743 3825 878 3887 habeat?
924 3825 970 3884 De
998 3826 1189 3903 proportione
1210 3825 1334 3897 Terrae,
1369 3823 1450 3886 Solis
1474 3835 1507 3888 et

149 3920 249 3983 Lunae
273 3919 305 3982 ἐν
326 3922 444 3991 alumi,
476 3918 542 3997 quis
567 3935 678 3996 quaeso
703 3916 822 3994 estqui
848 3914 978 3987 dubitet,
1005 3913 1062 3974 nisi
1085 3913 1317 3974 melancholicus
1342 3912 1450 3993 aliquis
1474 3923 1507 3976 et

150 4008 414 4090 desperabundus?
461 4010 509 4069 Ita
531 4006 620 4068 hodie
644 4024 731 4066 neruo
755 4023 843 4085 porro
867 4013 916 4065 est
945 4003 993 4082 qni
1018 4002 1149 4074 dubitet,
1185 4002 1268 4081 quin,
1299 4003 1379 4080 quod
1402 4012 1451 4064 est
1474 4004 1505 4064 in

150 4098 297 4181 Tyehonis
325 4107 358 4158 et
387 4095 545 4175 Coperniei
574 4094 791 4175 hypothesibus
824 4110 992 4166 commune,
1027 4090 1078 4152 Sol
1111 4109 1215 4169 nempe
1246 4100 1381 4151 centrum
1406 4101 1506 4154 motus

149 4184 166 4249 5
186 4189 394 4268 planetarum,
419 4186 449 4247 id
472 4204 578 4246 revera
601 4185 644 4244 sic
668 4203 700 4244 se
725 4183 839 4243 habeat
860 4182 890 4243 in
914 4182 979 4259 ipso
1004 4180 1103 4253 coelo,
1138 4180 1196 4260 etsi
1219 4179 1337 4241 interim
1361 4181 1398 4241 de
1421 4189 1504 4243 motu

149 4278 191 4339 vel
209 4278 313 4357 quiete
338 4274 420 4337 Solis
443 4275 513 4335 hine
536 4273 605 4334 inde
629 4273 791 4334 dubitetur.
839 4271 927 4331 Talia
941 4269 1036 4330 multa
1051 4275 1122 4329 sunt
1140 4267 1283 4329 beneficio
1302 4271 1517 4333 astronomiae·

149 4363 291 4429 hactenus
319 4365 350 4425 in
381 4363 508 4444 physica
535 4362 664 4423 scientia
687 4359 867 4434 constituta,
899 4378 975 4438 quae
1006 4357 1093 4418 fidem
1117 4357 1147 4418 in
1175 4367 1330 4436 posterum
1353 4367 1505 4421 merentur
1611 4427 1621 4441 ,

149 4464 175 4516 et
196 4474 306 4518 revera
330 4453 374 4514 sic
398 4444 578 4525 eishabent,
604 4460 637 4512 ut
660 4451 731 4512 Ursi
755 4450 926 4528 desperatio
951 4448 1015 4508 sine
1039 4466 1132 4508 causa
1156 4446 1206 4507 sit.

232 4544 331 4606 Sexto
354 4542 499 4622 plurimas
523 4541 569 4601 ait
590 4539 800 4621 hypothesium
821 4538 932 4598 formas
956 4536 1084 4613 confingi
1112 4554 1211 4614 posse.
1258 4535 1345 4595 Adeo
1370 4535 1436 4598 leve
1460 4534 1504 4617 illi

148 4635 299 4714 negotium
324 4640 373 4693 est
404 4630 610 4713 hypotheseon
640 4628 826 4691 constitutio.
873 4629 919 4688 At
948 4645 984 4685 ea
1011 4626 1101 4704 plena
1129 4623 1241 4686 laboris
1273 4630 1322 4683 est
1351 4631 1382 4685 et
1413 4642 1502 4686 curae

147 4737 294 4794 manae,
328 4722 408 4800 quod
432 4720 539 4781 testari
563 4727 720 4797 poterunt,
746 4717 796 4796 qui
820 4734 886 4777 eam
911 4715 1118 4793 degustamnt
1164 4709 1352 4774 Praesidium
1383 4712 1503 4793 quidem

147 4807 240 4877 hahet
258 4812 336 4884 baec
359 4808 515 4873 sententia
535 4808 710 4885 nonnullum
733 4808 762 4869 in
788 4824 833 4874 eo,
858 4805 937 4885 quod
952 4804 1049 4867 Ursus
1067 4801 1183 4864 nonnisi
1207 4799 1329 4884 fictitias
1353 4820 1421 4889 esse
1439 4803 1507 4869 vult

1227 4903 1288 4960 lt*
