3366 5482
737 244 821 309 capu
839 242 944 295 m-v.
1186 184 1189 189 ι
1463 242 1524 311 129

158 403 237 464 intra
261 404 346 465 orbis
370 404 493 466 Terreni
518 405 674 467 ambitum.
720 408 822 485 Atque
847 405 890 466 sic
915 404 1060 466 habemus
1084 406 1182 467 obiter
1206 425 1340 478 oausam,
1364 426 1416 468 cur
1439 416 1527 469 extra

159 492 284 553 Terram
310 501 374 554 tres
397 501 575 554 moveantur
598 495 750 573 planetae,
775 495 856 555 intra
875 495 947 554 duo:
975 512 1050 573 quae
1074 496 1100 555 si
1124 495 1221 555 minus
1245 495 1348 556 lectori
1371 496 1525 573 probatur,

159 579 282 659 cogitet,
309 580 501 643 honorarium
525 583 581 642 lroc
605 601 684 656 esse,
709 602 767 643 non
782 583 986 663 praecipuum.
1021 584 1102 645 Nam
1121 583 1180 642 etsi
1201 584 1383 644 nesciremus
1403 603 1526 647 causam

159 669 194 728 ob
218 689 311 749 qnam
335 688 427 748 supra
451 671 574 732 Terram
598 672 661 742 (vel
684 670 787 732 Solem
807 671 989 742 Ptolemaei)
1014 681 1078 732 tres
1103 673 1181 732 irent
1204 673 1322 745 stellae,
1348 681 1449 733 tamen
1473 693 1525 733 se-

160 759 282 837 quentia
298 767 416 820 starent
431 777 497 820 cum
516 760 777 838 praecedentibus,
804 762 874 839 quia
894 759 979 821 nobis
1000 761 1035 821 de
1062 779 1093 820 re
1118 768 1250 821 constat.
1287 761 1351 821 Nec
1370 762 1527 841 qnisquam

162 865 290 926 unquam
315 847 476 920 dubitavit,
503 847 572 927 quin
596 845 701 924 libid
726 849 896 927 superiores
921 847 991 911 sint.
1027 849 1158 909 Tantum
1174 849 1247 909 illud
1263 857 1432 910 teneamus:
1461 869 1526 911 cunr

162 949 221 996 tres
248 935 277 996 in
305 933 473 1015 Copemico
497 937 637 1015 planetae
662 939 724 997 sint
747 956 839 1015 supra
863 939 1002 1012 Terram,
1033 946 1170 1016 oportere
1200 957 1254 998 nos
1279 938 1413 998 ordinem
1437 939 1528 998 trium

161 1024 369 1102 primariorum
392 1043 548 1103 corporum
573 1026 693 1094 cubum,
724 1026 895 1105 pyramide,
928 1024 1137 1088 dodeoaedron
1162 1033 1249 1086 extra
1273 1027 1374 1087 orbem
1398 1026 1528 1088 Telluris

163 1113 329 1182 collocare,
364 1115 539 1174 octaedrum
563 1134 634 1175 voro
659 1124 691 1175 et
713 1115 891 1177 icosaddron
924 1113 1023 1190 intra,
1059 1117 1084 1176 si
1114 1116 1245 1194 palmam
1274 1115 1302 1174 in
1327 1116 1383 1176 hoc
1407 1115 1527 1194 negotio

162 1201 286 1263 velimus
311 1202 459 1263 obtinere.

756 1307 836 1316 -—--
844 1302 941 1318 -a—An

751 1433 872 1532 Caput
899 1433 943 1505 V.

287 1589 384 1667 Quod
406 1591 502 1651 cubus
522 1590 663 1670 primum
686 1610 867 1673 corporum,
891 1599 922 1654 et
943 1594 1026 1654 iuter
1048 1590 1222 1655 altissimos
1239 1591 1398 1674 planetae.

249 1731 420 1793 Veniamus
444 1732 532 1792 modo
557 1732 595 1794 ad
620 1731 762 1811 primaria
787 1733 855 1807 tria,
881 1753 994 1811 suaque
1010 1734 1136 1811 singulis
1156 1733 1258 1812 spatia
1276 1733 1452 1795 tribuamus.
1486 1731 1529 1793 Et

167 1818 258 1880 cubus
284 1820 404 1900 quidem
428 1822 465 1881 ad
491 1822 566 1881 lixas
591 1821 830 1901 appropinquare
855 1821 966 1895 debuit,
994 1822 1178 1901 primamque
1192 1824 1425 1902 proportionem,
1452 1839 1528 1900 quae

168 1909 242 1969 inter
259 1907 425 1970 Saturnum
440 1919 472 1970 et
485 1908 593 1970 Jovem
612 1920 669 1982 est,
695 1911 899 1971 constituere:
925 1911 995 1989 qnia
1020 1911 1197 1988 dignissima
1222 1911 1322 1971 mnndi
1345 1928 1417 1988 pars
1442 1918 1530 1971 extra

168 1997 290 2058 Terram
314 2006 386 2058 sunt
409 1998 500 2058 fixae:
527 2009 558 2060 ut
573 1999 674 2061 circuli
696 2006 781 2077 (post
796 2003 944 2071 centrum)
969 1999 1227 2060 circumferentia:
1253 1998 1345 2059 cubus
1369 2017 1440 2059 vero
1463 1997 1528 2076 pri-

168 2105 242 2146 mum
268 2105 378 2166 corpus
403 2087 432 2147 in
456 2106 509 2148 sno
535 2088 648 2149 ordine.
689 2089 718 2160 l)
743 2087 833 2149 Solus
858 2088 936 2148 enim
961 2110 979 2148 a
1003 2108 1058 2148 sua
1078 2088 1143 2148 basi
1167 2095 1339 2167 generatur,
1364 2106 1432 2148 curu
1456 2086 1530 2148 reli-

168 2194 223 2254 qua
247 2184 378 2256 quatuor
401 2194 458 2235 nou
482 2188 664 2254 generentur
688 2177 822 2238 faciebus
854 2178 935 2252 suis,
969 2178 1023 2239 sed
1053 2187 1105 2237 aut
1133 2185 1218 2238 secta
1242 2168 1304 2237 sint
1327 2196 1342 2235 e
1368 2176 1462 2249 cubo,
1495 2182 1530 2236 nt

168 2263 308 2344 pyramis,
334 2264 454 2343 rejectis
479 2259 719 2345 lpyramiditus
739 2266 943 2344 reetangnlis:
970 2265 1022 2327 aul
1047 2274 1145 2338 ancta,
1171 2274 1205 2326 nt
1227 2265 1445 2337 dodecaTdron,
1472 2281 1528 2343 ap-

168 2352 273 2432 positis
296 2372 352 2413 sex
374 2353 560 2432 pentabdris.
609 2352 644 2426 2)
674 2353 764 2415 Solus
795 2354 823 2415 in
854 2355 1054 2433 homogeneos
1087 2354 1178 2415 cubos
1212 2353 1276 2414 sine
1305 2354 1449 2432 prismate
1478 2371 1529 2414 re-

168 2441 241 2502 solvi
265 2450 379 2521 potest.
427 2438 462 2515 3)
488 2440 578 2503 Solus
604 2452 651 2503 est
676 2462 795 2522 quaqua
825 2463 943 2504 versum
972 2452 1004 2504 et
1032 2443 1061 2503 in
1085 2451 1148 2503 tres
1173 2443 1306 2504 directas
1331 2442 1531 2503 dimensiones

169 2530 337 2610 porrigitur.
384 2530 463 2591 Nam
486 2531 664 2609 reliquorum
691 2534 783 2593 facies
808 2533 932 2593 inclines
956 2539 1080 2593 suntet
1108 2532 1233 2606 alicubi,
1262 2550 1329 2593 curn
1353 2550 1387 2591 se
1412 2530 1529 2591 duabus

169 2619 289 2681 directis
309 2619 493 2680 sectionibus
512 2621 689 2698 praebeant,
713 2622 743 2682 in
766 2622 881 2700 reliqua
904 2629 1051 2682 sectorem
1076 2621 1269 2682 frustrantur.
1308 2615 1344 2693 4)
1368 2620 1447 2680 Hinc
1471 2627 1529 2692 est,
1616 2637 1621 2655 ·

169 2708 244 2787 quod
268 2707 353 2769 solus
376 2707 469 2769 babet
492 2715 539 2769 tot
563 2709 671 2777 facies,
702 2717 774 2788 quot
797 2710 889 2771 babet
912 2709 1046 2771 ternaria
1070 2709 1215 2770 dimensio
1239 2710 1399 2782 terminos,
1425 2726 1531 2787 nempe

169 2817 234 2872 sex,
260 2806 293 2858 et
317 2797 438 2876 duplum
462 2816 615 2860 numerum
640 2799 783 2871 laterum,
812 2799 930 2860 scilicet
955 2799 1119 2860 duodecinr.
1168 2797 1203 2868 5)
1228 2797 1318 2859 Solus
1343 2797 1531 2877 undiquaque

169 2884 260 2947 habet
283 2886 442 2965 aequalem
466 2887 625 2965 angulum,
658 2889 775 2948 scilicet
808 2896 932 2949 rectum.
980 2890 1024 2948 At
1052 2887 1081 2948 in
1116 2887 1270 2968 pyramide
1301 2886 1424 2965 regula,
1454 2904 1531 2965 quae

170 2975 253 3036 sedet
276 2974 417 3035 adhibita
440 2975 545 3036 mediis
568 2975 680 3054 planis,
707 2977 875 3055 discrepat,
902 2977 927 3037 si
951 2995 1019 3036 eam
1042 2995 1147 3036 versus
1172 2975 1312 3054 angulum
1337 2974 1530 3052 intorqueas:

171 3081 221 3124 nec
244 3062 335 3124 solidi
360 3063 462 3142 anguli
487 3065 525 3124 ad
550 3083 617 3125 eam
640 3085 773 3126 normam
799 3066 964 3145 quadrant,
989 3084 1064 3144 quae
1089 3064 1280 3143 interjectum
1305 3064 1427 3141 longum
1450 3063 1530 3123 late-

171 3153 260 3214 ralem
284 3151 427 3231 angulum
451 3154 582 3215 metitur.
631 3150 666 3227 6)
696 3154 773 3214 Hinc
797 3154 889 3216 etiam
918 3154 974 3214 soli
1002 3152 1162 3231 competit,
1193 3152 1270 3232 qnod
1301 3171 1338 3212 ex
1365 3152 1532 3228 poenitudini

170 3240 334 3303 Ptolemaei
357 3241 435 3302 citat
458 3240 629 3320 Simplicius
654 3262 742 3322 super
765 3243 863 3304 Arist.
889 3244 939 3305 lib.
963 3243 987 3302 1.
1013 3243 1049 3302 de
1075 3239 1168 3303 Coelo
1199 3260 1264 3321 cap.
1293 3240 1319 3302 l.
1351 3258 1404 3320 pro
1438 3259 1532 3301 causa

171 3329 361 3410 perfectionis
385 3329 414 3390 iu
440 3331 591 3392 ternario:
624 3333 702 3411 qnod
731 3333 848 3393 scilicet
874 3352 932 3393 uon
961 3333 1062 3410 plures
1092 3330 1188 3392 tribus
1212 3331 1304 3392 rectis
1327 3328 1530 3412 perpendicu-

170 3418 280 3481 laribus
304 3418 344 3480 ad
367 3419 465 3480 locum
495 3420 623 3481 solidum
653 3420 681 3481 iu
711 3421 824 3481 solidos
853 3430 952 3482 rectos
982 3420 1174 3490 dividendum
1198 3436 1374 3481 concurrere
1398 3417 1528 3496 possint.

171 3504 285 3579 7)Εεί
314 3507 478 3569 solidorum
506 3508 724 3571 rectilineorum
754 3509 883 3571 omnium
914 3509 1167 3587 simplicissimum
1190 3527 1307 3586 corpus.
1355 3504 1444 3576 Quod
1473 3504 1532 3566 etsi

172 3593 198 3657 in
218 3596 375 3678 pyramide
399 3596 575 3676 ambigitur,
600 3606 700 3659 tamen
726 3618 822 3659 exeo
847 3599 935 3659 l'acile
960 3598 1121 3671 evincitur,
1153 3598 1231 3676 quod
1254 3595 1420 3678 pyramidis
1445 3613 1531 3654 men-

172 3703 238 3747 sura
261 3685 357 3747 cubus
381 3695 438 3759 est,
463 3704 633 3747 mensuram
657 3696 758 3748 autem
780 3687 911 3766 priorem
936 3707 1003 3747 esse
1027 3686 1182 3748 convenit.
1221 3686 1365 3746 Mensura
1388 3701 1458 3743 vero
1483 3690 1532 3742 est

172 3792 226 3836 oon
248 3781 367 3836 tantum
393 3793 431 3835 ex
454 3774 593 3837 instituto
617 3776 786 3850 bonrinnm,
816 3776 865 3857 qui
894 3775 1032 3856 quicquid
1058 3775 1220 3835 solidorum
1251 3774 1430 3845 metiuntur,
1465 3770 1530 3852 ejus

172 3863 372 3943 quantitatem
396 3862 425 3924 in
450 3864 552 3941 parvis
576 3865 706 3926 cubiscis
729 3866 901 3944 concipiunt
928 3865 1045 3933 auimo,
1079 3865 1132 3926 sed
1161 3864 1255 3923 multo
1284 3860 1381 3940 magis
1411 3868 1529 3921 nutura.

172 3949 283 4014 Rectus
307 3951 386 4013 eninr
409 3952 537 4029 angulus
560 3953 695 4033 aequalis
720 3963 769 4015 est
792 3953 889 4027 alteri,
916 3971 1041 4032 quocum
1064 3952 1093 4013 in
1113 3952 1233 4042 planum
1253 3949 1434 4010 extenditur.
1472 3947 1532 4011 Est

163 4039 259 4120 igitur
282 4049 430 4122 perpetuo
454 4041 512 4102 sibi
536 4043 671 4122 aequalis
695 4043 765 4123 ipsi,
798 4053 888 4122 atque
912 4044 987 4102 adeo
1013 4061 1100 4113 unns,
1131 4048 1296 4101 ceterorum
1320 4038 1457 4118 utrinque
1480 4037 1529 4098 in-

173 4128 243 4193 finiti
265 4137 348 4192 aunt.
395 4129 570 4193 Mensuram
594 4140 694 4193 autem
718 4134 807 4193 decet
830 4150 918 4192 unam
943 4139 975 4191 et
997 4131 1142 4203 eandem,
1174 4136 1265 4207 atque
1293 4126 1386 4188 etiam
1415 4126 1531 4187 finitam

173 4236 246 4281 ease.
293 4215 331 4292 8)
355 4217 432 4280 Hinc
457 4227 520 4281 tam
544 4221 690 4284 foecunda
714 4229 762 4282 est
786 4220 859 4283 recti
883 4221 913 4281 iu
938 4219 1079 4281 circulum
1103 4217 1268 4297 inscriptio,
1294 4217 1358 4277 sine
1383 4233 1439 4295 quo
1464 4233 1529 4276 rne-

174 4306 271 4370 diante
295 4325 352 4369 neo
376 4307 558 4387 triangulum
581 4329 637 4370 uec
661 4309 913 4389 quinquangulum
938 4328 991 4369 nec
1016 4309 1054 4368 ab
1079 4307 1123 4367 eis
1148 4307 1286 4368 derivata
1309 4301 1432 4367 inscribi
1455 4322 1529 4382 pos·

174 4397 282 4471 mov)
320 4392 357 4470 9)
382 4394 445 4458 Sed
460 4415 557 4477 neque
572 4398 645 4460 illud
664 4398 914 4479 praetereundum
937 4397 1014 4477 qnod
1042 4395 1264 4474 perfectissimo
1289 4393 1410 4456 animali
1434 4393 1530 4452 solers

172 4493 276 4547 natura
299 4504 355 4547 sex
378 4485 502 4546 easdem
527 4491 676 4558 διαςασεις
698 4486 916 4567 perfectissime
941 4485 1088 4558 attribuit,
1114 4503 1170 4546 non
1191 4484 1316 4545 obscuro
1342 4487 1527 4561 argumento,
1598 4536 1600 4541 ,

174 4592 258 4653 quarn
279 4574 336 4635 hoc
360 4592 469 4653 corpus
493 4593 585 4653 penes
609 4576 691 4638 illam
715 4576 757 4636 sit
779 4576 809 4637 in
833 4574 939 4654 pretio.
987 4574 1066 4635 Nam
1090 4573 1177 4634 homo
1207 4572 1271 4650 ipse
1300 4572 1420 4650 quidam
1444 4567 1530 4648 qnasi

172 4663 262 4724 cubus
284 4670 352 4736 est,
382 4662 412 4723 in
436 4680 494 4742 quo
516 4684 572 4727 sex
595 4665 680 4745 qnasi
703 4665 812 4745 plagae
836 4672 925 4738 snut,
953 4681 1081 4741 supera,
1111 4661 1227 4732 infera,
1255 4659 1375 4733 antica,
1400 4655 1529 4737 postica,

173 4749 292 4827 dextra,
314 4751 450 4813 sinistra.

210 4854 443 4929 ,tumme
1300 4847 1317 4906 a
