3366 5482
243 292 310 360 204
702 291 731 341 Iu
751 289 895 351 Mysterium
914 286 1145 353 cosmographicnm

318 453 412 504 Wanu
432 465 514 505 manu
536 450 614 502 hette
636 448 737 501 wbllen
759 449 807 500 der
834 453 916 500 natur
942 447 1126 510 uachsiehen,
1155 448 1234 500 hatte
1262 462 1344 500 maun
1370 448 1451 501 siben
1477 446 1604 517 syllsbu

238 537 365 587 mileseen
386 546 493 592 nemen,
516 528 603 583 demit
623 528 666 581 die
688 528 770 580 acbte
792 532 867 580 wire
890 527 975 580 wider
996 534 1027 579 ut
1044 534 1161 597 gewest,
1184 525 1272 579 demit
1291 527 1372 581 hetto
1391 542 1455 581 man
1476 527 1529 580 der
1548 542 1604 581 ruu-

237 611 328 666 tate'ou
350 610 378 662 in
398 608 504 663 musica
523 608 613 661 nicbts
636 608 764 660 bedilrdb.

316 689 374 742 Der
394 690 501 757 grnudt
521 688 590 740 aber
610 685 823 754 comparationis
842 686 1084 739 astronomicorum
1100 690 1262 753 aspectuum
1276 701 1337 738 cum
1351 685 1456 738 musica
1475 685 1607 739 bestehet

237 767 393 829 bierinuen,
423 769 486 820 dass
509 766 632 819 circulus
654 782 704 837 per
728 772 859 833 aspectus
885 767 957 816 vnnd
980 763 1194 817 Monochordum
1220 779 1270 832 per
1297 763 1456 817 harmonius
1478 763 1606 834 ainerley

237 846 384 900 divisiones
405 847 486 899 hott:
518 846 549 897 ln
569 861 678 899 massen
700 845 732 896 E.
755 844 785 896 F.
809 845 861 896 Gn.
888 844 990 913 hiebey
1016 861 1050 897 zu
1080 843 1166 895 seben
1197 844 1306 906 haben,
1338 845 1413 896 daun
1438 859 1524 896 wauu
1551 843 1605 913 bey

238 932 328 982 211.
352 928 382 980 Θ.
403 933 425 981 1.
445 930 477 979 K.
497 930 533 978 A.
554 926 619 977 oder
640 925 682 973 M.
704 922 749 975 eiu
771 937 874 975 messer
895 925 980 976 vnder
1001 923 1044 975 die
1066 922 1169 976 saitteu
1198 924 1300 993 gelegt
1324 927 1422 985 wilrtt,
1452 939 1485 975 sc
1511 938 1606 975 coneo·

238 1005 316 1061 niren
337 1003 380 1058 die
401 1011 496 1073 partes
518 1006 590 1058 rnud
611 1003 655 1056 die
675 1008 800 1071 genuine
825 1002 928 1055 saitten
955 1004 1058 1055 vnnder
1084 1002 1230 1064 einander,
1259 1005 1332 1056 rnnd
1359 1002 1450 1055 seindt
1477 1000 1607 1056 sollicher

237 1085 399 1141 divisionum
420 1084 496 1136 mehr
518 1083 559 1137 uit
579 1085 652 1135 daun
673 1082 759 1142 siben,
784 1080 835 1132 wie
857 1081 900 1133 ich
922 1081 968 1133 hic
990 1082 1068 1134 siben
1089 1082 1228 1151 getheilto
1248 1081 1351 1135 saitten
1366 1080 1524 1151 gemahlet,
1545 1081 1606 1135 dar·
1662 1095 1666 1104 ·

238 1173 319 1218 nutet
347 1179 398 1216 nur
425 1162 488 1215 niue
510 1162 715 1221 Zuuersteheu,
743 1176 826 1212 wanu
852 1160 895 1212 ich
921 1161 1043 1214 hernach
1070 1178 1135 1214 ause
1163 1162 1212 1214 der
1239 1161 1343 1215 saitten
1370 1161 1421 1216 mit
1441 1162 1506 1215 lreu
1533 1160 1605 1215 notis

237 1242 398 1296 divisionum
424 1241 505 1294 einen
528 1242 666 1295 Cironium
687 1240 800 1301 macho,
830 1239 909 1306 cujus
931 1248 1054 1293 centrum
1075 1260 1090 1294 r
1113 1241 1217 1302 Terra,
1249 1258 1280 1293 so
1303 1240 1340 1293 ist
1360 1240 1484 1311 gavise,
1507 1257 1539 1294 so
1559 1241 1606 1294 ohh

238 1322 314 1375 linea
332 1320 444 1374 visionis
465 1320 546 1373 unius
568 1320 700 1389 planetae
721 1324 814 1372 stante
837 1319 896 1374 ins
922 1325 954 1371 ut
977 1339 1020 1374 re:
1053 1320 1169 1372 alterius
1198 1320 1329 1388 planetae
1356 1319 1433 1373 linea
1463 1318 1562 1374 incidit
1580 1318 1605 1372 iu

237 1400 320 1473 ἔφη
340 1399 479 1453 divisionis
500 1419 522 1468 ε,
540 1421 565 1467 η,
584 1409 612 1460 θ,
632 1421 649 1459 ι,
668 1419 693 1460 κ,
711 1402 735 1458 l.
753 1419 776 1471 μ
797 1396 856 1460 do„
878 1399 935 1451 alss
957 1400 993 1451 da
1013 1399 1158 1469 geschicht
1179 1400 1234 1469 bey
1258 1421 1294 1461 ro,
1318 1400 1390 1452 vnud
1411 1400 1470 1468 hey
1490 1419 1537 1473 πμ,
1558 1415 1605 1452 vu·

237 1481 341 1552 geacht
362 1481 410 1532 der
432 1478 533 1533 Planet
553 1496 603 1549 sey
624 1479 701 1531 nider
721 1480 787 1530 oder
808 1478 878 1530 hoch
899 1495 952 1531 von
973 1480 1021 1531 der
1043 1481 1140 1542 erden,
1168 1496 1197 1532 sc
1220 1480 1285 1542 ons,
1308 1480 1380 1532 rnud
1401 1477 1444 1532 uit
1466 1480 1550 1533 odiar
1570 1476 1606 1533 iss

238 1560 284 1615 ein
303 1566 409 1629 aspect,
432 1560 496 1612 dass
517 1558 554 1612 ist
574 1558 635 1611 eine
657 1556 816 1626 wilrkhung
837 1557 961 1610 bienidcr
982 1559 1042 1611 anll'
1059 1561 1152 1620 erden,
1175 1560 1240 1612 dass
1262 1576 1292 1611 es
1314 1558 1446 1611 witteret.

317 1639 452 1692 Hieranss
475 1638 511 1691 ist
533 1637 685 1699 oll'eubahr,
708 1640 771 1690 dass
794 1636 913 1705 septima
934 1637 984 1691 mit
1004 1640 1065 1691 dem
1086 1639 1214 1707 opposito
1235 1638 1277 1691 nit
1293 1655 1327 1690 zu
1349 1637 1508 1706 comparirn
1528 1654 1608 1707 seyu.

238 1718 321 1772 Danu
341 1717 462 1786 septima
482 1717 519 1770 ist
538 1717 641 1770 hbeine
663 1715 829 1777 Harmonia,
858 1716 1002 1785 oppositus
1029 1718 1096 1770 aber
1122 1719 1159 1770 ist
1185 1717 1230 1771 ein
1252 1724 1383 1786 aspectus
1410 1716 1608 1770 validissimus.

238 1799 290 1851 Eas
312 1797 420 1849 scheint
441 1798 489 1850 der
510 1798 612 1850 author
632 1797 688 1849 hab
716 1795 817 1849 wtllen
844 1796 887 1848 die
916 1796 1061 1848 dissonans
1083 1797 1112 1850 in
1133 1799 1182 1850 der
1202 1797 1291 1850 Music
1312 1797 1467 1865 comparirn
1488 1795 1541 1849 mit
1562 1798 1616 1849 der

239 1876 368 1931 Bnesbeit
388 1875 506 1929 etlicher
527 1882 701 1945 aspectuum,
728 1875 802 1927 fehlt
823 1876 897 1928 aber.
940 1875 1039 1928 Nullus
1062 1882 1193 1944 aspectus
1215 1893 1265 1945 per
1286 1894 1316 1930 ee
1336 1877 1439 1939 malus,
1470 1884 1502 1929 et
1521 1875 1614 1929 diseo·

237 1956 335 2011 inantia
354 1954 469 2009 musices
491 1954 645 2024 comparari
666 1955 749 2008 dehet
770 1971 830 2007 curn
850 1954 970 2022 planetis
992 1956 1067 2008 nullo
1090 1956 1173 2025 plane
1196 1962 1311 2024 aspectu
1333 1954 1501 2026 conjunctis.
1539 1954 1626 2010 Nam

238 2035 310 2091 siout
330 2035 502 2089 dissonantia
515 2052 568 2087 nou
583 2036 714 2097 delectat,
737 2035 762 2086 id
777 2041 828 2096 est,
855 2051 908 2086 non
924 2041 1015 2087 movet
1028 2034 1168 2098 concinne,
1191 2037 1238 2088 sed
1261 2036 1375 2089 obturat
1396 2034 1491 2105 poi-ins
1512 2051 1625 2090 aures:

238 2115 280 2168 its
299 2115 408 2184 quaudo
430 2115 562 2182 planetae
584 2132 637 2167 uon
658 2120 723 2167 suut
744 2114 923 2183 configurati,
952 2115 1032 2166 nulla
1057 2115 1142 2168 etiam
1169 2114 1268 2168 existit
1287 2114 1431 2169 commotio
1454 2122 1636 2184 tempests.-

239 2201 311 2256 tnm,
341 2195 389 2246 sed
414 2201 446 2245 nt
470 2192 617 2261 plurimum
644 2210 772 2246 serenum
792 2199 845 2246 est.
888 2194 935 2246 Da
961 2211 1053 2247 muess
1081 2212 1145 2248 man
1172 2194 1230 2246 sich
1252 2193 1306 2248 nitt
1328 2195 1403 2247 lrreu
1424 2194 1523 2249 lassen
1544 2196 1643 2248 dass

238 2270 410 2327 dissonantia
430 2270 475 2324 eiu
496 2272 655 2327 deformitas
684 2273 735 2335 ist,
765 2272 900 2326 serenitas
926 2275 994 2326 aber
1020 2273 1064 2326 ein
1090 2274 1275 2342 pulchritudo.
1318 2275 1382 2327 Dan
1407 2271 1450 2327 nit
1471 2274 1649 2327 serenitas

238 2351 349 2422 proprie
371 2368 423 2404 ron
444 2353 493 2403 der
506 2351 705 2406 inconnexione
720 2353 897 2421 planetarum
912 2354 1095 2406 verursaohet
1110 2358 1189 2417 wilrt,
1211 2356 1328 2407 sonderu
1344 2369 1395 2406 nur
1410 2353 1490 2423 quies
1505 2352 1649 2407 Arche-i

237 2430 425 2493 subterranei,
448 2432 509 2485 auii
525 2431 640 2484 solliche
667 2430 787 2500 quietem
816 2432 888 2501 lolgt
909 2432 1055 2487 serenitas.
1099 2433 1134 2487 So
1157 2433 1194 2486 ist
1214 2434 1350 2487 serenitas
1377 2431 1419 2485 uit
1445 2431 1648 2503 simplicite-1

239 2512 325 2574 hena,
347 2512 395 2563 sed
417 2517 525 2566 tantum
546 2511 581 2564 ob
602 2512 705 2565 oculos.
747 2511 831 2563 hlann
855 2512 928 2564 lasse
950 2512 994 2565 cin
1015 2513 1085 2566 Jabr
1108 2513 1177 2582 lang
1198 2512 1281 2564 schlin
1303 2512 1376 2574 sein,
1398 2514 1474 2565 vnnd
1494 2512 1645 2571 achare

238 2606 362 2644 woraues
384 2605 465 2642 mann
487 2607 567 2644 essen
589 2592 655 2644 oder
677 2589 823 2643 trinclrhen
845 2592 936 2644 wblle.
973 2592 1074 2645 Archei
1096 2592 1268 2644 subterranei
1291 2607 1360 2659 opus
1382 2597 1428 2645 est
1448 2598 1480 2644 et
1499 2607 1641 2654 munus,

238 2668 311 2722 ciere
332 2669 456 2723 sudorem
467 2671 582 2730 Terrae,
606 2677 637 2723 ut
658 2669 784 2723 existant
804 2670 916 2738 pluviae
938 2680 967 2725 et
989 2672 1076 2724 Terra
1096 2670 1123 2724 in
1144 2688 1209 2724 usus
1231 2677 1340 2724 nostros
1355 2671 1542 2727 humectetur.
1571 2675 1639 2725 At

240 2750 380 2818 hocopus
408 2748 539 2802 incitatur
564 2749 674 2802 stimulo
703 2756 880 2817 aspectuum,
912 2750 990 2819 quasi
1022 2753 1139 2820 quadarn
1169 2751 1273 2805 musica
1300 2749 1423 2805 coelesti.
1466 2751 1507 2804 Er
1528 2751 1636 2804 thuet

241 2827 326 2883 kheiu
347 2846 416 2900 sug,
438 2830 486 2881 der
507 2828 625 2881 Hinunel
645 2827 727 2898 pieill'
743 2828 798 2882 [mc
819 2831 892 2882 daun
914 2832 1024 2883 darsue.

204 3033 213 3051 ,
312 2989 358 3053 sl)
377 3008 401 3056 p.
425 2988 482 3040 un.
519 2990 692 3056 Respicientos
711 3006 757 3050 ea,
777 3007 841 3056 qnae
859 2995 885 3042 iu
904 2995 1046 3057 praemissis
1064 2994 1141 3043 literis
1164 2993 1194 3043 de
1213 2993 1313 3044 vocibus
1333 2999 1386 3052 „ut
1404 2995 1448 3044 re⁸¹
1469 2991 1516 3044 dc.
1536 2994 1627 3045 afferi

241 3064 373 3128 Keplerns,
392 3063 429 3112 hie
447 3069 545 3111 tautum
563 3064 711 3113 illustranda
729 3078 858 3112 censemus
877 3066 949 3129 sigua
967 3066 986 3113 F
1005 3066 1032 3113 ia
1050 3072 1092 3121 ut,
1114 3064 1133 3113 C
1152 3065 1188 3112 sol
1206 3065 1233 3113 ia
1251 3071 1293 3112 nt:

310 3135 390 3184 Gnido
409 3135 526 3182 dratinus
546 3130 606 3194 (sec.
627 3131 683 3195 XI.)
702 3149 817 3183 sonorum
835 3136 1062 3185 denominationem
1080 3136 1157 3185 talem
1176 3136 1300 3184 institnit:

374 3204 1099 3270 GAHCDEFgabh
1190 3204 1491 3256 cdeidc.

371 3283 400 3325 ut
448 3289 475 3324 re
522 3277 555 3322 mi
600 3276 627 3325 ia
671 3275 706 3324 sol
755 3275 781 3325 la
897 3283 926 3325 ut
976 3291 1001 3326 re
1079 3278 1111 3325 mi
1183 3278 1211 3325 ia
1246 3277 1282 3324 sol
1323 3276 1350 3326 la

601 3351 631 3395 ut
678 3361 704 3394 re
751 3347 784 3394 mi
830 3346 857 3394 ia
891 3346 928 3394 sol
976 3347 1001 3395 le
1183 3353 1212 3396 ut
1252 3361 1278 3395 re
1318 3347 1352 3395 mi
1388 3345 1415 3396 is

831 3424 859 3465 ut
900 3433 925 3466 re
971 3418 1004 3466 rui
1050 3418 1076 3466 ia
1183 3417 1220 3467 sol
1255 3417 1281 3466 la
1386 3422 1416 3465 nt

243 3486 415 3537 Fundamenta
435 3486 515 3537 Gnido
533 3501 647 3536 senonim
665 3488 768 3536 rationis
786 3502 845 3536 neue
864 3494 902 3536 est
921 3487 1137 3547 henaohordo,
1161 3490 1265 3554 signans
1282 3501 1355 3537 sonos
1372 3487 1540 3548 buechordl,
1565 3477 1625 3551 qui
1665 3538 1675 3563 x

240 3557 431 3622 comespoudent
447 3557 566 3621 prioribus
585 3572 629 3607 sex
647 3559 712 3606 sonis
731 3558 830 3613 scalae,
850 3573 923 3622 qnam
942 3559 1014 3608 hodie
1036 3559 1155 3615 ,duram“
1176 3573 1306 3615 vocamus,
1325 3557 1427 3621 syllabis
1444 3565 1487 3616 ut,
1507 3575 1544 3619 re,
1563 3550 1626 3609 mi·

240 3628 274 3687 la,
293 3629 338 3686 sol,
356 3629 390 3678 la.
421 3627 483 3677 Cum
497 3643 554 3677 reto
567 3627 668 3677 dimidie
680 3627 828 3679 hexaobordi
848 3643 904 3691 pars
922 3631 1042 3693 posterior
1061 3629 1133 3691 plane
1147 3630 1257 3692 eiusdem
1276 3632 1308 3678 sit
1326 3629 1420 3679 iormae
1442 3644 1499 3679 cnm
1518 3632 1628 3695 priore.

239 3706 341 3763 quartu
359 3714 434 3748 sonus
457 3696 508 3759 (ia)
532 3716 575 3762 pro
601 3699 655 3747 basi
679 3700 735 3747 nori
760 3699 909 3749 hexachordi
935 3708 1033 3763 poterat
1058 3702 1120 3749 sumi
1148 3702 1274 3765 (signatus
1292 3701 1362 3765 siguo
1383 3700 1474 3761 ,ut“),
1505 3700 1629 3767 ejusque·

239 3776 341 3834 quartus
359 3785 447 3824 sonum
474 3771 632 3833 interpositus
657 3771 721 3819 iuter
738 3771 843 3833 primurn
861 3770 1042 3821 hexaehordnm
1066 3777 1092 3820 et
1115 3771 1178 3820 illius
1202 3771 1319 3821 acutioris
1341 3771 1515 3835 repetitionis.
1542 3762 1630 3824 htd‘

239 3840 286 3891 iult
309 3841 375 3891 tertii
400 3840 566 3897 hexaohcrdi,
595 3854 642 3903 qno
669 3841 736 3890 iacto
763 3841 829 3889 iuter
853 3841 937 3890 literas
956 3857 973 3890 a
991 3847 1017 3891 et
1035 3842 1050 3890 h
1069 3857 1145 3890 novus
1164 3856 1238 3890 sonus
1259 3837 1298 3903 (b)
1325 3846 1381 3890 erat
1402 3842 1628 3906 iuterpoueodrss·

240 3911 348 3962 Primum
365 3912 549 3961 bexachordnm
567 3911 732 3972 incipiebatur
750 3926 767 3960 a
782 3926 841 3960 sono
856 3914 877 3961 G
896 3909 944 3972 (rel
960 3910 1005 3974 Γ).
1025 3927 1131 3976 sequens
1145 3926 1161 3961 a
1173 3927 1233 3961 sono
1247 3912 1275 3969 C,
1294 3913 1396 3961 tertium
1408 3926 1426 3962 a
1437 3928 1501 3963 sono
1512 3915 1535 3964 F
1546 3912 1628 3965 wi

239 3983 341 4045 quodsi
360 3983 496 4033 secuudum
515 3990 540 4033 et
563 3983 664 4032 tertium
689 3980 872 4031 bexacbordum
900 3983 932 4031 ad
958 3983 1097 4032 inferiorem
1123 3998 1217 4047 quoqne
1242 3990 1340 4046 partem
1362 3985 1499 4046 repetitam
1526 3982 1628 4036 auim⁰

240 4052 351 4110 duxeris,
379 4059 508 4117 sequetur,
533 4061 563 4102 ut
584 4066 673 4102 nomeu
694 4054 759 4111 soni,
785 4059 857 4115 prout
874 4069 948 4102 sonus
967 4060 1012 4102 eut
1030 4056 1101 4103 unius
1128 4060 1172 4102 aut
1190 4053 1291 4103 duorum
1315 4060 1360 4103 ant
1377 4055 1452 4104 trium
1469 4054 1628 4107 umor·

240 4123 326 4174 dorum
350 4130 403 4181 est,
430 4130 474 4172 aut
498 4139 549 4174 nna
574 4130 619 4174 aut
642 4123 738 4173 duabus
764 4129 808 4172 aut
832 4125 909 4173 tribus
936 4125 1037 4187 syllabis
1062 4130 1175 4181 constet,
1205 4139 1263 4189 ergo
1290 4141 1311 4172 v.
1332 4140 1354 4174 c.
1378 4140 1455 4176 sonus
1477 4126 1503 4176 G
1521 4152 1554 4163 -
1576 4118 1627 4171 ui·

240 4191 260 4243 0
278 4216 312 4228 -·
332 4195 359 4244 ia
375 4201 412 4248 ut,
430 4209 444 4243 c
460 4219 493 4229 -
512 4195 558 4251 sol,
576 4196 603 4245 ia
621 4199 663 4243 nt:
682 4195 735 4243 soni
753 4208 811 4243 vero
830 4209 854 4258 g,
873 4209 889 4244 a
907 4193 965 4244 dc:
985 4203 1020 4248 ut.
1041 4195 1086 4251 sol,
1106 4211 1147 4251 rer
1168 4210 1201 4253 re,
1221 4195 1255 4253 la,
1274 4196 1307 4244 mi
1327 4194 1372 4245 ac.

309 4264 349 4314 De
368 4265 549 4329 significatione
567 4280 611 4329 per
630 4265 714 4313 literas
734 4265 836 4327 adiecta
854 4273 982 4320 notamus,
1002 4281 1089 4315 sonum
1108 4281 1180 4330 quem
1198 4265 1271 4315 hodie
1291 4267 1313 4316 ll
1333 4267 1452 4327 dicimus,
1472 4274 1527 4318 tum
1545 4271 1619 4318 tw·

240 4334 305 4458 pplris
314 4335 443 4456 Bliterani!
463 4337 588 4401 signatum
614 4335 705 4392 inisse,
729 4350 864 4400 sonumque
888 4337 987 4386 dimidio
1013 4353 1073 4386 sono
1092 4339 1113 4388 B
1133 4339 1250 4386 minorem
1270 4337 1364 4388 dictum
1384 4338 1422 4396 ,B
1441 4322 1617 4405 quadratum⁰

240 4422 254 4453 r
299 4442 312 4464 „
356 4421 396 4457 mo
416 4405 455 4455 e“.

308 4561 355 4626 42)
368 4580 392 4628 p.
410 4560 468 4612 tlt.
502 4563 528 4611 T
526 4562 692 4632 ετραβιβῦου
706 4578 750 4613 sen
764 4564 944 4628 Quadripertiti
957 4564 1093 4617 Ptolemaei
1104 4565 1141 4629 (ἰ)
1162 4568 1239 4618 edidit
1251 4568 1325 4619 libros
1337 4569 1399 4620 dnos
1412 4571 1507 4635 priores
1517 4571 1543 4620 in
1559 4562 1605 4615 lle·

237 4650 313 4700 guam
332 4636 436 4685 latinam
455 4636 583 4686 traductos
601 4635 689 4685 Jcach.
705 4635 869 4685 Camerarius.
890 4636 1000 4685 Norirnb.
1022 4635 1097 4685 15³5.
1134 4639 1196 4687 Item
1216 4640 1275 4689 Ant.
1297 4641 1402 4704 dogm
1420 4640 1526 4704 ιᾶςωῦίι
1541 4628 1603 4688 lieri

239 4706 418 4767 posterioribus.
447 4707 551 4756 Lorauii
572 4703 648 4754 ¹548.
687 4705 743 4754 Nic.
763 4706 897 4757 Prnckuer.
926 4707 987 4756 Bas.
1009 4707 1086 4757 1551.
1124 4709 1164 4758 Er.
1185 4709 1251 4759 Oen.
1272 4708 1526 4765 Schreenenlucbnu
1546 4707 1597 4759 13⁸⁵

241 4773 305 4825 libi
328 4774 373 4827 dc.
395 4776 487 4849 (comp.
507 4776 657 4831 Weidlcrum
677 4782 704 4829 ot
722 4774 908 4842 Scheibelium).
