3366 5482
690 270 722 322 ἃ·
738 271 812 322 noae
829 271 991 338 *Medd*
1225 283 1235 297 '
1455 270 1520 338 385

162 427 299 501 effectus,
323 428 452 490 tristitia
465 429 581 503 cordis;
606 438 638 491 et
651 439 749 491 metus
764 441 821 506 est,
847 451 884 493 ne
899 432 1057 493 adolescat
1071 432 1124 491 illa
1139 432 1166 490 in
1182 431 1373 492 crocodilum.
1422 430 1520 493 Deum

163 535 266 590 exora,
290 527 326 578 ut
349 524 380 578 te
404 527 526 578 tueatur
549 518 589 579 ab
612 520 727 580 artibus
751 519 897 594 Satanae,
922 521 972 600 qui
995 521 1114 582 vitiosis
1137 520 1309 581 humoribus
1332 521 1411 581 solet
1435 521 1519 581 abuti

164 613 196 666 et
219 605 394 684 hujusmodi
418 606 565 668 bestiolas
589 608 700 682 fovere,
726 608 753 669 si
776 609 853 670 forte
877 627 931 689 per
953 629 1006 670 eas
1030 608 1164 671 taedium
1179 609 1259 669 vitae
1282 609 1430 669 instillare
1444 627 1519 688 pos-

160 695 203 755 sit
220 695 271 774 pio
295 704 328 756 et
351 696 465 757 afflicto
489 695 612 757 homini.
660 696 756 770 Scito,
780 699 907 759 eandem
930 697 1102 770 bestiolam,
1126 698 1231 758 idest
1255 697 1392 758 rosiones
1416 697 1526 763 officii·

162 783 324 845 ventriculi
357 791 459 844 etms
483 784 750 865 foverejejnnum,
775 807 849 866 quas
864 786 969 848 crebro
994 786 1081 865 ejicio
1106 786 1279 848 eructando.
1327 784 1402 846 Sum
1421 794 1533 847 autem·

164 881 198 933 et
221 891 279 951 ego
304 872 550 935 melancholicus.
597 873 765 954 Conjugem
784 875 862 937 inter
885 883 971 937 astra
993 895 1051 937 non
1075 876 1229 949 invenies;
1254 875 1348 935 Terra
1366 874 1447 953 parit
1464 875 1520 935 hoc

163 979 260 1040 genus
284 961 433 1021 animalis.
480 962 615 1024 Fortuna
639 965 757 1041 generis
781 973 829 1024 εει
852 965 1041 1027 vocabulum.
1089 965 1146 1025 Illa
1169 963 1351 1026 naturaliter
1380 983 1439 1024 non
1463 962 1521 1024 nisi

162 1049 260 1111 tribus
285 1050 332 1110 his
356 1050 482 1111 vinculis
507 1072 526 1111 a
549 1053 634 1112 coelo
659 1063 707 1113 est
733 1073 826 1113 nexa:
853 1053 963 1125 animi,
996 1054 1131 1133 corporis
1155 1053 1290 1133 gratioso
1315 1051 1432 1124 habitu,
1463 1070 1521 1131 qno

166 1137 358 1201 fascinentur
380 1138 416 1209 ii,
449 1157 541 1217 penes
567 1160 641 1219 quos
665 1150 713 1202 est
735 1150 873 1220 potestas
902 1142 1063 1221 ampliandi
1087 1151 1170 1203 tuam
1196 1142 1360 1212 fortunam,
1395 1140 1521 1219 deniqne

163 1228 254 1306 genio
282 1228 418 1288 tutelari.
466 1227 508 1288 Et
537 1231 606 1308 quia
636 1230 753 1291 animus
778 1230 831 1292 tibi
856 1231 1036 1294 naturaliter
1066 1241 1114 1292 est
1141 1229 1311 1304 subtristis,
1346 1238 1520 1289 contemnes

163 1315 266 1376 omnia
285 1316 386 1376 media
411 1316 549 1378 fortunae
573 1318 812 1397 amplificandae,
838 1339 914 1400 quae
939 1320 990 1381 alii
1013 1319 1143 1399 probant
1166 1327 1197 1380 et
1212 1325 1434 1379 consectantur.
1472 1318 1520 1377 De

163 1406 271 1466 habitu
297 1405 430 1484 corporis
450 1405 514 1484 ipse
534 1407 649 1485 judica.
698 1408 732 1469 Si
763 1427 892 1487 namque
916 1428 1040 1469 menon
1065 1428 1098 1469 es
1122 1408 1324 1487 corpulentior
1346 1414 1378 1468 ει
1400 1407 1522 1486 gravior

163 1494 259 1568 vultu,
284 1512 436 1573 nunquam
460 1495 514 1555 fies
539 1496 652 1557 consul.
701 1498 734 1556 In
758 1516 868 1575 genere
893 1518 976 1558 erras
1001 1517 1067 1558 cum
1090 1498 1222 1558 maxima
1236 1496 1390 1557 doctorum
1415 1496 1520 1556 multi-

164 1583 279 1657 tudine,
304 1582 492 1656 existimans,
518 1603 536 1643 a
559 1584 644 1644 coelo
669 1587 759 1646 fluere
783 1605 881 1646 rerum
906 1597 1042 1647 eventus.
1089 1586 1169 1648 Illud
1191 1603 1262 1645 vero
1286 1585 1377 1663 plane
1400 1592 1521 1663 praeter

165 1672 265 1733 lucem
288 1671 327 1732 ad
350 1690 406 1732 nos
430 1671 504 1732 nihil
527 1673 675 1748 demittit;
709 1675 809 1735 anima
833 1678 901 1746 (seu
924 1675 1025 1754 potius
1049 1676 1127 1748 vita)
1152 1681 1215 1749 est,
1249 1692 1340 1753 quae,
1374 1680 1518 1734 nascente

163 1759 295 1834 homine,
319 1759 418 1821 influit
441 1759 471 1821 iu
494 1760 572 1822 hanc
596 1762 683 1842 quasi
706 1764 831 1825 formam
856 1764 1008 1825 radiorum
1031 1764 1214 1837 sideralium,
1238 1762 1283 1824 sic
1306 1763 1354 1823 vel
1378 1762 1422 1823 sic
1445 1779 1520 1822 con·

163 1850 363 1929 figuratorum
399 1849 429 1910 iu
459 1858 570 1928 puncto
599 1853 754 1913 nascentis
787 1853 925 1913 hominis.
972 1852 1006 1913 Si
1034 1852 1230 1931 configuratio
1262 1859 1311 1911 est
1337 1849 1521 1922 harmonica,

161 1938 322 2019 pulchram
347 1937 473 1998 formam
497 1939 683 2001 nanciscitur
707 1941 824 2002 animus
847 1942 897 2003 vel
921 1941 1059 2002 animalis
1087 1941 1227 2015 facultas,
1252 1958 1377 2019 eamque
1396 1940 1519 2009 retinet,

163 2047 255 2107 quarn
279 2027 330 2088 din
354 2027 456 2088 estin
481 2047 616 2107 corpore,
641 2029 771 2091 fabricat
794 2030 885 2109 igitur
899 2038 931 2090 et
945 2030 1101 2110 pulchrum
1120 2029 1177 2091 sibi
1197 2028 1387 2102 domicilium,
1412 2029 1523 2107 figurat

160 2116 287 2189 vultum,
313 2123 348 2176 ut
370 2134 464 2177 causa
487 2117 653 2197 adjuvans;
678 2119 784 2198 quibus
809 2119 923 2179 duobus
939 2120 1043 2180 fulcris
1059 2118 1121 2179 dixi
1141 2117 1196 2179 niti
1213 2117 1343 2178 hominis
1359 2117 1520 2191 fortunam,

162 2206 245 2285 quod
269 2205 463 2284 praecipuam
487 2206 553 2283 ejus
576 2207 778 2268 conditionem
810 2205 933 2269 attinet.
978 2208 1058 2270 Nam
1086 2216 1212 2268 eventus
1243 2206 1457 2286 particulares,
1491 2205 1521 2265 in

164 2294 276 2374 quibus
301 2292 355 2353 illa
378 2294 546 2355 consistere
570 2296 698 2369 videtur,
724 2297 846 2357 suntin
871 2303 1025 2377 potestate
1049 2295 1121 2368 Dei,
1154 2304 1186 2358 et
1216 2296 1282 2373 ejus
1315 2295 1465 2375 permissu
1493 2295 1522 2355 in

161 2390 323 2462 potestate
346 2382 427 2463 genii
450 2384 600 2453 tutelaris,
625 2392 655 2445 et
679 2384 822 2446 divinitus
846 2386 1060 2464 gubernantur.
1106 2385 1234 2446 Animus
1257 2403 1343 2456 vero,
1366 2391 1456 2462 prout
1474 2392 1524 2443 est

165 2478 374 2551 comparatus,
399 2471 444 2533 ita
465 2470 504 2535 iis
529 2472 615 2534 novit
636 2473 689 2547 uti,
716 2482 746 2534 ει
771 2475 849 2554 qnod
873 2475 951 2535 male
975 2474 1093 2548 cecidit,
1119 2475 1222 2549 lenire,
1247 2482 1300 2533 aut
1329 2473 1421 2533 etiam
1444 2472 1523 2552 quod

166 2561 247 2622 bene
272 2560 393 2635 cecidit,
419 2579 509 2640 aegre
534 2563 692 2641 accipere,
725 2562 826 2642 inique
850 2565 996 2637 tolerare,
1021 2563 1119 2625 etsie
1143 2583 1228 2624 suam
1252 2562 1321 2622 inde
1345 2562 1401 2622 sibi
1426 2561 1521 2622 fabri-

164 2669 237 2711 care
257 2650 419 2711 fortunam.
468 2648 599 2711 Genesis
627 2660 680 2712 tua
703 2651 822 2713 videtur
850 2652 904 2713 tibi
929 2672 966 2713 ex
989 2652 1120 2733 quadam
1142 2652 1243 2732 gratia
1265 2650 1365 2711 vultus
1400 2658 1432 2710 et
1455 2668 1521 2711 mo·

164 2758 240 2812 rum,
267 2746 322 2799 aut
344 2746 427 2799 certe
451 2757 489 2800 ex
513 2740 772 2801 commiseratione
798 2750 829 2802 et
852 2741 1075 2803 existimatione
1089 2742 1214 2824 pietatis
1237 2739 1373 2818 polliceri
1390 2740 1522 2799 favorem

163 2828 328 2899 hominum,
353 2827 385 2887 id
408 2835 457 2888 est
479 2828 637 2907 pulchram
662 2829 812 2891 fortunam
820 2850 829 2904 3
854 2831 932 2909 quia,
957 2839 991 2891 ut
1005 2831 1083 2892 male
1107 2831 1241 2891 habeant
1264 2828 1366 2902 ceteri,
1392 2835 1522 2888 atcerte

160 2915 284 2996 Jupiter
307 2915 337 2976 in
361 2915 459 2977 medio
484 2918 560 2978 coeli
584 2925 657 2992 stat,
683 2927 828 2999 qnantum
851 2938 888 2980 ea
911 2918 968 2993 die,
995 2919 1052 2980 imo
1077 2938 1112 2980 eo
1128 2937 1216 2988 anno,
1239 2916 1405 2997 pervadere
1424 2916 1523 2995 potnit

164 3005 352 3080 altissimus3
377 3024 446 3067 nam
470 3007 677 3085 capricornum
700 3026 736 3068 eo
762 3028 839 3070 anno
864 3008 973 3082 tenuit,
1008 3008 1126 3085 signnm
1150 3007 1357 3068 humillimum.
1405 3003 1521 3083 Estque

161 3094 369 3174 configuratus
392 3094 507 3155 Veneri
531 3094 699 3176 triangulos
725 3097 880 3158 invenient
902 3097 993 3176 igitur
1016 3097 1045 3157 in
1070 3104 1100 3157 ιε
1126 3094 1253 3163 feminae
1283 3093 1362 3174 quod
1389 3093 1519 3173 placeat,

160 3183 241 3245 unde
266 3182 410 3266 conjicio,
443 3183 555 3245 habere
588 3192 619 3246 te
645 3203 737 3264 posse
770 3186 901 3265 aliquam
929 3185 1081 3264 optionem
1109 3184 1188 3245 inter
1214 3185 1309 3245 lectas
1333 3181 1466 3260 virgines
1489 3189 1521 3242 et

162 3280 330 3346 matronas,
356 3272 458 3351 itaque
482 3273 626 3353 possibile
650 3293 729 3349 esse,
752 3284 787 3337 ut
811 3275 884 3336 felix
907 3275 1093 3337 nanciscaris
1117 3273 1296 3353 conjugium.
1342 3272 1388 3332 At
1416 3279 1522 3332 contra

162 3360 218 3423 Sol
241 3361 339 3422 habet
362 3359 527 3423 Satnmnm
552 3371 776 3426 antecessorem
801 3362 837 3425 in‘
847 3363 949 3426 sextili
962 3364 1082 3439 Martis,
1107 3363 1184 3424 unde
1203 3361 1342 3441 conjicio,
1367 3360 1521 3421 tenemini
1564 3428 1568 3434 ¹

161 3451 262 3513 miuus
281 3450 414 3530 placere,
439 3469 527 3530 quam
543 3451 679 3531 tibiipsi,
706 3453 783 3513 unde
799 3454 957 3528 timiditas,
983 3454 1083 3514 vultus
1098 3451 1249 3525 demissio,
1274 3458 1380 3511 utnon
1397 3449 1520 3538 audeas,

161 3539 235 3615 etsi,
259 3538 379 3618 quando
402 3539 510 3614 andes,
534 3539 662 3601 tristitia
685 3542 802 3602 oculum
827 3550 952 3603 naturae
976 3542 1165 3615 occaecavit,
1198 3550 1232 3602 ιιι
1254 3539 1414 3619 genuinam
1438 3545 1521 3599 tuam

161 3646 225 3690 uon
249 3646 411 3706 agnoscas,
435 3629 465 3689 in
489 3647 620 3708 persona
643 3649 740 3691 erres:
766 3630 844 3709 quod
867 3632 894 3691 si
913 3632 1006 3692 semel
1021 3631 1172 3710 repulsam
1186 3629 1314 3710 patiaris
1340 3627 1433 3706 (quod
1452 3626 1520 3687 novi

161 3717 238 3780 nihil
260 3716 365 3792 habet,
389 3716 448 3779 nisi
471 3726 620 3796 quatenus
644 3719 859 3780 melancholico
884 3719 929 3779 ita
942 3720 1093 3793 videtur),
1113 3720 1178 3798 jam
1197 3737 1285 3798 porro
1302 3715 1433 3777 timidior
1448 3715 1519 3776 red-

163 3806 257 3883 ditus,
283 3805 460 3886 desperabis
484 3807 648 3868 secundam
670 3809 863 3887 interpellare
886 3810 976 3888 paulo
1001 3808 1211 3888 splendidioris
1231 3808 1379 3867 fortunae.
1425 3804 1521 3883 Atqui
1551 3885 1556 3894 ¹

160 3895 330 3957 laxandum
353 3902 403 3955 est
424 3901 489 3956 rete
513 3895 622 3957 iterum
646 3904 736 3976 atque
760 3897 878 3971 iterum,
904 3897 963 3958 etsi
977 3917 1037 3958 una
1051 3904 1138 3958 nocte
1159 3896 1233 3957 nihil
1249 3893 1380 3973 ceperis:
1405 3893 1522 3955 animus

161 3984 360 4059 attollendus,
385 3985 537 4045 exuendus
561 3994 729 4047 contemtus
753 3986 805 4059 tui,
831 3986 902 4065 quia
925 3987 951 4047 is
974 3987 1103 4047 vitiosus
1125 3984 1156 4046 in
1181 3993 1210 4045 te
1235 3991 1291 4054 est,
1315 3983 1405 4060 idque
1430 3982 1458 4043 in
1474 3980 1521 4042 his

163 4072 318 4148 externis3
347 4091 418 4133 narn
441 4073 479 4134 de
503 4073 621 4134 actione
650 4093 715 4136 cum
740 4075 805 4136 Deo
830 4077 894 4155 jam
923 4094 981 4136 non
1010 4077 1123 4153 loquor.
1171 4072 1312 4153 Inprimis
1344 4071 1519 4144 cavendum,

162 4182 200 4225 ne
224 4170 258 4224 te
283 4179 368 4237 amor
391 4169 543 4236 occaecet,
568 4162 617 4244 qui
643 4164 721 4225 solet
745 4183 812 4225 esse
836 4164 866 4224 in
890 4163 1115 4225 melancholicis
1139 4162 1267 4230 delirus,
1293 4161 1397 4239 etqui
1421 4158 1528 4231 sobrio,

158 4251 275 4331 judicio
299 4242 340 4313 dev
360 4250 500 4329 personis
524 4259 556 4311 et
580 4252 802 4313 conditionibus
832 4253 1045 4318 consectandis
1083 4259 1114 4312 ει
1137 4252 1257 4331 optione
1288 4251 1428 4311 habenda
1451 4248 1520 4327 plu-

161 4342 269 4402 rimum
292 4348 413 4401 noceat.
461 4337 523 4401 Sed
545 4340 643 4416 video,
669 4350 785 4420 tempus
810 4341 920 4414 abisse,
947 4361 1003 4421 quo
1028 4341 1106 4403 solet
1129 4359 1212 4401 amor
1231 4357 1348 4401 nocere.
1396 4335 1522 4397 Interim

162 4428 284 4492 sextilis
307 4424 328 4506 b
352 4435 386 4488 ει
407 4434 448 4503 d,
474 4424 515 4504 Θ
540 4447 606 4490 cn1n
629 4426 650 4506 li
674 4430 809 4491 laborem
833 4439 864 4492 et
887 4428 1076 4509 diligentiam
1095 4438 1212 4504 notant,
1237 4433 1400 4507 quaesunt
1422 4423 1522 4486 media

163 4519 202 4580 ad
226 4517 367 4580 fortunas
391 4517 539 4596 quendam
563 4537 744 4580 successum.
791 4521 818 4592 3)
845 4515 918 4596 adh
943 4520 1044 4580 veniet
1067 4518 1178 4580 aetatis
1198 4513 1251 4580 56.
1271 4515 1399 4588 circiter,
1425 4510 1466 4589 Θ
1482 4511 1540 4572 ads

161 4599 237 4676 ῦὸ
260 4605 375 4668 aetatis
398 4601 468 4678 21,
492 4606 530 4666 ad
556 4604 618 4684 *li
643 4616 674 4669 et
697 4612 733 4677 Δ
753 4615 778 4678 d
802 4608 872 4669 anni
892 4605 943 4669 51.
969 4605 1030 4682 53;
1054 4608 1221 4669 ascendens
1245 4604 1283 4665 ad
1298 4597 1334 4668 l]
1351 4610 1376 4672 d
1396 4620 1473 4663 anno
1488 4596 1520 4673 8,

161 4696 202 4758 ad
224 4691 297 4774 Ab
321 4701 354 4756 el
377 4699 446 4764 *d
469 4713 496 4757 c.
521 4692 574 4759 29.
599 4693 642 4758 30
667 4697 789 4760 aetatis.
836 4695 899 4758 Sed
921 4695 969 4757 hic
999 4696 1092 4759 horae
1116 4696 1267 4777 quadrans
1291 4691 1400 4754 vitiose
1428 4708 1520 4771 praa-

165 4784 277 4848 teritus
298 4778 323 4846 4
344 4800 442 4846 annos
464 4783 567 4847 efficit.
613 4784 658 4869 Hi
678 4787 799 4849 fuerunt
821 4785 892 4848 anni
905 4784 1164 4865 periculosissimi.
1212 4782 1319 4864 Spero,
1343 4781 1375 4842 in
1389 4798 1520 4862 sequen-

213 4885 305 4940 ΜΗ
317 4886 389 4937 ΟΜ
400 4886 419 4930 ¹·
1275 4884 1310 4938 25
