3366 5482
679 238 710 286 de
729 239 802 287 rebus
821 239 982 303 astrologicis.
1451 238 1510 307 351

152 394 221 455 aliis
244 392 343 455 literis
368 394 413 472 (p.
439 387 530 472 339).
578 394 710 456 Videtur
736 416 773 455 ea
802 396 870 474 ipsa
897 414 966 458 esse
990 380 1203 475 regimundo
1235 399 1274 461 ad
1298 379 1352 460 rios
1380 402 1518 479 pervenit

154 488 260 544 uentus
277 480 465 556 „Nordost“
491 482 540 562 qui
564 502 684 563 semper
709 485 846 563 frigidus.
894 484 975 564 Ergo
1000 486 1109 564 aliquis
1134 486 1174 547 ibi
1195 488 1279 549 culus
1304 489 1415 562 muudi,
1439 491 1515 551 unde

153 584 214 632 tam
239 569 342 649 frigidi
367 571 460 631 venti.
508 572 575 632 Non
601 573 693 651 liquet
718 592 770 633 nec
796 573 870 634 libet
895 574 922 633 in
948 593 1009 634 rem
1034 584 1225 652 praesentem
1250 579 1361 638 venire.

221 658 409 708 Fabricius:
429 658 456 708 Si
475 659 557 709 cauda
576 669 727 710 cometarum
746 676 762 710 a
781 661 838 711 Sole
859 669 989 719 causatur,
1016 678 1060 712 cur
1077 677 1126 712 non
1146 670 1172 713 et
1190 664 1264 718 iruna
1283 665 1389 715 caudam
1408 669 1513 731 projicit,

152 746 207 781 curu
225 746 276 779 uon
295 731 397 779 dubium
414 733 455 786 sit,
474 739 626 780 cometarum
645 746 748 795 corpora
765 748 813 781 ucu
833 735 913 782 minus
932 734 1011 783 densa
1028 749 1092 792 esse,
1113 750 1187 798 qnam
1208 735 1315 786 Lunae?

241 802 453 882 Keplerus:
487 803 604 864 Deliis
635 822 693 864 uon
716 806 805 886 plura
829 806 928 866 dicere
957 824 1095 883 possum,
1132 825 1219 884 quarn
1253 808 1280 867 iu
1306 806 1434 888 Opticis.
1483 808 1516 869 Si

152 908 249 972 opaca
273 901 378 953 essent
401 910 536 989 corp‘ora,
563 900 596 953 nt
619 893 714 966 Luna,
741 913 800 953 nou
825 894 1005 973 projicerent
1029 895 1167 956 caudam.

222 997 322 1047 Deinde
339 999 421 1062 pergit
434 997 600 1061 Keplerus,
621 999 651 1048 ad
672 1000 735 1049 alias
747 1000 854 1049 Fabricii
867 1002 1026 1064 quaestiones
1039 1000 1201 1064 respondeus,
1221 1017 1286 1065 quae
1301 1018 1331 1052 ex
1343 1003 1402 1065 ipsis
1414 1015 1515 1068 respon·

152 1069 260 1119 nonita·
278 1069 382 1132 Kepleri
400 1068 537 1131 patebunt:

169 1176 171 1180 ·
239 1158 288 1220 De
312 1157 431 1218 arcanis
450 1157 721 1237 experimentisque
747 1159 874 1238 propriis
903 1160 1097 1221 commendas
1129 1161 1200 1222 mibi
1226 1162 1391 1222 Ptolemaei
1416 1163 1512 1240 aplic-

152 1247 275 1309 rismnm
298 1248 328 1308 iu
353 1244 584 1324 Quadripertito
614 1248 650 1307 de
675 1248 906 1326 coangnlatioue.
931 1249 1073 1310 siderum.
1121 1250 1189 1310 Non
1215 1251 1303 1311 credo
1334 1251 1393 1311 tuis
1418 1269 1512 1329 gene-

152 1337 267 1397 salibus
292 1337 470 1408 affirmatis;
496 1354 617 1397 recense
642 1337 851 1414 experimenta
873 1356 927 1416 per
950 1348 1064 1415 partes,
1090 1338 1230 1415 opinione
1252 1339 1395 1419 pauciora
1416 1349 1510 1400 erunt.
1607 1397 1636 1417 „

151 1426 309 1504 Aspectus
337 1425 529 1504 planetarum
558 1424 596 1485 ad
622 1426 728 1485 stellas
756 1433 901 1504 perpetuo
930 1426 1037 1487 infiniti
1062 1437 1146 1500 suut,
1182 1447 1239 1488 nou
1269 1427 1365 1505 igitur,
1384 1429 1449 1508 apti
1473 1430 1511 1489 ad

152 1513 334 1592 objectiram
360 1512 595 1574 admonitionem
621 1515 668 1574 vel
694 1515 923 1575 commotionem
949 1515 1128 1576 facultatum
1155 1516 1352 1578 naturalium..

240 1600 305 1663 Cnr
328 1603 407 1663 iuter
430 1612 572 1681 aspectus
602 1603 629 1662 in
655 1604 735 1663 nullo
753 1622 843 1664 ceusu
868 1604 929 1663 sint
954 1606 983 1678 ό
999 1607 1035 1678 8,
1062 1613 1093 1664 et
1117 1607 1195 1678 [1)
1223 1613 1255 1666 et
1278 1602 1317 1681 Θ
1352 1605 1412 1666 dixi
1437 1626 1509 1666 eau-

151 1693 271 1753 samin
297 1691 530 1752 Fundamentis.
570 1692 613 1751 Tu
639 1710 710 1751 vern
737 1693 866 1771 paginas
892 1693 996 1753 studes
1027 1693 1150 1771 implere
1180 1716 1348 1773 περιεργοις.
1396 1694 1511 1754 Eadem

152 1789 257 1841 teneto
279 1780 317 1840 de
342 1780 466 1840 heliacis
492 1781 654 1841 exortibus.
703 1780 816 1841 Eorum
840 1780 885 1840 vis
910 1775 1055 1842 naturalis
1080 1784 1201 1861 propria
1217 1783 1309 1844 nulla.
1358 1782 1509 1862 Suntigi-

153 1881 202 1930 tur
225 1869 311 1948 sigua
335 1860 502 1931 aut'notae
527 1877 692 1948 temporum
717 1889 754 1930 ex
778 1870 903 1929 arbitrio
928 1871 1090 1945 hominum,
1125 1871 1195 1951 qnia
1218 1871 1286 1932 aliis
1312 1871 1415 1946 citius,
1440 1872 1510 1933 aliis

151 1958 268 2018 tardius
301 1959 450 2031 oriamur,
485 1968 571 2036 prout
596 1958 661 2017 risu
687 1958 789 2019 valent
822 1959 965 2019 homines.
1014 1959 1079 2020 Nec
1109 1962 1244 2040 seqnitur
1273 1980 1372 2022 rerum
1401 1968 1510 2022 natura

149 2055 286 2108 nostram
312 2047 394 2107 visus
419 2046 667 2113 imbecillitatem.
715 2046 774 2107 Sed
801 2048 837 2108 de
862 2048 918 2108 hoc
941 2050 970 2108 in
995 2048 1221 2110 Fundameutis.

242 2135 340 2195 Venio
365 2136 403 2196 ad
430 2136 534 2197 literas
559 2132 588 2196 6.
606 2132 690 2204 (16.)
707 2136 812 2210 Febr..
839 2157 913 2214 qtras
938 2136 1065 2215 geminis
1090 2139 1268 2217 expressisti
1288 2137 1509 2215 exemplaribus

151 2225 263 2303 (comp.
291 2224 341 2285 lib.
367 2224 403 2284 de
420 2223 527 2301 ,Stella
550 2225 669 2298 Nora),
701 2244 823 2304 quorum
850 2226 975 2286 alterum
1002 2226 1038 2285 de
1063 2225 1172 2287 Selrele
1196 2227 1303 2288 nudius
1328 2227 1446 2287 demum
1471 2227 1509 2286 ad

150 2333 195 2374 me
219 2314 313 2384 misit,
340 2313 467 2374 alterum
487 2314 653 2391 exemplum
678 2332 731 2372 suo
755 2322 890 2393 tompore
914 2324 962 2375 est
986 2315 1144 2376 redditum.

221 2402 306 2481 ,Ego
341 2401 486 2480 impedior
510 2402 563 2473 (ab
597 2402 888 2476 obseri‘atiouibus);
922 2403 1080 2464 catarrhus
1109 2424 1155 2465 me
1185 2405 1299 2465 bilosus
1332 2402 1507 2464 hisdiebus

150 2512 167 2552 a
194 2491 220 2552 l.
236 2489 308 2552 Jun.
335 2499 428 2551 tenet.
476 2489 527 2551 Sic
553 2511 571 2549 a
598 2488 647 2553 1⁶2.
673 2491 700 2551 in
726 2488 778 2551 22.
804 2493 891 2551 Febr.
918 2492 973 2553 luit
998 2494 1134 2554 defluxus
1157 2492 1409 2571 interscapilinm,
1435 2492 1507 2552 bra-

149 2581 284 2643 chiorum
310 2588 422 2640 trintum
446 2580 628 2658 impedieus;
660 2581 796 2659 utrinqne
822 2577 841 2656 ii
866 2581 896 2641 in
920 2600 1029 2642 occasu
1062 2601 1137 2642 ineo.
1185 2581 1229 2642 Tu
1254 2583 1278 2642 si
1303 2582 1420 2642 videres
1444 2580 1506 2641 lieri

151 2666 234 2746 θΘ
261 2677 293 2727 et
316 2664 351 2741 li,
387 2670 417 2743 (s
433 2665 471 2744 Θ
498 2678 530 2727 et
553 2677 591 2740 d,
627 2665 690 2745 θῇ
716 2680 747 2729 et
770 2677 795 2737 ό
819 2670 919 2731 intuo
940 2679 1045 2731 exortu
1075 2678 1106 2731 et
1136 2690 1259 2743 occasu,
1293 2678 1374 2730 metu
1398 2677 1506 2729 conta-

151 2759 301 2819 besceres.
350 2758 449 2817 Video
465 2777 520 2835 ego
539 2758 677 2817 effectum
702 2765 734 2818 et
757 2758 917 2836 praescivi,
942 2768 975 2819 at
996 2778 1053 2819 non
1069 2760 1172 2834 metui,
1198 2760 1267 2841 qnia
1291 2759 1363 2819 nihil
1387 2766 1508 2836 praeter

149 2856 275 2908 naturae
299 2846 436 2919 modum,
463 2846 519 2906 nisi
544 2865 590 2905 me
615 2846 681 2924 ipso
706 2866 825 2907 manum
850 2848 1044 2920 admovente,
1079 2849 1149 2909 milri
1175 2848 1294 2908 evenire
1318 2865 1408 2926 posse
1433 2847 1505 2907 scio.

151 2936 245 3016 lgitur
279 2945 312 2996 et
344 2954 436 2995 caveo
465 2945 497 2994 et
528 2943 663 3013 tempero
698 2956 716 2995 a
750 2936 926 3014 periculosis
959 2938 1140 3010 actionibus,
1177 2936 1315 2996 libertate
1351 2935 1505 3008 sermonis,

151 3025 305 3105 suspectis
339 3023 553 3101 scriptionibus
583 3025 619 3084 de
643 3025 732 3085 rebus
759 3024 941 3105 principum,
975 3027 1068 3086 donec
1098 3025 1254 3085 transierit
1279 3025 1326 3084 hic
1351 3022 1505 3083 transitus.

150 3111 200 3176 sin
220 3122 325 3175 autem
349 3132 386 3174 ex
409 3113 465 3173 hcc
488 3112 633 3192 principio
657 3114 827 3192 pulmonum
843 3113 938 3174 erasis
955 3122 986 3174 et
1000 3114 1119 3195 phtysis
1135 3145 1176 3154 —
1201 3121 1234 3174 at
1248 3112 1376 3173 materia
1391 3118 1461 3172 ante
1477 3112 1505 3171 iu

151 3221 274 3283 corpore
299 3202 367 3276 luit,
392 3220 449 3262 non
474 3221 527 3280 per
551 3201 605 3262 hos
631 3211 772 3280 aspectus
797 3203 852 3263 fuit
868 3203 1049 3277 introducta,
1074 3204 1127 3263 sed
1153 3210 1271 3264 tantum
1288 3201 1397 3274 excita,
1422 3199 1526 3279 potui,

149 3290 242 3373 igitur
265 3291 382 3352 meliori
406 3290 509 3351 diaeta
524 3309 716 3368 praecavere.
764 3292 884 3352 Excnso
899 3299 999 3365 astra;
1024 3292 1098 3361 scio,
1122 3311 1177 3352 nos
1198 3309 1372 3372 quocunqne
1387 3288 1504 3351 vivendi

147 3397 260 3458 genere
285 3380 359 3440 nihil
383 3379 464 3440 aliud
488 3398 578 3458 quam
603 3380 687 3440 mori.

216 3485 385 3534 Fabricius
404 3481 438 3545 (d.
460 3481 500 3532 16.
522 3482 609 3544 Feb.):
637 3485 710 3532 Mitto
737 3484 838 3547 genesin
858 3483 900 3531 tilii
919 3485 1090 3547 primogeniti.
1119 3485 1160 3548 qni
1183 3484 1260 3532 literis
1286 3498 1352 3532 nuuc
1375 3480 1502 3532 incumbit.

142 3552 198 3607 Tuo
214 3557 312 3618 judicio
336 3556 389 3618 plus
408 3557 496 3612 tribuo,
515 3571 589 3619 quam
608 3572 662 3603 meo
685 3581 715 3588 -
735 3555 763 3601 ln
777 3555 861 3611 literis,
881 3555 1003 3618 quaehas
1017 3557 1165 3604 subsecutae
1184 3563 1241 3603 sunt
1259 3555 1283 3604 d.
1302 3554 1339 3602 l‘l.
1353 3556 1426 3616 Apu,
1445 3567 1505 3602 ean·

142 3625 203 3679 dem
220 3628 368 3692 petitionem
387 3628 422 3676 sic
441 3630 544 3690 repetit:
572 3627 678 3692 Egregie
697 3640 779 3674 meam
798 3627 900 3689 genesin
920 3627 1070 3689 descripsisti
1089 3642 1179 3689 nuper,
1199 3640 1230 3676 ac
1249 3628 1270 3674 si
1287 3625 1347 3674 mihi
1365 3627 1410 3688 ipsi
1429 3627 1506 3687 pictor

142 3695 255 3748 hiram
293 3697 332 3747 Tu
350 3698 376 3747 iu
394 3698 443 3746 filio
462 3698 527 3746 idern
547 3712 639 3760 quaeso
659 3704 778 3760 praestes,
799 3697 877 3745 iacies
896 3704 994 3761 gratum
1015 3698 1130 3746 cilicium.
1169 3698 1221 3762 Ego
1246 3696 1306 3745 mihi
1329 3698 1354 3745 in
1373 3698 1402 3744 iis
1421 3695 1507 3744 studiis

142 3781 233 3819 strum
252 3769 343 3826 tribuo,
364 3777 390 3819 et
407 3784 474 3818 nunc
492 3770 569 3833 qnasi*
581 3768 661 3817 nullus
681 3783 741 3815 sum.

234 3857 444 3937 Keplerus:
479 3859 547 3918 Filii
572 3856 614 3917 tui
638 3857 762 3935 genesin
788 3876 840 3916 cnr
864 3865 1007 3929 tractem,
1033 3876 1099 3918 cum
1120 3865 1150 3916 tu
1170 3857 1233 3935 jam
1259 3877 1277 3916 a
1301 3855 1396 3916 tribus
1420 3855 1506 3915 annis

142 3947 246 4008 nduci
271 3966 329 4007 non
355 3947 464 4025 possis,
491 3955 523 4007 ut
548 3947 583 4006 de
609 3964 677 4005 mea
701 3946 881 4005 transmissa
904 3944 1008 4024 genesi
1024 3945 1166 4023 judicium
1187 3947 1275 4018 feras,
1301 3953 1438 4005 metuens
1462 3964 1504 4005 sc.

142 4035 195 4110 d,
229 4037 306 4115 qnod
332 4045 467 4108 maest,
502 4054 538 4094 ne
563 4035 696 4095 irretiam
727 4042 757 4094 te
787 4034 815 4094 in
846 4034 1035 4112 dogmatibus
1070 4034 1271 4111 astrologicis.
1320 4032 1380 4094 Sed
1405 4042 1506 4095 tamen

142 4122 347 4204 =bsequamnr
371 4124 514 4195 nonnihil,
536 4123 621 4201 qnasi
647 4131 805 4200 praeterea
830 4122 903 4182 nihil
927 4123 976 4194 sit,
1003 4124 1079 4202 quod
1096 4131 1269 4183 tractemus.
1319 4120 1358 4198 Θ
1380 4124 1408 4182 in
1423 4119 1505 4199 Db,

142 4216 161 4272 b
201 4213 228 4273 in
251 4215 288 4286 [l
302 4215 342 4291 Q,
368 4212 398 4286 ll
422 4213 450 4273 iu
475 4217 510 4280 Δ
528 4212 552 4284 Q
577 4221 608 4272 et
632 4213 690 4272 imo
716 4212 801 4283 coeli,
826 4221 896 4272 sunt
921 4220 1062 4288 aspectus
1080 4211 1180 4284 validi,
1205 4219 1239 4271 ut
1262 4231 1320 4271 non
1341 4213 1419 4273 male
1434 4233 1505 4291 spe-

142 4316 228 4375 eun;
252 4303 303 4364 illc
326 4302 514 4376 industriam,
541 4301 598 4362 iste
623 4300 783 4379 ingenium,
809 4301 862 4360 sed
887 4319 1005 4377 vagum,
1031 4299 1078 4360 hic
1102 4300 1230 4378 gratiam
1250 4299 1419 4379 pollicetur.
1461 4302 1506 4361 At

143 4405 221 4450 ero
242 4388 262 4467 ij
285 4410 341 4471 per
364 4391 553 4452 latitudinem
578 4398 671 4450 anstr.
699 4408 838 4467 magnam
863 4389 890 4449 in
916 4389 1001 4467 siguo
1031 4388 1273 4449 brevissimarum
1298 4389 1506 4450 ascensionum

142 4480 170 4534 t
210 4497 316 4560 magna
343 4480 404 4559 poli
428 4480 622 4540 inclinatione
646 4478 737 4537 valde
762 4478 876 4538 vicinus
902 4484 949 4535 est
974 4477 1095 4546 orienti,
1122 4485 1154 4537 et
1183 4487 1273 4556 puto,
1304 4478 1393 4555 plane
1418 4477 1503 4538 inira.

142 4559 195 4623 'u
219 4567 318 4649 itaque
341 4569 446 4648 cogita
469 4568 506 4628 de
530 4567 697 4627 directione
723 4567 787 4645 ejns
812 4567 849 4626 ad
875 4565 1030 4626 orientem.
1077 4565 1166 4627 Facit
1194 4565 1341 4626 bicsitus
1365 4564 1506 4644 frigidum

142 4665 160 4706 Ι
207 4655 300 4736 legum
324 4657 536 4719 observatione
560 4665 592 4716 et
616 4673 715 4716 amore
738 4655 985 4734 propinquornm;
1021 4671 1155 4716 erronem
1181 4654 1289 4728 habes,
1319 4672 1377 4713 nou
1401 4654 1504 4716 infeli-

142 4751 226 4809 *nt
269 4747 303 4810 Iu
335 4746 561 4833 ccrnparatioue
593 4764 660 4806 cum
693 4752 746 4808 tua
776 4743 878 4826 genesi
907 4761 965 4804 nou
995 4742 1154 4806 admodum
1183 4743 1225 4807 fui
1253 4743 1437 4819 delectatus,
1470 4752 1506 4806 ut
