3366 5482
758 213 919 267 nestros
1473 205 1516 273 ti

158 385 354 437 saumonem
372 373 494 438 rogitare.
512 374 602 425 usdam
620 381 719 429 tentsrs
736 389 812 426 susus
829 376 890 432 init,
909 389 936 425 se
955 372 1116 437 sphaerurum
1133 371 1217 423 mundi
1235 385 1376 427 nnmerum,
1397 367 1516 427 ordinem,

156 441 374 508 magnitudinum,
397 444 507 502 mutum,
534 447 585 502 sive
602 446 738 497 seomdum
751 447 877 509 usitatas,
901 448 952 496 sive
971 445 1033 494 siixs
1051 458 1210 509 qusseuuque
1234 441 1382 507 hypotheses
1397 455 1423 495 ,a
1444 440 1516 504 priori

158 514 266 571 docere,
285 517 408 565 rationem
426 515 543 577 reddere,
564 515 674 581 meoque
693 519 763 581 qussi
783 533 812 566 ex
831 532 924 567 menno
942 514 992 566 Dei
1010 516 1127 566 treetoris
1146 513 1246 565 oonsilio
1266 515 1407 577 depromere
1425 508 1517 575 posse?

157 585 214 635 lise
231 594 318 636 sutem
336 586 531 650 Kepplerus
545 595 577 639 et
594 603 726 653 aggressus
745 595 791 646 est,
811 595 838 639 et
855 589 959 639 ielisiter
975 587 1107 651 prsostitit
1143 585 1200 650 lpss
1218 587 1284 635 euim
1301 585 1398 651 primns,
1410 587 1457 636 est.
1476 583 1516 646 qul

157 657 343 714 snmdrertit,
362 659 428 724 quod
447 657 581 710 dstantiae
598 659 756 722 planetarum
773 675 791 712 a
808 675 836 710 ss
853 667 948 715 mutuo,
965 672 1027 725 quas
1047 657 1231 708 astronomicus.
1246 653 1468 707 demonstrationes
1486 667 1516 705 es

159 728 565 794 ebssnstonituepststeeernnt,
583 746 634 780 nou
647 730 748 795 quidem
762 733 788 782 in
806 733 903 782 nsitstis
921 730 1096 794 hypothesibus
1116 724 1153 788 (in
1172 728 1207 777 eis
1226 728 1292 777 euim
1309 723 1370 777 nihil
1387 724 1439 775 tale
1458 738 1513 789 spe·

158 801 207 850 rasi
226 797 329 863 potest),
349 800 395 852 sed
412 801 547 852 mundum
567 800 737 865 Copesnieum,
755 809 829 853 tents
847 803 978 853 intervells
994 800 1118 859 habeant,
1137 805 1232 863 quanta
1249 800 1275 848 in
1293 797 1399 861 quinque
1414 792 1515 862 sepult·

158 872 225 921 sibus
243 873 387 935 corporibus
404 875 562 938 geometrieis
579 875 644 923 inter
662 873 782 945 sphsorps
799 875 931 938 inscriptos
954 879 981 923 et
993 872 1200 937 ‘ohonmseriptss
1218 868 1358 921 intervenit
1394 864 1449 917 Neo
1468 870 1516 923 ttt.

160 952 187 992 ut
206 944 261 1007 quis
280 943 434 994 absurditate
452 943 638 1008 hypothesium,
663 945 693 994 ds
711 960 761 1009 qua
779 946 929 1010 Cupernicns
949 960 965 994 ι
982 943 1064 993 multis
1084 948 1231 998 seruentur,
1256 938 1409 996 offendatur,
1433 934 1531 991 existi-'

159 1028 246 1070 mans,
266 1014 331 1078 quod
350 1030 381 1064 ex
399 1015 463 1064 inito
481 1031 576 1080 quoque
594 1031 678 1065 rernm
696 1019 765 1081 sequi
783 1019 860 1081 possit
879 1023 926 1066 eto.
964 1015 1029 1066 Num
1048 1017 1096 1065 etsi
1114 1014 1140 1062 id
1158 1013 1215 1069 dat,
1233 1004 1278 1076 per'
1296 1009 1413 1062 aooidens
1432 1013 1516 1059 temen

159 1092 186 1135 et
203 1099 261 1135 rsro
279 1091 378 1135 tantm
392 1087 432 1145 tit,
452 1095 478 1136 et
490 1089 516 1138 in
527 1103 657 1154 progressu
670 1089 905 1152 demonstrau‘onum
919 1095 1004 1138 cetera
1020 1101 1071 1137 non
1088 1085 1161 1136 aliter
1178 1083 1355 1148 qosmpslese
1374 1081 1515 1137 oohserent.

160 1157 193 1206 At
210 1155 252 1206 hio
265 1159 350 1209 omnia
368 1158 495 1222 aptissimo
512 1159 603 1225 ordine,
615 1159 839 1224 perfectissimeque
853 1173 965 1209 oonnsru
978 1157 1095 1222 oolligsts
1106 1161 1173 1211 sunt,
1192 1162 1220 1204 ut
1237 1170 1269 1204 ne
1287 1154 1415 1204 minimum
1434 1166 1517 1202 eornm

159 1227 228 1284 tulli,
247 1228 286 1278 vel
304 1230 448 1293 transponi,
475 1230 514 1280 vel
531 1229 617 1280 leviter
639 1232 730 1280 mutsri
753 1231 845 1296 ιιιιιι
862 1231 1007 1280 eoniusione
1025 1237 1052 1278 et
1069 1229 1196 1278 eversione
1213 1228 1288 1276 totius
1305 1225 1413 1295 universi
1430 1222 1516 1287 posst
1566 1228 1569 1235 '

159 1299 214 1349 Hos
232 1313 293 1364 ergo
312 1314 360 1350 een
378 1301 539 1353 tormento
558 1304 664 1366 aptiori
683 1302 750 1362 dato,
769 1303 869 1352 dubium
887 1317 937 1351 non
956 1307 1009 1357 est,
1034 1302 1105 1365 quin,
1130 1299 1172 1364 qui
1190 1298 1372 1349 observationes
1390 1294 1517 1363 solimet.

159 1372 209 1420 soti
236 1372 278 1421 sui
303 1370 336 1421 sd
361 1373 529 1425 reformandos
558 1380 637 1423 motus
660 1387 788 1438 eorpornm
813 1373 957 1424 eoelesu'um
982 1372 1151 1436 adiumentum
1176 1370 1310 1420 mammem
1334 1369 1384 1418 sint
1400 1364 1517 1423 miltun

158 1442 216 1492 ism
235 1443 303 1492 enim
321 1457 379 1499 non,
398 1451 427 1493 ut
446 1452 522 1494 nutes
535 1444 702 1502 Ptolemaeus,
721 1446 762 1509 qui
780 1445 805 1494 in
823 1443 998 1508 hypothesibus
1016 1443 1115 1494 usitatis
1133 1440 1194 1491 nihil
1212 1441 1263 1490 tale
1282 1445 1409 1506 praestare
1427 1436 1516 1503 potult,

159 1526 214 1572 nee,
233 1519 264 1563 nt
277 1512 436 1578 Copernieus‚
456 1517 495 1565 sm·
508 1515 554 1566 hoe
566 1531 616 1565 non
626 1515 743 1574 subolnlt,
762 1516 845 1566 lasere
864 1516 993 1578 oportebit,
1011 1520 1040 1564 ut
1057 1514 1216 1577 sphaerarum
1229 1512 1393 1561 dimensiones
1405 1523 1422 1559 s
1434 1513 1515 1574 poste-

159 1586 229 1641 riori,
255 1584 304 1634 hoe
323 1592 362 1635 est
379 1601 411 1636 ex
428 1587 638 1637 obserrstionibns
658 1585 773 1652 (quarum
790 1588 885 1637 multse
903 1588 965 1637 satis
988 1599 1101 1642 ornasse,
1127 1599 1159 1634 ne
1182 1584 1264 1634 disum
1282 1583 1372 1633 dubiae
1390 1577 1460 1642 suut)
1476 1581 1516 1631 i'a·

158 1657 328 1722 vestigentur:
346 1657 469 1722 siquidem
486 1672 533 1719 eae
552 1672 568 1709 s
586 1661 659 1723 priori
678 1659 794 1724 eognitae
813 1659 1021 1709 observetionibus
1040 1657 1233 1712 adhibebuntur,
1252 1654 1318 1705 unde
1335 1653 1445 1705 osluulus
1462 1665 1515 1703 mu·

158 1737 229 1779 tuum
247 1727 327 1777 multo
343 1729 440 1779 ielioins
459 1735 592 1781 extruetur.
627 1730 668 1781 De
683 1732 796 1794 iucunde
814 1737 840 1780 ιι
862 1731 1005 1795 gratissima
1027 1728 1209 1792 speculatione,
1233 1740 1297 1791 quse
1320 1725 1377 1775 inde
1401 1724 1516 1780 oboritur,

159 1800 192 1848 nil
211 1798 253 1850 bio
273 1799 406 1850 dicendum
423 1806 491 1865 puto.
520 1800 554 1851 Ut
572 1807 656 1854 autem
674 1816 726 1851 rem
744 1803 823 1867 ipssm
842 1802 1007 1866 maximopere
1026 1796 1246 1849 commendendam
1264 1802 1332 1861 puto,
1351 1796 1389 1844 its
1405 1796 1431 1844 in
1450 1791 1515 1845 trae·

158 1871 256 1920 ιιιίιιι
275 1870 387 1920 nonnihil
407 1871 532 1922 desidero:
552 1872 667 1923 videlieet
685 1876 737 1936 ejus
755 1876 857 1924 nimiam
875 1873 1049 1922 obscuritatem
1068 1877 1094 1920 et
1111 1869 1305 1934 perplexitatem.
1344 1865 1447 1930 Scripsit
1464 1863 1515 1915 lio·

157 1944 240 1991 mium
253 1941 378 2004 Ksplerns
390 1942 456 1993 hune
469 1943 586 1999 libellum.
604 1947 646 2009 qui
657 1945 741 1994 multis
754 1943 963 1999 meditationibus,
982 1949 1011 1992 ut
1028 1944 1064 1991 vir
1081 1941 1236 1991 doctissimus
1254 1945 1281 1989 et
1298 1938 1515 2002 ingeniosissimus.

159 2020 241 2063 tatum
259 2015 388 2078 negot'm
402 2014 449 2064 sibi
462 2015 567 2066 reddidit
579 2017 748 2066 nodssimum:
767 2019 825 2067 inde
843 2031 874 2067 ex
891 2029 935 2064 sno
953 2016 1053 2079 ingenio
1071 2014 1102 2064 de
1121 2013 1176 2064 stis
1191 2012 1291 2074 iudicat
1306 2009 1426 2066 similiter,
1445 2009 1516 2082 qussi

158 2086 279 2149 ιιϊφιιιιι
294 2084 343 2135 isos
361 2101 433 2136 suum
450 2082 600 2138 solummodo
618 2089 645 2137 in
663 2103 747 2138 eornm
764 2103 854 2139 manns
872 2093 1044 2152 perventurum
1061 2086 1102 2145 sit,
1121 2084 1207 2148 quibus
1221 2097 1305 2133 omnes
1323 2082 1401 2131 etiam
1420 2080 1515 2131 abstru-

159 2156 274 2206 sissimae
288 2154 418 2220 Cepernioi
432 2155 654 2209 demonstrationes
673 2159 816 2210 notissimae
834 2160 897 2208 sint:
918 2160 987 2214 item,
1005 2156 1091 2221 quihus
1110 2170 1194 2205 omnes
1214 2168 1340 2217 oorporum
1358 2151 1515 2218 regularium,

160 2227 225 2284 rubi,
243 2227 388 2290 pyramidis,
407 2228 563 2289 dodeesedri,
582 2230 713 2287 ieossedri,
733 2238 758 2281 et
770 2229 882 2280 ootstdri
893 2229 1057 2293 proprietates
1070 2233 1096 2277 et
1114 2226 1278 2287 dimensiones
1297 2240 1327 2275 ex
1344 2221 1517 2288 posterioribus

160 2297 270 2348 Bueiidis
282 2298 351 2348 libris
363 2300 413 2348 siut
424 2303 653 2364 perspectissimaeo
671 2302 775 2366 ideoque
789 2302 918 2367 (loperniei
930 2300 1080 2350 sententiam
1094 2299 1124 2348 de
1136 2297 1222 2348 ordine
1234 2296 1402 2361 sphaerarum,
1419 2306 1515 2344 am·

161 2385 207 2435 qna
226 2370 409 2428 dimensiones,
427 2373 488 2421 item
506 2373 536 2423 de
555 2374 694 2437 cerporibus
712 2373 865 2438 regularibus
883 2373 1090 2437 disquisitionem,
1116 2369 1184 2419 velut
1200 2383 1240 2419 res
1258 2367 1369 2417 omnibns
1388 2366 1472 2416 obvies
1490 2371 1518 2415 et

160 2447 241 2498 nutes,
260 2441 300 2490 rel
320 2444 425 2500 omittit,
444 2443 483 2492 rel
501 2445 573 2495 nimis
592 2446 690 2497 concise
708 2447 785 2509 ponit.
823 2444 917 2516 Verum
933 2459 972 2493 res
990 2444 1064 2507 longe
1084 2441 1155 2491 aliter
1172 2440 1256 2490 habet.
1294 2437 1419 2503 Numqui
1437 2435 1514 2503 serip-

161 2522 212 2562 tum
228 2512 278 2562 hoo
296 2512 384 2563 lecturi
403 2520 474 2570 sunt,
501 2521 530 2564 ut
547 2530 602 2565 sese
620 2517 730 2565 novitate
749 2517 885 2572 oblectent,
906 2526 989 2564 eorum
1007 2529 1057 2562 non
1075 2512 1150 2576 pansi
1169 2511 1223 2561 aliis
1241 2509 1344 2565 studiis,
1371 2515 1417 2559 aut
1434 2506 1516 2558 arduis

163 2585 269 2650 seponis
288 2584 373 2642 dediti,
392 2591 489 2635 tentum
509 2589 551 2636 otii
570 2589 615 2637 sibi
633 2602 729 2636 sumere
747 2602 797 2636 non
815 2594 932 2652 possunt,
950 2591 995 2643 ut,
1015 2585 1061 2634 etsi
1081 2590 1107 2633 et
1125 2580 1273 2646 (ioperniens
1292 2586 1317 2631 et
1335 2578 1449 2631 Euolides
1467 2579 1517 2628 sint

163 2654 193 2704 td
211 2669 310 2711 lmus,
331 2669 369 2716 ea,
389 2671 453 2721 quae
471 2658 530 2723 in&
547 2661 672 2721 praestito
689 2661 833 2709 necessen'a
850 2663 923 2715 sunt,
943 2657 975 2706 ad
992 2655 1097 2706 solidum
1114 2654 1235 2718 inquirere
1252 2654 1334 2702 soient
1352 2657 1398 2701 aut
1414 2649 1515 2716 possint

163 2726 228 2787 Quin
247 2728 325 2777 etiam
343 2729 376 2783 ii,
393 2729 436 2792 qui
455 2727 582 2792 Gopernioi
601 2732 694 2794 scripta
711 2737 773 2780 note
789 2730 897 2786 habent,
917 2736 943 2778 ιι
960 2729 1001 2792 qni
1019 2729 1044 2777 in
1063 2724 1187 2777 Euclideis
1205 2724 1409 2790 propositionibus
1427 2721 1517 2779 versuti

161 2805 226 2856 sunt,
245 2813 296 2848 uon
314 2805 400 2849 tsmen
418 2807 479 2850 mox·
492 2802 518 2849 in
535 2810 632 2865 promtu
650 2801 744 2851 hebent
763 2816 802 2862 es,
822 2801 855 2852 sd
873 2815 937 2865 quae
955 2800 995 2849 hio
1014 2798 1138 2849 alluditur.
1395 2800 1400 2810 ‘
1478 2828 1486 2847 .

172 2916 174 2921 .
232 2868 317 2930 Quare
336 2873 389 2920 sine
408 2871 488 2921 iruotu
505 2873 552 2922 hoo
571 2875 688 2938 scriptum
707 2873 740 2922 ad
757 2872 855 2928 multos,
874 2872 933 2922 dcet
944 2870 1125 2921 matbematnm
1138 2866 1299 2918 umentissimi
1319 2866 1369 2914 sint
1387 2861 1430 2927 (de
1448 2862 1516 2914 soliis

162 2956 209 2990 non
227 2938 338 3005 loquor),
356 2944 490 3005 perveniet
528 2944 647 2993 Existimo
665 2945 754 3009 igitur,
774 2946 794 2993 sl
813 2943 845 2992 D.
865 2943 1004 3007 Keppierns
1022 2947 1166 2997 moneatur,
1191 2944 1220 2988 ut
1237 2938 1373 2987 hoe'suum
1390 2934 1516 2986 laudabile

163 3019 188 3060 ιι
204 3012 286 3062 nobile
304 3014 431 3063 inventum
449 3015 523 3077 paulo
541 3015 671 3066 dilueidius
691 3023 717 3064 et
732 3015 874 3078 popularius
891 3019 1021 3078 proponat,
1034 3011 1105 3076 ·quod
1122 3011 1206 3061 iursan
1224 3009 1278 3059 deri
1295 3015 1388 3073 posset,
1405 3009 1428 3056 si
1445 3019 1515 3070 prae·

163 3084 271 3133 mitteret
289 3082 421 3149 (sen'ptum
439 3086 505 3134 enim
522 3087 601 3150 ipsum
620 3094 658 3136 ιιι
676 3077 833 3153 αἰεφιλον)
857 3088 981 3135 nomenve
1000 3085 1176 3148 expositionem
1194 3080 1328 3144 pleniorem
1346 3077 1516 3142 hypothesium

163 3153 308 3218 Cupernioi:
327 3157 347 3204 si
366 3154 456 3206 recitet
473 3157 633 3220 sphasrsrum
652 3159 761 3220 ordinem
781 3165 806 3207 et
824 3158 1016 3212 dimensionem,
1036 3161 1109 3219 atque
1127 3154 1221 3203 indicet
1237 3152 1308 3207 losa,
1326 3150 1413 3216 quibus
1431 3163 1517 3198 earum

162 3225 280 3274 dimensio
299 3240 316 3274 ι
334 3226 470 3290 Copernioo
488 3230 607 3285 traditur,
632 3230 741 3279 sdhibito
759 3229 831 3278 simul
850 3229 977 3278 schemate
996 3234 1022 3277 et
1039 3227 1161 3282 numeris:
1185 3225 1244 3288 quis
1261 3225 1314 3272 sine
1332 3221 1459 3271 schemate
1477 3234 1516 3269 res

161 3297 270 3360 potasse
282 3298 457 3348 obseusissima
469 3307 521 3355 est3
541 3308 624 3364 posset
641 3307 724 3351 autern
743 3302 845 3351 sehsma
862 3301 909 3350 vile
928 3306 954 3351 et
972 3298 1142 3363 qutleouuque
1158 3296 1222 3353 lieri·
1239 3294 1312 3361 qul·
1331 3299 1369 3343 0⁸⁸
1385 3293 1411 3342 1⁸
1424 3291 1514 3355 c‘’liif·

161 3371 229 3425 nieo,
256 3369 323 3431 qnod
341 3377 366 3419 et
384 3371 464 3433 ipsum
480 3373 541 3421 setis
560 3373 620 3422 rude
639 3379 691 3426 est,
718 3374 814 3423 intento
838 3378 923 3422 umen
948 3373 1002 3433 ejus
1025 3368 1155 3419 mutuos
1192 3365 1290 3418 Deinde
1308 3366 1330 3419 ti
1346 3364 1517 3428 praemitteret
1538 3387 1543 3398 ·

161 3440 294 3504 tliqualem
312 3441 501 3505 expheedonem
517 3446 705 3508 prseeipuerum
723 3443 900 3508 proprietatnm
923 3438 1054 3507 (quantun
1072 3440 1105 3490 ad
1123 3454 1239 3505 praesens
1255 3437 1396 3488 instititutis
1413 3447 1522 3486 neeesse.

161 3507 210 3572 sss)
228 3511 379 3577 regularium
397 3509 531 3577 sorpormu.
551 3530 606 3564 oum
625 3517 857 3566 commonstrstione
875 3513 965 3564 sslouli
981 3511 1127 3563 numersudi
1143 3510 1338 3563 semidismetros
1356 3506 1515 3572 spbsersrun

162 3584 399 3647 drmmsesiptsm
416 3592 445 3634 et
461 3587 643 3650 inseriptsrnsn.
680 3586 735 3636 llos
753 3587 819 3637 enim
836 3587 883 3635 nisi
901 3585 959 3641 hat,
978 3599 1018 3634 res
1035 3582 1144 3646 proiecto
1162 3583 1229 3633 omni
1247 3581 1302 3631 luos
1320 3578 1408 3629 orbsts
1426 3584 1473 3649 est.v

230 3653 368 3706 Ριιιιιιιι
384 3657 410 3705 in
429 3658 607 3708 modestiam
619 3660 705 3721 maiori
716 3658 886 3721 perspionitsti
898 3655 1015 3706 studeret
1043 3653 1134 3704 Leotm
1151 3655 1217 3704 enim
1236 3657 1346 3704 ιιιιιιιι
1364 3648 1515 3701 obsonium

162 3731 187 3775 st
202 3725 367 3789 perplexitate
384 3742 433 3777 non
452 3726 614 3780 offendendus
633 3737 683 3787 ιιι,
706 3729 750 3780 sed
768 3729 943 3793 perspiouitste
967 3734 993 3777 et
1010 3725 1086 3790 planu
1105 3732 1179 3790 atque
1197 3731 1285 3789 aperte
1302 3722 1453 3773 ιιιιιιιίοιιι
1471 3734 1513 3771 ex·

162 3797 321 3868 dtsndns-et
337 3799 478 3849 invitandus
496 3808 542 3851 est
579 3799 636 3853 Hae
658 3803 724 3851 enim
746 3807 804 3852 suut
826 3799 932 3850 delioiss
955 3805 980 3848 et
1004 3798 1134 3854 lsutitise,
1162 3810 1223 3861 quse
1245 3795 1279 3846 D.
1298 3791 1437 3857 Kepplerus
1461 3791 1514 3857 ipse

162 3870 389 3991 suioempropositss
408 3877 487 3935 optat,
505 3872 593 3935 quibus
610 3887 660 3922 non
678 3877 732 3923 tota
749 3886 849 3928 mensa,
868 3886 925 3922 oum
942 3869 1054 3919 omnibus
1072 3866 1097 3918 in
1116 3870 1255 3919 universnm
1273 3864 1370 3915 ierouiis
1389 3869 1514 3953 tentetis,

162 4072 166 4083 ¹
229 4010 288 4062 lios
305 4013 327 4063 si
344 4012 439 4069 teuent,
458 4028 508 4083 pon
526 4014 618 4073 dubito,
637 4016 696 4079 quin
713 4015 766 4079 ipse
785 4013 883 4065 abunde
895 4013 944 4062 voti
959 4012 997 4063 sui
1010 4025 1109 4076 eompos
1120 4011 1224 4068 iuturus,
1243 4008 1381 4072 multusque
1399 4007 1433 4058 sd
1450 4014 1513 4058 rem·

161 4083 285 4146 publicem
302 4084 505 4135 mathematicum
523 4086 616 4137 frustm
634 4086 755 4136 rediturus
773 4088 814 4136 sit
835 4107 870 4118 -

166 4155 360 4275 ¹5⁰6liaestliui
380 4156 528 4218 „jndioinm‘¹
549 4155 962 4221 trsnsmisitKepleroldattbaeus
978 4152 1219 4206 llsienreiierus
1233 4147 1269 4215 ¹⁰)
1289 4147 1356 4202 died
1376 4145 1515 4214 (idliuuii

236 4226 300 4284 ,his
319 4226 409 4277 sdditis
427 4227 519 4278 literis:
588 4258 594 4269 ·

232 4296 381 4349 venerande
400 4306 426 4348 et
444 4299 583 4349 doctissime
602 4301 645 4357 vir,
665 4299 761 4350 domine
779 4299 856 4350 ireter
874 4297 984 4348 nolendo.
1013 4297 1049 4346 lix
1064 4295 1162 4348 deoreto
1175 4294 1317 4358 amplissimi
1331 4299 1431 4344 senatis
1447 4307 1513 4344 oom-

162 4372 247 4419 nissns
265 4369 391 4420 satiabor
409 4378 465 4421 tuus
485 4371 624 4421 docemus
642 4373 735 4435 pariter
752 4379 778 4421 et
800 4371 988 4435 profundissimo
1008 4367 1186 4419 mathematiso
1205 4365 1282 4416 hlioh
1301 4365 1447 4422 Msestlino,
1473 4367 1514 4430 qni

160 4440 207 4490 hoe
224 4449 250 4490 te
268 4441 440 4492 honestissimo
459 4442 584 4492 decorarit
602 4443 748 4493 tesu'monio.
768 4442 832 4506 quod
850 4448 916 4491 totus
934 4440 1042 4490 inclutus
1059 4446 1161 4490 senstus
1179 4439 1330 4489 unanimiter
1346 4438 1391 4486 tibi
1410 4451 1512 4503 oonpra·

162 4512 268 4566 teletus.
296 4519 372 4576 tique
396 4520 555 4578 segmentum
579 4515 698 4564 donorum
722 4520 818 4563 tuorum
837 4529 867 4564 ex
885 4513 966 4562 animo
990 4517 1167 4575 comprecatur.
1204 4509 1288 4571 Quam
1310 4507 1452 4560 sdmirsbiie
1476 4515 1514 4557 ιιι

161 4591 244 4634 sutem
262 4584 309 4634 hoe
328 4600 423 4636 novum«
435 4586 561 4635 inventum
575 4595 652 4640 mum.
672 4590 724 4636 tem
737 4585 797 4635 utile
810 4600 865 4636 esse
878 4584 990 4633 omnibus
1004 4583 1135 4634 lectoribus
1149 4582 1215 4631 idem
1232 4579 1394 4645 amplissimus
1411 4585 1513 4630 ιιιιιιι

162 4663 269 4719 exoptat
297 4655 374 4705 Jubet
391 4656 476 4720 itaque
494 4660 522 4704 ut
539 4657 674 4707 seeundum
693 4653 1016 4719 admonitores-,Mnessltnl
1035 4662 1061 4704 et
1073 4652 1202 4717 copemiei
1219 4651 1365 4716 hypotheses
1384 4655 1411 4699 et
1427 4664 1511 4713 eorpo-

163 4741 215 4778 rum
231 4726 382 4795 regulsn‘usn
400 4726 565 4782 dnennouss
584 4731 654 4797 qussi
671 4728 832 4797 presiatiouis
849 4727 903 4778 loeo
927 4708 1089 4792 prienlttss,
1116 4731 1144 4777 et
1167 4724 1227 4777 tlibi
1247 4723 1430 4799 ombmsuuque
1450 4719 1512 4776 lusit
