3366 5482
235 304 302 376 tat
656 306 1165 409 uwampmmomqumau

323 468 463 531 Excuses
486 476 527 543 te,
552 482 604 530 cnr
628 468 700 530 mihi
722 488 780 530 non
806 469 990 542 satisfacias,
1016 468 1134 529 interea
1157 469 1262 532 sedulo
1286 491 1306 531 a
1324 487 1372 530 me
1394 468 1504 530 literas
1528 468 1595 535 exi-

235 558 293 639 gis.
340 556 448 632 Scias,
472 577 519 619 me
544 558 679 637 cogitare
702 559 831 637 posthac
854 567 885 617 te
909 558 1029 629 ulcisci,
1054 577 1111 617 non
1136 557 1218 634 prius
1242 558 1426 631 rescribere,
1450 556 1595 638 quamin
1634 624 1642 641 ,

236 644 428 725 ἐι1ῐοΙοςίοῐε
452 646 630 725 quibusdam
654 645 750 708 literis
773 646 848 708 meis
873 645 1022 724 prioribus
1045 645 1243 707 satisfeceris.
1482 714 1485 721 ¹

323 732 469 813 Princeps
484 735 604 813 quidam
619 743 708 796 natus
724 742 772 796 est
793 731 888 806 1578,
912 732 965 797 25.
982 733 1052 797 Oct.
1072 735 1101 794 h.
1127 727 1187 813 3¹),
1211 754 1240 815 p.
1257 757 1296 798 m.
1318 734 1373 796 alt.
1389 733 1451 813 poli
1465 724 1555 811 48¹1,
1572 728 1595 797 ⁰.

236 824 322 887 biars
344 838 400 903 per
423 821 467 884 3⁰
488 825 569 885 nltra
591 824 737 885 calculum
762 823 860 886 Stadii
885 832 917 885 et
939 823 1095 885 Maestlini
1119 822 1226 885 inerat.
1274 824 1319 885 De
1345 832 1443 884 morte
1460 818 1595 887 Cardani

235 912 310 975 nihil
333 911 406 974 scin.
452 910 499 972 De
523 913 714 992 astrologicis
739 913 831 975 etiam
854 912 927 973 nihil
951 912 1089 991 posthac,
1114 912 1171 973 nisi
1195 914 1279 991 prius
1302 932 1357 992 per
1380 921 1490 991 partes
1508 910 1595 991 jndi-

237 1018 299 1078 ces,
323 1000 465 1082 quidquid
488 1001 517 1061 in
542 1020 610 1061 mea
633 1001 847 1062 dissertatione
870 1000 979 1080 probes
1003 1000 1050 1060 vel
1074 1000 1206 1080 rejicias.

326 1086 376 1160 Ad
408 1089 568 1169 epistolam
597 1086 701 1152 (130.
729 1090 800 1150 Jan.
824 1086 870 1163 (9.
895 1091 984 1160 Feb.)
1018 1088 1171 1167 scriptam.
1218 1096 1296 1159 (Vide
1314 1111 1389 1161 supra
1405 1112 1431 1161 p.
1450 1088 1528 1158 323.)

326 1177 385 1240 Pro
410 1177 673 1239 observationibus
697 1170 749 1242 29.
773 1176 844 1239 Jan.
869 1179 985 1258 gratias
1009 1197 1076 1257 ago.

268 1340 271 1351 Ι
325 1264 360 1327 in
385 1262 549 1328 Germania
581 1266 649 1344 plus
683 1267 815 1345 frigoris,
850 1258 920 1347 qnia
948 1268 1022 1327 haec
1051 1266 1171 1345 propior
1205 1264 1332 1343 frigidae
1365 1264 1446 1328 aeris
1471 1266 1594 1346 regioni

237 1336 393 1420 hiaritima
416 1355 620 1434 profundiora,
645 1355 763 1435 etipse
787 1362 892 1415 aestus
916 1357 1069 1416 madorem
1094 1354 1197 1428 affert,
1221 1354 1299 1433 quod
1322 1354 1361 1415 D.
1385 1353 1595 1418 Cancellarius

237 1436 372 1507 Francus
397 1442 512 1505 erudite
537 1443 661 1503 monuit.
709 1442 830 1505 Nivinm
845 1463 916 1505 vero
939 1445 1007 1523 plns
1031 1443 1060 1504 in
1078 1442 1253 1519 Germania,
1279 1442 1349 1521 quia
1367 1444 1436 1523 plus
1451 1442 1493 1505 ibi
1508 1464 1594 1506 mnn-

237 1533 321 1606 tinm,
345 1530 424 1592 unde
447 1531 522 1592 haec
546 1531 674 1593 materia
697 1533 830 1593 exhalat.

326 1621 471 1682 Boreas
504 1641 523 1680 a
547 1618 752 1682 Groenlandia
774 1620 860 1683 venit
890 1638 945 1698 per
972 1620 1103 1680 medium
1127 1636 1272 1679 oceanum
1305 1618 1385 1681 inter
1407 1620 1595 1683 Britanniam

156 1783 166 1791 ι
239 1715 272 1771 et
294 1700 540 1781 scandinaviam,
564 1709 593 1772 h.
610 1728 636 1770 e.
660 1708 894 1788 Nordvvegiam:
920 1709 1011 1787 igitur
1035 1709 1144 1769 mitior.
1192 1704 1308 1769 Contra
1328 1705 1493 1771 Caecias
1518 1709 1599 1773 venit

239 1817 276 1858 ex
302 1796 356 1858 illa
377 1816 470 1878 prope
495 1797 635 1876 regione,
662 1799 710 1860 nbi
743 1799 879 1860 Drace
912 1798 1013 1858 media
1036 1803 1154 1858 aestate
1179 1815 1327 1859 summum
1352 1797 1468 1860 invenit
1491 1798 1596 1879 frigus.

181 1926 184 1931 -
238 1884 395 1950 Allabitur
428 1896 547 1947 ventum
581 1886 696 1960 fluxus,
735 1894 769 1948 ut
796 1906 924 1966 aquam,
957 1896 1120 1967 propterea
1142 1885 1172 1946 in
1197 1885 1339 1947 circulum
1363 1885 1447 1960 abit,
1486 1905 1546 1949 non
1570 1887 1598 1948 in

242 1982 368 2038 rectum.
414 1974 495 2036 Nam
519 1975 649 2053 impetus
674 1995 709 2035 eo
734 1995 827 2054 usque
852 1976 934 2036 illum
958 1995 1015 2035 non
1039 1980 1145 2054 posset
1168 1974 1301 2048 deferre,
1336 1975 1394 2037 nisi
1417 1977 1517 2038 iinxus
1541 1974 1597 2037 ad·

238 2064 371 2144 juvaret.
418 2062 539 2123 Ventus
563 2072 611 2124 est
635 2063 731 2124 fluxus
755 2064 845 2133 aeris,
871 2071 903 2125 nt
927 2082 1022 2143 aquae
1038 2064 1147 2124 fluxus.
1185 2060 1368 2141 Principium
1392 2064 1505 2127 linendi
1526 2062 1599 2128 iacit

241 2150 378 2212 ebullitio
403 2170 440 2211 ex
473 2151 631 2212 altissimis
655 2153 814 2215 montibus.
867 2151 918 2214 Ab
949 2172 984 2213 eo
1018 2151 1141 2231 fastigio
1175 2151 1303 2227 materia
1335 2153 1448 2232 partim
1480 2154 1598 2232 frigore,

240 2239 353 2320 partim
377 2259 433 2299 sna
457 2239 609 2317 gravitate
639 2243 721 2312 (nam
746 2247 799 2302 aer
822 2239 851 2301 in
876 2241 999 2302 aethere
1023 2239 1125 2320 gravis
1149 2241 1212 2314 est)
1246 2239 1415 2304 devolvitur
1438 2251 1471 2303 et
1493 2242 1525 2303 in
1549 2262 1600 2303 su-

242 2328 363 2408 perficie
387 2327 467 2388 aeris
491 2326 566 2389 iacit
590 2330 730 2390 circulum
755 2329 846 2391 alium
872 2350 908 2391 ex
933 2330 1002 2400 alin,
1028 2329 1191 2390 latissimos
1215 2329 1338 2391 ultimos
1362 2337 1394 2391 et
1417 2329 1598 2393 laxissimos.

332 2413 492 2477 Genesin
516 2416 818 2479 Dietrichstenii
843 2420 963 2493 nescio;
987 2417 1107 2479 incivile
1131 2425 1189 2493 est,
1215 2418 1345 2497 petendo
1370 2439 1437 2481 eam
1457 2420 1599 2482 refricare

242 2504 374 2567 doloiem
397 2505 503 2587 patris.
1182 2502 1186 2511 “

332 2590 508 2656 Cometes
549 2600 623 2673 pnto
665 2614 791 2674 corpora
830 2594 991 2674 perspicua
1032 2595 1079 2655 vel
1121 2593 1291 2674 pellucido,
1334 2595 1417 2658 intus
1454 2594 1600 2657 materias

243 2681 360 2745 ratione
385 2683 532 2744 colorata.
579 2683 722 2744 Transito
746 2684 849 2761 itaque
873 2684 1024 2744 radiorum
1040 2681 1122 2744 Solis
1146 2684 1327 2746 colorantur.
1374 2684 1420 2745 De
1447 2683 1505 2745 huc
1528 2683 1600 2744 nihil

244 2769 358 2832 dnblto.
406 2768 562 2840 Quomodo
587 2772 693 2833 aether
716 2771 856 2850 limpidus
880 2772 934 2832 hos
959 2772 1074 2832 colores
1098 2771 1258 2850 suscipiat,
1283 2790 1350 2833 cnm
1374 2771 1457 2833 Solis
1481 2778 1515 2832 et
1536 2768 1600 2832 Lu·

181 2919 184 2924 .
243 2878 300 2922 nae
325 2858 426 2920 radios
451 2879 507 2920 non
533 2859 692 2939 suscipiat,
721 2860 879 2940 plurimum
903 2859 1034 2939 disputo,
1058 2878 1164 2938 parum
1188 2858 1259 2922 mihi
1282 2870 1398 2923 consto.
1446 2859 1600 2922 Interdum

241 2956 326 3029 puto,
352 2948 511 3009 materiam
536 2968 603 3010 esse
628 2948 709 3010 circa
731 2957 878 3010 cometam
902 2956 965 3010 tam
989 2949 1051 3010 late
1076 2967 1251 3027 expansam,
1276 2969 1352 3030 quas
1372 2947 1508 3028 excipiat
1524 2948 1601 3010 hanc

244 3037 490 3111 illustrationem,
520 3047 553 3099 nt
576 3037 736 3115 pulvisculi
760 3037 862 3098 Solem
887 3038 916 3097 in
940 3037 1068 3098 obscura
1090 3057 1230 3111 camera;
1262 3047 1333 3099 tuuc
1356 3057 1451 3098 cansa
1474 3036 1600 3098 visionis

244 3130 327 3186 esset
341 3126 370 3186 in
386 3126 563 3187 collectione
578 3135 609 3187 et
627 3118 876 3206 multiplicatione
890 3126 1050 3187 radiomm.
1088 3127 1241 3187 Interdum
1263 3126 1335 3187 mihi
1353 3134 1385 3187 et
1402 3125 1451 3187 hic
1466 3124 1601 3198 (aether)

243 3213 309 3295 ipse
332 3212 451 3275 videtur
475 3214 653 3275 materiatus
678 3221 709 3275 et
723 3215 853 3276 colomm
873 3233 979 3293 capax,
1004 3214 1182 3293 praesertim
1203 3217 1272 3295 qnia
1296 3214 1447 3276 latissima
1470 3215 1535 3294 ejus
1555 3223 1603 3275 est

243 3300 406 3364 illustratio
431 3323 450 3362 a
473 3311 608 3377 cometa,
642 3303 735 3364 radiis
755 3302 836 3364 Solis
864 3302 1014 3365 refractis.
1061 3301 1143 3363 Tunc
1172 3304 1264 3382 igitur
1292 3303 1415 3376 accidit,
1446 3311 1489 3377 nt,
1524 3302 1603 3384 qnod

244 3398 292 3451 est
314 3391 525 3470 propinquum,
562 3391 809 3471 inconspectum
837 3410 896 3453 non
920 3392 1032 3453 veniat.
1081 3390 1235 3453 Interdum
1266 3401 1355 3471 puto,
1393 3391 1523 3453 caudam
1547 3411 1601 3454 co·

243 3487 342 3540 metae
365 3480 537 3558 pertingere
560 3479 639 3541 inira
662 3480 788 3553 Lunam,
814 3488 845 3541 et
867 3481 945 3540 hanc
969 3498 1090 3541 cansam
1115 3499 1183 3542 esse
1199 3481 1373 3560 apparentis
1397 3479 1514 3541 candae
1529 3500 1602 3562 pro-

241 3566 391 3649 jectionis,
418 3577 448 3628 et
472 3566 564 3630 radiis
588 3567 669 3630 illins
693 3569 818 3630 colorari
843 3568 1000 3629 materiam
1024 3569 1137 3630 adriam
1161 3570 1351 3632 crassiorem.
1398 3568 1600 3631 Dilatatienis

244 3674 338 3718 causa
369 3657 453 3741 veuit
484 3670 521 3718 ex
554 3656 671 3737 legibus
704 3658 829 3736 opticis,
864 3657 1067 3737 refringuntnr
1095 3657 1172 3718 radii
1204 3658 1242 3718 ad
1265 3656 1528 3738 perpendiculum,
1560 3667 1601 3730 et,

245 3745 379 3807 'sectione
404 3745 501 3819 iacta,
520 3754 680 3807 transeunt
703 3747 733 3807 in
758 3745 927 3824 oppositam
950 3756 1077 3825 partem.

332 3830 379 3894 De
403 3833 663 3896 incurvatione
688 3832 759 3915 qnid
783 3852 839 3895 non
865 3835 914 3906 sit,
940 3835 1039 3896 dicere
1062 3851 1194 3913 possum,
1220 3840 1253 3894 at
1277 3832 1422 3915 nunquid
1442 3834 1493 3895 sit.
1533 3834 1601 3896 Non

245 3928 294 3983 est
315 3920 491 4002 paraliaxis,
517 3932 551 3984 ut
575 3923 676 4003 Tycho
699 3923 837 4002 putavit3
861 3942 931 3984 nam
954 3924 1120 4001 parallaxis
1145 3942 1182 3983 ex
1208 3923 1299 3983 rectis
1323 3940 1381 3983 non
1400 3930 1512 4001 ‚potest
1531 3923 1602 3985 red·

246 4008 315 4072 dere
340 4030 440 4072 curva.
487 4011 556 4073 Non
580 4021 629 4073 est
652 4020 686 4073 nt
709 4013 813 4073 Lunae
837 4012 1029 4082 illuminatio,
1063 4031 1139 4091 quae
1162 4030 1233 4072 vere
1268 4020 1315 4072 est
1345 4030 1441 4102 'curva
1472 4011 1603 4074 circula·

244 4098 327 4161 riter.
375 4099 420 4161 Tn
444 4098 470 4161 si
494 4118 540 4161 me
563 4098 759 4171 refutaveris,
781 4117 842 4161 non
868 4119 914 4160 me
939 4101 1082 4162 offendes.
1131 4099 1356 4162 Obscurissima
1379 4110 1428 4161 est
1452 4101 1602 4181 quaestio.

244 4184 309 4251 Nec
333 4206 389 4266 ego
412 4189 513 4271 plures
537 4189 597 4250 vidi
622 4205 692 4250 uno
718 4189 786 4250 anni
814 4184 897 4252 1596
921 4188 1093 4251 Novembri.
1141 4197 1218 4260 (vias
1236 4198 1320 4248 nau.
1344 4213 1368 4261 p.
1390 4195 1464 4258 aas.)

315 4270 485 4326 lishricius
506 4271 542 4339 [d.
563 4274 586 4325 1.
607 4275 676 4337 (ll.)
688 4272 788 4342 Febr.]:
820 4272 910 4328 Scribis
928 4276 959 4327 ds
977 4285 1059 4327 terrae
1077 4283 1146 4342 motu
1164 4277 1188 4326 in
1208 4275 1289 4327 Rheni
1307 4285 1390 4327 tracta
1409 4275 1445 4340 (r.
1458 4286 1479 4328 s.
1493 4272 1603 4344 ptis).

245 4346 322 4411 (inple
346 4355 443 4409 tempus
469 4361 626 4412 cognoscere.
664 4348 732 4398 Nihil
755 4363 800 4397 uos
818 4349 858 4399 hio
877 4351 997 4399 sensimus
1016 4347 1061 4399 dte·
1100 4349 1154 4414 Ego
1173 4364 1203 4397 ax
1222 4346 1294 4398 ruina
1319 4351 1396 4412 partis
1414 4350 1522 4414 alicuius
1539 4351 1603 4401 ints·

243 4419 313 4469 sissia
332 4418 465 4468 dissolutas
484 4419 509 4466 in
528 4420 698 4481 subiacentem
716 4421 854 4470 caritatem
867 4421 1006 4470 interiorem
1026 4427 1107 4471 terrae
1125 4427 1206 4469 motus
1225 4421 1330 4471 existere
1342 4427 1411 4484 puto.
1448 4419 1521 4472 Sient
1539 4423 1604 4472 suin

244 4501 320 4555 supra
336 4496 428 4539 terram
446 4495 504 4538 sunt
522 4497 625 4550 montes,
646 4493 683 4540 ita
700 4490 768 4540 haud
786 4492 858 4540 dubie
877 4493 902 4540 in
920 4498 989 4540 terra
1007 4505 1129 4541 caremae
1148 4490 1322 4554 amplissimae,
1341 4492 1413 4557 quui
1432 4497 1521 4549 antra,
1538 4508 1603 4559 quas

245 4558 420 4611 combustibilis
433 4562 546 4620 materia,
568 4563 604 4612 rel
622 4560 718 4627 liquida
736 4560 884 4620 substantia,
904 4562 942 4611 rel
960 4563 1039 4612 simile
1058 4561 1116 4626 quid
1134 4563 1228 4626 implet.

333 4631 536 4714 Keplerus:
575 4633 612 4693 ad
641 4633 774 4713 prolixas
804 4635 872 4694 illas
903 4634 928 4694 1.
952 4632 1041 4694 Fiebr.
1068 4633 1166 4695 datas.
1206 4632 1336 4712 Tempus
1367 4642 1468 4696 terrae
1503 4626 1604 4698 motus

246 4722 365 4798 qnaeris
381 4721 491 4782 rectius
507 4741 544 4783 ex
559 4720 755 4783 relationibus
770 4721 933 4783 historicis.
962 4722 1094 4784 Videtur
1111 4720 1160 4784 15.
1178 4721 1262 4801 Sept
1279 4720 1372 4791 fuisse
1387 4738 1466 4786 anno
1485 4718 1581 4788 16111.

334 4809 452 4889 Negas,
487 4810 599 4871 moveri
622 4818 735 4871 terram
757 4820 907 4886 vestram,
942 4811 1100 4873 coufirmat
1128 4819 1159 4874 te
1184 4808 1275 4874 Corn.
1301 4809 1439 4875 Gemma.
1487 4811 1613 4876 Exem-
