3366 5482
729 256 892 308 menium.
1129 272 1130 275 ’
1342 295 1351 312 ·
1426 254 1490 322 238

141 429 205 465 rsuo
216 413 301 465 libello
314 415 400 473 edidit,
422 430 469 465 ma
480 431 531 466 uon
544 422 610 473 runt,
632 431 679 468 nec
701 418 777 468 etiam
800 431 831 466 ea
852 419 908 481 ipsa
919 416 1043 482 intelligit,
1066 418 1103 467 ita
1126 422 1156 465 ut
1172 429 1236 480 qnae
1255 416 1323 466 bona
1335 424 1394 467 sunt
1414 419 1439 467 iu
1453 433 1490 476 eo,

142 499 174 535 rae
195 484 266 534 ialsis
288 487 369 535 verbis
390 494 518 550 proponat.
556 486 639 536 Multa
661 488 805 551 a'l'ycboue
824 489 901 537 habet
923 494 948 537 et
969 504 1011 552 pro
1033 489 1083 537 suis
1103 487 1223 546 venditat,
1246 501 1309 553 quae
1327 489 1353 537 in
1366 488 1491 552 Typhonis

142 557 183 606 bro
205 556 251 605 tibi
272 558 416 606 monstravi.
464 558 653 623 Triangulomm
680 561 755 622 ipsius
778 559 891 608 doctrina
911 559 970 608 nihil
993 557 1151 609 memorabile
1172 558 1249 609 habet
1276 559 1340 622 qnod
1361 575 1410 609 non
1433 560 1492 610 alibi

142 626 210 678 telius
222 627 341 690 scriptum
354 635 442 678 emtet
480 628 553 688 Quae
574 644 630 679 vero
650 631 675 678 in
690 643 720 678 ea
733 631 863 678 observatu
883 631 960 694 digna
972 637 1038 685 sunt,
1061 631 1113 694 ipse
1136 644 1185 679 nou
1204 628 1326 694 intelligit,
1349 630 1405 680 ideo
1427 629 1490 680 false

142 698 254 761 tinepte
272 701 396 762 proponit.
432 699 523 748 Mirum
545 715 604 764 ergo
616 701 675 749 mihi
688 701 820 758 rideretur,
843 702 863 748 si
884 715 900 750 a
919 708 945 750 te
966 716 1039 763 snper
1060 707 1130 751 astra
1150 702 1185 750 sic
1203 700 1354 750 eveheretur.
1392 702 1489 765 Dignus

142 781 208 834 aque
221 775 297 826 esset
321 777 349 819 ut
361 777 449 820 contra
461 773 541 834 ipsum
555 778 581 820 te
593 786 722 836 purgares,
743 772 807 835 qnod
828 777 873 822 tna
893 771 1050 821 humanitate
1072 777 1202 835 tantopere
1216 772 1334 825 abutitur.
1356 773 1413 835 quia
1434 786 1491 822 rere

142 853 173 889 uu
184 840 268 901 modu,
286 846 312 890 te
332 841 470 891 istiusmodi
492 844 643 891 ornamentis
665 844 745 906 ipsum
761 843 837 892 inisse
861 842 997 907 dignatum.
1021 840 1053 902 (E
1073 843 1150 892 literis
1169 842 1192 892 d.
1213 841 1236 889 d.
1258 839 1298 888 14.
1317 840 1367 891 Jul.
1387 838 1442 901 98.)

194 979 291 1040 Qnibm
312 979 473 1045 Koplerus
493 981 556 1032 haec
576 983 703 1046 respondit
725 981 766 1043 (ex
786 997 824 1046 ep.
848 983 871 1032 d.
894 980 918 1031 9.
934 982 996 1032 Dec.
1019 980 1053 1032 ee
1075 983 1143 1032 data.
1177 982 1262 1046 Comp.
1281 1000 1306 1047 p.
1327 979 1360 1030 39
1380 988 1406 1033 et
1424 977 1491 1038 illl:

212 1122 365 1202 ‘lychuuis
389 1122 493 1184 literas
517 1124 647 1184 noudum
671 1124 748 1194 vidi,
768 1143 902 1210 mearum
926 1125 965 1184 ad
989 1123 1073 1184 illum
1097 1125 1253 1202 exemplar
1277 1124 1356 1202 apud
1379 1132 1410 1186 tc
1435 1143 1490 1185 ex-

142 1217 206 1272 tare
230 1211 359 1290 gaudeo.
405 1212 484 1272 Nam
508 1212 651 1290 prodigus
676 1232 741 1273 sum
764 1211 931 1274 verborum.
979 1210 1096 1290 Scripsi
1109 1213 1261 1291 profecto,
1287 1230 1344 1292 quo
1364 1232 1411 1272 me
1435 1231 1488 1272 ca-

142 1318 221 1361 smus
254 1298 398 1372 ducebat,
433 1308 540 1360 contra
572 1318 660 1378 quarn
684 1301 723 1360 ad
756 1308 873 1361 tantum
897 1301 992 1362 virum
1022 1301 1131 1362 decuit.
1178 1300 1288 1362 Earum
1322 1300 1398 1361 adeo
1432 1319 1489 1360 nou
1594 1343 1595 1346 ,

142 1387 245 1448 remini
269 1388 407 1465 amplius.
455 1389 580 1449 Utinam
604 1389 783 1448 observator
806 1389 1057 1466 diligentissimus
1083 1389 1153 1449 olim
1177 1408 1261 1449 anre
1276 1397 1376 1449 motae
1402 1387 1490 1449 dubi-

142 1474 250 1537 utiouis
274 1476 311 1536 de
342 1476 409 1535 tisis
444 1477 625 1538 mentionem
650 1476 774 1537 faceret.
823 1475 992 1538 Observavi
1022 1496 1077 1555 ego
1108 1478 1258 1554 triangulo
1284 1477 1349 1538 rudi
1374 1476 1491 1557 (qualia

142 1583 207 1627 uere
222 1563 469 1625 Patriarcharum
492 1565 637 1625 adiluvio
653 1566 787 1644 tuguria)
819 1563 908 1629 1597.
931 1564 1065 1637 Octobri,
1092 1564 1264 1637 Decembri,
1292 1562 1386 1628 1598.
1403 1565 1490 1625 Mar-

141 1653 177 1726 io,
201 1651 386 1731 Septembri.
433 1653 567 1714 Primam
587 1653 803 1714 falsamiuisse
828 1673 991 1714 cousensus
1011 1653 1199 1731 sequentium
1229 1660 1370 1714 testatur.
1410 1653 1488 1714 Nam

142 1741 235 1820 iqua
258 1750 308 1802 est
331 1740 500 1802 differentia
524 1741 692 1803 altitudinis
717 1743 840 1802 fixarum
865 1743 992 1803 diversis
1018 1741 1088 1801 anni
1108 1741 1301 1821 temporibus,
1327 1741 1381 1803 illa
1394 1740 1490 1802 minor

143 1836 174 1891 et
205 1836 348 1891 sextante
378 1830 505 1908 gradus;
540 1849 609 1890 uam
643 1830 809 1908 quadrante
842 1850 907 1891 meo
941 1830 1082 1908 scrupula
1107 1831 1275 1891 consectari
1306 1848 1363 1889 uon
1394 1830 1488 1908 potui.

142 1917 192 1997 lgo
216 1937 288 1979 veru
320 1938 356 1978 ex
380 1918 476 1996 prima
506 1919 585 1979 falsa
614 1918 826 1979 observatione
853 1918 973 1997 putavi,
1007 1917 1205 1978 differentiam
1235 1919 1297 1978 fore
1332 1919 1489 1993 semissem

142 2005 250 2080 padus.
299 2005 333 2067 Si
355 2006 384 2065 in
408 2006 512 2085 primis
537 2014 569 2067 et
592 2009 728 2084 partibus
752 2007 838 2085 primi
863 2008 1025 2086 majoribus
1045 2006 1128 2066 nulla
1148 2014 1196 2067 est
1212 2007 1392 2078 differentia,
1418 2025 1490 2066 sane

142 2102 159 2155 t
180 2113 238 2174 ego
262 2094 422 2174 plurimum
447 2095 597 2156 movebor.
646 2094 723 2164 Quis
747 2096 825 2156 enim
849 2096 968 2167 credat,
1000 2103 1118 2155 tantam
1143 2113 1210 2154 esse
1233 2096 1358 2155 fixarum
1383 2095 1491 2156 altitu-

142 2183 237 2245 llnem.
265 2189 381 2255 (Spectat
393 2190 431 2239 his
443 2192 566 2254 Keplerus
580 2192 763 2250 observationes
776 2193 863 2243 stellae
876 2193 975 2256 polaris,
989 2207 1053 2256 quae
1066 2191 1181 2256 leguntur
1193 2205 1270 2263 supra
1282 2208 1305 2255 p.
1322 2187 1377 2251 tt.)

214 2272 265 2333 Ad
290 2272 428 2333 Ursum
456 2272 563 2349 scripsi
600 2290 677 2331 auno
703 2269 754 2335 95.
785 2282 921 2346 aestate,
956 2273 1128 2352 priusquam
1153 2272 1321 2350 Tubingam
1346 2272 1489 2334 venirem.

142 2360 250 2440 'mpulit
274 2379 320 2422 me
346 2359 464 2439 quidam
489 2379 526 2419 ex
549 2360 723 2438 proceribus
747 2362 915 2441 Waganus‚
937 2361 983 2441 qui
1010 2380 1075 2421 cum
1099 2361 1233 2422 crebrius
1258 2360 1389 2440 Pragam
1413 2381 1489 2421 ven.-

142 2447 209 2521 itet,
240 2449 269 2508 in
294 2448 423 2510 bominis
456 2449 596 2509 notitiam
620 2449 703 2509 venit
734 2469 858 2528 eumque
890 2450 1008 2530 plurimi
1043 2448 1125 2510 facit.
1174 2451 1394 2528 Argumentum
1428 2449 1490 2511 tale

142 2537 201 2609 bre,
225 2536 314 2617 quale
339 2537 367 2596 in
392 2537 543 2617 Tychonis
568 2537 711 2615 epistola:
742 2558 808 2598 cum
832 2539 874 2599 sit
897 2538 942 2599 vir
964 2537 1082 2617 publice
1107 2544 1215 2610 notus,
1241 2557 1278 2598 ex
1302 2538 1386 2616 cujus
1411 2537 1488 2598 scri-

142 2624 190 2702 ptis
221 2625 337 2687 discam
370 2627 529 2703 (quantum
552 2625 651 2686 obiter
682 2626 829 2688 volvendo
863 2626 1031 2705 intelligere
1064 2626 1246 2705 potuerim),
1281 2625 1347 2686 ideo
1377 2644 1424 2687 me
1458 2633 1491 2685 ut

142 2712 306 2792 discipulum
330 2721 361 2774 et
380 2713 522 2790 juvenem
548 2714 675 2792 abipso
700 2715 814 2793 majore
844 2724 947 2776 aetate
971 2723 1074 2794 petere
1099 2733 1255 2775 censuram
1280 2732 1369 2791 super
1392 2731 1489 2793 nego-

142 2798 215 2864 uos
238 2820 403 2881 corporum,
430 2801 507 2880 quod
532 2802 721 2880 paucissimis
746 2805 845 2864 verbis
870 2810 902 2864 et
925 2803 1055 2864 numeris
1082 2802 1240 2863 delineari.
1289 2802 1322 2862 Si
1347 2802 1417 2882 quid
1442 2801 1489 2862 hic

142 2896 185 2950 est
202 2890 393 2960 adulationis,
418 2891 480 2968 ejus
505 2892 622 2968 culpam
646 2891 725 2970 gerit
748 2893 890 2970 splendor
914 2893 1000 2952 aulae
1026 2890 1213 2963 Caesareae,
1237 2900 1269 2950 et
1292 2890 1358 2966 ejus
1385 2897 1488 2950 secta-

145 2982 192 3051 tor,
221 2997 302 3039 meus
331 2979 430 3038 fautor
453 2978 620 3056 Waganus.
667 2979 743 3039 Post
775 2980 986 3058 sesquiannum
1018 2978 1189 3056 respondit,
1224 2979 1409 3055 exemplaria
1431 2978 1490 3037 mei

147 3061 223 3126 libelli
246 3074 364 3145 petens,
388 3066 527 3145 misitque
544 3067 767 3144 chronologiam
792 3088 876 3128 suam
895 3068 922 3127 in
944 3069 1039 3148 iorma
1055 3066 1183 3149 patenti.
1229 3065 1395 3144 Rescripsi,
1422 3064 1489 3124 misi

151 3156 324 3232 exemplaria
373 3154 487 3215 Laudis
517 3155 542 3213 si
567 3155 636 3233 qnid
658 3155 760 3216 addidi
787 3155 880 3235 (quod
904 3156 1019 3229 nescio,
1053 3174 1122 3215 nam
1147 3176 1165 3214 a
1189 3162 1218 3224 te
1248 3154 1335 3213 modo
1360 3154 1489 3214 descen-

152 3235 263 3321 deram),
293 3244 323 3304 id
348 3244 462 3303 factum
486 3261 594 3303 censeo
622 3251 745 3323 propter
773 3246 888 3323 priores
921 3245 1035 3305 literas.
1083 3243 1165 3304 Movi
1189 3243 1335 3321 quaedam
1359 3242 1489 3303 chrono-

152 3321 243 3404 logica,
266 3332 389 3411 placere
412 3331 484 3391 mihi
509 3331 584 3405 disi,
619 3334 697 3412 qnod
720 3351 778 3392 non
803 3341 948 3413 sequatur
970 3332 1093 3393 fictitios
1116 3333 1184 3393 illos
1209 3339 1339 3392 autores.
1386 3329 1490 3391 Mirari

152 3426 185 3510 1130
206 3419 258 3480 dixi
282 3419 478 3497 multiplicem
502 3420 565 3498 ejus
590 3420 761 3495 lectionem,
787 3423 835 3501 qui
860 3421 1085 3500 chronologiam
1109 3420 1200 3482 talem
1225 3419 1356 3481 scribere
1379 3426 1489 3498 potue-

153 3505 188 3562 ssi
226 3507 303 3569 Petii
327 3498 465 3568 omnibus
489 3508 596 3579 modia,
621 3517 654 3569 ut
677 3529 833 3570 censuram
857 3509 885 3570 in
911 3510 1045 3571 libellum
1069 3529 1165 3570 meum
1180 3508 1250 3571 mihi
1266 3508 1378 3569 mittat.
1418 3506 1489 3567 ldeo

153 3587 213 3653 euim
238 3596 407 3657 institutam
440 3597 688 3674 publicationem,
722 3609 756 3659 ut
780 3618 846 3660 cum
880 3618 976 3659 rerum
1005 3598 1108 3660 harum
1133 3599 1298 3659 scientibus
1327 3596 1488 3673 disputem.

154 3667 241 3775 Orati,
273 3694 307 3747 nt
331 3684 466 3765 Tychoni
496 3685 599 3745 mittat
622 3688 787 3766 exemplar,
823 3688 943 3766 ejusque
974 3706 1079 3767 opera,
1116 3687 1224 3765 siqua
1259 3685 1384 3757 babeat,
1418 3682 1489 3743 mihi

154 3773 235 3833 mittat
263 3773 338 3835 meis
372 3772 510 3833 nummis.
558 3773 683 3848 Postea,
719 3785 789 3836 aute
815 3795 924 3836 annum
948 3776 1067 3854 opinor,
1098 3793 1164 3835 cum
1188 3773 1260 3834 nihil
1281 3771 1486 3849 responderet,
1526 3841 1529 3847 .

155 3855 179 3909 ti
195 3875 283 3931 coram
308 3868 412 3922 nostro
436 3864 618 3934 monetario,
642 3863 691 3941 qui
714 3864 833 3943 Pragae
859 3871 938 3938 erat,
964 3883 1010 3924 me
1035 3864 1206 3936 laudasset,
1231 3879 1347 3922 rursum
1371 3859 1489 3939 scripsi,

156 3952 239 4019 urgens
260 3950 389 4029 petitam
414 3969 580 4018 censuram.
626 3951 818 4031 Exprobravi
847 3952 904 4030 ipsi
928 3960 1155 4031 praeposteram
1186 3949 1415 4021 abstinentiam,
1441 3947 1490 4027 qui

156 4041 262 4100 Illittores
294 4060 314 4099 a
347 4036 480 4100 Caesare
514 4048 655 4119 acceptos
689 4042 787 4103 soleat
820 4043 869 4112 (ut
900 4041 947 4100 hic
972 4042 1112 4118 ajebaut)
1145 4040 1296 4100 remittere
1331 4036 1389 4105 illi,
1423 4055 1489 4097 cum

156 4127 235 4188 llssset
255 4128 292 4190 iis
315 4126 494 4188 benefacere
518 4128 684 4189 studiorum
709 4129 869 4191 eorundem
884 4129 1048 4190 cultoribus
1068 4127 1199 4189 etmihi.
1247 4127 1330 4186 Haec
1346 4125 1390 4187 ita
1400 4126 1489 4205 jocu-

157 4197 243 4276 briter.
289 4214 353 4277 Sed
383 4214 454 4276 nihil
483 4217 648 4294 respondit.
697 4216 730 4279 Si
755 4219 826 4297 quid
850 4217 892 4277 illi
926 4217 955 4279 in
981 4236 1103 4277 ossum
1135 4217 1267 4277 locutus:
1302 4213 1488 4286 malefacit,

156 4293 190 4367 lli
206 4300 231 4363 id
254 4305 291 4365 ad
317 4323 389 4364 suos
412 4322 510 4364 mores
535 4314 566 4366 et
589 4304 719 4366 animum
743 4306 846 4378 trahit,
872 4307 950 4385 quod
971 4323 1027 4383 ego
1052 4304 1170 4384 iugenio
1195 4303 1296 4366 tribui.
1342 4302 1427 4363 Nihil
1451 4301 1489 4361 ad

157 4393 189 4442 ΝΘ
205 4392 352 4469 pertinuit,
379 4391 447 4471 quid
472 4392 522 4454 ille
548 4395 664 4455 furatus
688 4414 726 4454 ex
748 4395 874 4456 aliorum
898 4394 1050 4455 laboribus
1075 4404 1166 4466 esset,
1192 4394 1389 4471 exprobrare:
1414 4406 1489 4450 cau·

157 4474 207 4536 itu
227 4499 325 4541 meam
359 4480 416 4560 egi.
464 4479 527 4542 Sed
552 4482 626 4543 bene
650 4482 760 4544 habet:
796 4482 844 4563 qui
873 4482 1048 4560 discipulum
1073 4501 1105 4542 se
1130 4481 1195 4559 ejus
1226 4480 1381 4560 professus
1413 4483 1488 4542 erat,

156 4571 202 4624 tum
216 4569 347 4647 judicem
371 4588 404 4630 se
429 4569 508 4631 inter
533 4578 563 4631 et
578 4570 750 4650 Tychooem
774 4571 892 4650 publice
917 4579 1062 4631 ostentat.
1111 4567 1257 4630 Gratulor
1279 4565 1351 4634 mibi
1375 4565 1411 4624 de
1431 4563 1488 4623 ho-

155 4660 206 4712 ltre
224 4675 378 4731 concesso,
403 4676 459 4736 qno
484 4658 686 4737 inposterum
708 4667 778 4721 utar
801 4659 937 4720 candide.
984 4657 1173 4735 Discipulum
1188 4654 1292 4726 audiit.
1317 4651 1386 4733 quid
1401 4651 1488 4712 exul·

154 4736 208 4800 lut?
248 4743 283 4807 Si
312 4744 445 4825 judicem
474 4765 520 4807 me
555 4748 755 4826 appellasset,
790 4748 893 4810 forsan
922 4746 1003 4808 aliud
1027 4745 1181 4828 quippiam
1208 4741 1366 4810 audiisset.
1414 4737 1490 4806 Cum
