3366 5482
756 209 839 277 cuo
855 211 921 264 nx.
1114 166 1118 171 ⁵
1408 161 1418 174 ’
1459 209 1520 277 aar

155 365 328 431 existimem
351 377 398 444 tc,
422 368 519 432 lector
546 386 656 449 aeque,
689 367 717 431 si
740 368 852 450 aliquid
876 369 1004 450 amplius
1029 370 1122 435 etiam
1146 370 1281 444 deesset,
1311 378 1524 433 concoctarum

156 463 248 535 atque
278 465 501 521 excusaturum.
547 456 653 537 Neque
686 457 757 519 mihi
781 458 874 537 digne
897 459 1016 523 videtur
1050 461 1112 538 ejus
1143 468 1242 522 motus
1271 458 1451 532 diversitas,
1485 457 1523 520 de

155 563 215 624 qua
245 564 389 624 magnam
421 547 508 609 litem
539 544 721 619 moveambl.
778 546 924 618 Quamvis
963 548 1070 609 melius
1106 567 1139 609 se
1172 547 1252 627 gerit
1286 566 1375 629 quam
1402 544 1521 608 Venus:

157 632 231 695 lacit
259 635 339 697 enim
370 636 456 697 unius
480 642 598 697 tautum
626 635 739 714 gradus
764 636 979 711 differentiam,
1011 637 1089 718 quod
1119 637 1225 698 mirum
1254 646 1319 698 est:
1344 637 1420 696 adeo
1444 655 1522 697 nun·

157 740 246 802 quam
268 742 328 786 non
353 723 457 787 fallaci
479 731 529 785 est
550 723 678 803 ingenio.
726 722 818 786 Certe
837 744 912 786 uuus
937 724 984 786 hic
1008 734 1065 802 est,
1091 726 1139 807 qui
1165 725 1387 804 astrologorum
1412 724 1523 785 lamam

158 811 288 875 maxime
319 812 479 892 prostituit
510 821 542 872 et
575 823 774 875 meteororum
807 813 952 875 rationem
986 833 1101 876 omnem
1135 814 1249 876 turbat.
1296 812 1338 873 Et
1364 812 1392 873 in
1422 811 1523 873 ventis

160 899 276 981 quidem
299 901 510 980 praedicendis
535 902 625 981 (quos
649 903 818 964 certissime
843 903 990 977 concitat,
1021 903 1258 984 quotiescunque
1283 901 1356 962 locis
1382 909 1431 962 est
1454 900 1521 962 ido-

162 989 237 1062 neis)
261 1010 355 1073 saepe
386 991 463 1053 adeo
486 991 639 1054 constanti
669 1010 790 1052 nurnero
816 992 932 1053 dierum
956 992 1091 1067 aberrat,
1127 1003 1159 1053 ut
1191 1009 1295 1070 parum
1320 988 1415 1062 absit,
1453 989 1522 1068 quin

164 1084 220 1140 turn
244 1079 311 1158 ejus
334 1078 365 1141 iu
388 1079 578 1160 ephemeride
602 1079 711 1142 iitiose
726 1080 876 1159 proditum
892 1079 1035 1143 circulum
1055 1081 1204 1160 corrigere
1229 1078 1342 1158 possim
1351 1079 1395 1150 ⁰):
1421 1077 1521 1158 itaque

167 1165 295 1247 siquem
318 1176 523 1231 astronomum
546 1186 700 1230 cernerem
725 1169 845 1232 nimium
869 1169 998 1231 sollicite
1023 1169 1167 1231 rimandis
1190 1169 1332 1248 planetae
1357 1166 1444 1244 hujus
1469 1185 1519 1227 er-

168 1255 272 1319 roribus
296 1257 481 1330 incumbere,
512 1256 596 1319 illum
621 1277 675 1337 ego
701 1276 866 1331 monerem,
900 1267 934 1319 ut
957 1267 1073 1337 tempus
1104 1259 1177 1319 illud
1208 1256 1320 1319 rectius
1345 1255 1521 1328 collocaret,

171 1351 194 1405 et
212 1344 362 1408 Tellurem
385 1355 476 1426 atque
500 1346 577 1408 hanc
601 1346 781 1408 ambientem
804 1347 930 1421 Lunam,
955 1344 1148 1426 e'rapyagacor
1167 1345 1262 1419 sidus,
1287 1363 1414 1424 quarum
1440 1342 1523 1406 illam

174 1432 298 1515 pedibus,
323 1434 402 1497 hanc
426 1434 520 1497 oculis
543 1435 677 1515 proxime
701 1435 891 1515 attingimus,
917 1436 1005 1509 haec,
1031 1437 1166 1515 inquam,
1200 1435 1301 1498 sidera
1323 1431 1425 1512 potius
1450 1450 1522 1509 spe-

177 1521 283 1598 culetur,
307 1542 444 1604 quaeque
468 1523 498 1584 in
522 1543 624 1586 eorum
647 1523 777 1586 motibus
801 1525 889 1604 inque
916 1524 1079 1604 eclipsibus
1103 1525 1199 1586 adhuc
1222 1540 1391 1603 peccamus,
1417 1505 1522 1606 limet:
1634 1531 1639 1537 “

180 1618 228 1672 mu
247 1611 365 1674 demum
384 1630 507 1694 operam
530 1613 568 1674 ad
587 1613 768 1675 Mercurium
796 1613 970 1675 transierat.
1020 1614 1140 1674 Interea
1170 1612 1196 1674 si
1223 1611 1311 1672 venia
1340 1608 1421 1687 digni
1453 1615 1524 1669 sunt

182 1717 275 1761 encres
298 1700 381 1762 circa
404 1700 533 1763 Telluris
552 1709 584 1762 et
607 1702 711 1763 Lunae
736 1711 847 1777 motus,
881 1703 974 1764 multo
1003 1702 1109 1781 magis.
1135 1701 1164 1762 id
1188 1698 1378 1762 merebuntur
1402 1714 1519 1758 errores

183 1789 205 1849 iu
223 1788 373 1863 Mercurio,
399 1789 449 1870 qni
472 1798 505 1851 et
527 1790 671 1852 remotior
695 1812 715 1851 a
737 1791 822 1852 uobis
847 1799 904 1865 est,
929 1799 961 1851 ot
986 1791 1046 1852 fers
1071 1809 1188 1869 semper
1212 1790 1267 1849 sub
1291 1786 1362 1848 Sole
1388 1787 1475 1847 latet.

252 1878 350 1959 Atque
385 1880 433 1940 hic
464 1899 580 1941 rursum
612 1888 645 1941 nt
680 1879 777 1959 priore
808 1879 907 1958 capite
947 1880 1096 1941 coronidis
1135 1879 1201 1939 loco
1226 1875 1373 1956 epistolae
1404 1882 1521 1956 partem

188 1967 326 2041 maulam,
362 1987 452 2047 quam
475 1969 658 2030 Maestlinus
683 1969 720 2030 ad
745 1987 792 2030 me
816 1968 913 2029 misit:
949 1969 1035 2048 idque
1065 1968 1181 2029 duabus
1205 1967 1242 2028 de
1266 1965 1381 2038 causis,
1415 1962 1523 2041 prima,

189 2055 240 2202 asnia
256 2056 290 2117 de
312 2058 540 2220 revuecesseria
564 2065 594 2118 te
618 2066 734 2127 mouet,
769 2058 883 2129 altera,
915 2058 985 2137 quia
1008 2065 1098 2136 caput
1131 2056 1185 2117 hoc
1214 2055 1329 2135 passim
1357 2053 1523 2113 coufirmat.

207 2140 337 2206 icille:⁸

259 2234 348 2309 ,Tam
373 2233 520 2295 mirabilis
544 2242 592 2295 est
604 2234 780 2306 Mercurius,
805 2241 838 2294 ut
861 2253 965 2313 parum
990 2232 1128 2306 abluerit,
1155 2232 1223 2311 quin
1248 2231 1339 2292 etiam
1363 2247 1409 2289 me
1435 2227 1525 2301 cerel,

193 2315 264 2383 lae.
306 2323 373 2385 Nec
401 2322 525 2394 mirum,
558 2323 629 2402 quia
658 2324 748 2384 etiam
773 2319 939 2400 Copernico
969 2331 1000 2383 et
1022 2311 1213 2383 Rheinholdo
1244 2320 1404 2380 admodum
1428 2317 1525 2378 mole·

194 2414 249 2470 thu
261 2410 350 2472 luisse
367 2411 585 2472 animadverto.
634 2409 818 2489 Copernicns
837 2412 892 2473 hoc
913 2412 949 2472 de
966 2430 998 2471 se
1018 2411 1082 2490 ipso
1104 2411 1225 2483 fatetur,
1252 2407 1397 2484 „multis
1415 2405 1527 2485 (iuquit

194 2491 229 2556 lib.
248 2499 281 2561 V.
306 2519 373 2580 cap.
394 2496 464 2573 30.)
488 2499 666 2578 ambagibus
690 2510 722 2563 et
746 2500 898 2561 laboribus
921 2519 976 2560 uos
1001 2500 1091 2562 torsit
1114 2500 1170 2560 hoc
1195 2498 1289 2573 sidus,
1315 2507 1349 2558 ut
1367 2496 1433 2574 ejus
1457 2512 1523 2555 mo-

194 2586 227 2644 tus
243 2589 493 2652 scrutaremur.““
541 2589 629 2652 Unde
654 2597 865 2669 praeterquam
881 2589 959 2668 quod
975 2590 1075 2650 nullas
1100 2608 1171 2648 suas
1191 2585 1330 2667 proprias
1344 2584 1455 2645 recitat
1470 2583 1525 2645 ob-

193 2677 347 2740 mustiones
371 2678 401 2739 in
426 2681 448 2753 l}
472 2676 608 2751 habitas,
641 2679 694 2739 sed
724 2700 743 2739 a
765 2678 942 2740 Bernhardo
966 2677 1105 2739 Waltero
1130 2676 1326 2755 Noribergico
1357 2679 1524 2735 mutuatur:

142 2790 144 2801 ·
193 2760 257 2827 deu
269 2765 297 2828 in
316 2767 447 2846 apogaei
466 2766 561 2844 ipsius
577 2767 643 2831 loco
658 2767 821 2829 statuendo
846 2767 902 2828 sibi
928 2786 985 2826 uon
1001 2774 1131 2827 constat.
1165 2765 1245 2828 Narn
1260 2783 1346 2844 quem
1359 2765 1442 2840 (cap.
1455 2755 1524 2833 26.)

193 2845 319 2930 iupnmis
342 2855 490 2917 Antonini
515 2856 611 2928 annis,
637 2857 718 2917 circa
742 2874 850 2916 aunum
875 2853 989 2917 Christi
1018 2851 1089 2917 140.
1111 2855 1201 2932 juxta
1225 2851 1392 2914 Ptolemaei
1416 2850 1525 2911 obser-

192 2941 299 3005 uniones
337 2944 455 3006 invenit
487 2944 515 3004 iu
559 2939 618 3004 10⁰
649 2955 696 3007 a·
736 2955 768 3005 et
796 2944 851 3005 sub
879 2944 1003 3004 stellato
1032 2942 1103 3003 orbe
1133 2943 1160 3002 iu
1190 2936 1270 3003 1830
1293 2938 1346 3001 20¹
1380 2960 1399 2998 a
1429 2937 1526 3016 prima

191 3029 257 3092 aelle
276 3031 325 3108 Y:
359 3033 485 3094 eundem
517 3027 599 3095 1830
629 3031 682 3094 20‘
707 3036 788 3112 (cap.
817 3031 886 3104 29.)
917 3032 1034 3110 reponit
1064 3031 1100 3092 ad
1136 3029 1187 3091 21.
1218 3048 1328 3090 anuum
1357 3025 1525 3099 Ptolemaei

190 3111 363 3200 Pliladelphi,
388 3122 511 3201 perinde
535 3141 570 3181 ac
595 3122 621 3182 si
645 3122 700 3184 hoc
725 3125 746 3200 {l
770 3140 936 3200 apogaeum
962 3121 1040 3182 intra
1064 3117 1129 3182 400
1145 3137 1238 3179 annos
1258 3115 1452 3178 intermedios
1468 3113 1524 3175 sub

189 3204 293 3283 obera
322 3210 447 3272 duarum
480 3209 636 3271 stellarum
669 3211 823 3272 immotum
849 3210 1028 3292 quievissem
1062 3228 1127 3270 cum
1161 3217 1263 3269 tamen
1297 3208 1377 3285 (cap.
1408 3200 1461 3266 30.
1494 3202 1525 3263 iu

188 3289 237 3370 ine)
259 3295 299 3362 63
324 3299 412 3360 annis
435 3316 602 3379 perunum
625 3300 751 3379 gradum
775 3309 889 3361 motum
913 3299 1005 3359 fuisse
1031 3299 1087 3378 ipsi
1112 3298 1265 3370 videatnr;
1294 3295 1380 3356 addit
1403 3300 1523 3353 autern:

187 3381 298 3450 inodo
323 3389 459 3469 aequalis
484 3388 584 3449 fuerit.
631 3387 852 3450 Rheinholdum
878 3389 905 3448 in
926 3388 1031 3449 iisdem
1047 3385 1276 3448 difficultatibus
1297 3383 1434 3445 haesisse
1458 3381 1525 3443 cal-

186 3472 248 3538 culus
278 3477 509 3540 Prntenicarum
541 3476 710 3539 tabulamm
741 3479 856 3556 prodit,
895 3496 951 3556 quo
985 3478 1134 3557 arguitur,
1173 3472 1395 3538 Rheinholdum
1429 3471 1526 3532 locum

186 3566 290 3645 aursei
313 3566 401 3647 th'us
426 3567 464 3628 ad
494 3574 612 3644 tempus
644 3567 716 3628 illud
740 3565 932 3644 Philadelphi
963 3565 1143 3627 assumsisse
1168 3563 1295 3625 cundem
1319 3562 1437 3641 quidem
1460 3577 1527 3620 cum

185 3645 344 3730 Copernico,
370 3654 431 3716 vid.
461 3649 541 3718 1830
563 3651 617 3716 20‘
642 3675 660 3715 a
684 3657 781 3735 prima
804 3655 896 3716 stella
919 3653 969 3729 Ἣ
999 3662 1033 3715 et
1057 3655 1095 3715 ad
1119 3651 1287 3714 Ptolemaei
1311 3660 1429 3728 tempus
1453 3646 1526 3708 illud

183 3734 311 3804 inlocum
336 3742 425 3823 longe
450 3743 578 3804 alienum
604 3763 622 3804 a
645 3743 818 3805 manifestis
833 3744 1002 3805 Ptolemaei
1026 3741 1287 3804 observationibus
1311 3747 1342 3799 et
1367 3735 1526 3816 Copernici

181 3831 392 3894 ramelenum
426 3831 519 3893 cadit.
578 3832 623 3893 Ibi
652 3833 730 3894 enim
765 3834 846 3894 locus
878 3833 944 3910 ejus
972 3840 1164 3910 computatur
1192 3849 1249 3891 nou
1282 3822 1367 3890 1830
1389 3823 1442 3887 20‘
1472 3842 1536 3885 noc*
1583 3904 1587 3913 ¹

162 3911 228 3991 ,lll'
246 3928 306 3995 ἐξ,
332 3921 388 3981 sed
415 3915 497 3983 1880
519 3918 572 3983 50‘
596 3921 651 3982 snb
675 3923 747 3982 orbe
777 3921 917 3994 stellato,
943 3928 973 3980 et
1000 3917 1060 3983 150
1082 3918 1136 3985 30‘
1161 3929 1223 3991 ⁴2,
1254 3918 1381 3996 ideoque
1412 3912 1527 3974 numeri

180 3998 215 4066 illi
232 4010 285 4071 mei
309 4009 349 4071 ad
371 4009 541 4072 Ptolemaei
565 4009 685 4090 quidem
709 4011 841 4072 seculum
866 4006 1234 4082 accommodati‘sunt,*)
1267 4025 1324 4067 nou
1351 4012 1469 4077 autem,
1493 4008 1528 4063 ut

179 4098 255 4159 ceteri
274 4115 330 4178 per
349 4098 449 4160 omnia
472 4098 588 4160 calculo
612 4098 782 4160 tabularum
806 4099 1043 4173 Protenicarum,
1069 4099 1122 4159 sed
1141 4093 1309 4157 Ptolemaei
1333 4090 1525 4155 observatio-

178 4178 248 4248 nibus
274 4186 469 4260 conveniunt,
504 4207 557 4249 eas
588 4187 667 4248 enirn
692 4185 876 4266 Copernicns
905 4207 1020 4268 quoque
1050 4197 1080 4249 et
1109 4185 1232 4248 retinuit
1260 4191 1293 4246 et
1320 4190 1442 4246 secutus
1466 4188 1526 4254 est,

180 4275 254 4351 {tque
282 4277 404 4338 eosdem
437 4276 510 4338 iude*
533 4294 672 4337 numeros
705 4277 856 4355 produxit.
904 4278 954 4338 Ad
983 4284 1119 4338 nostram
1148 4280 1248 4336 antem
1277 4272 1341 4333 sivo
1367 4268 1526 4349 Copernici

180 4367 293 4426 Mittam
330 4383 470 4428 numeros
504 4366 594 4426 hosce
628 4375 804 4443 computare
844 4383 901 4426 uou
936 4365 1031 4438 volui,
1067 4372 1230 4443 propterea
1262 4362 1341 4442 quod
1371 4360 1390 4420 ii
1436 4359 1525 4436 louge

183 4443 227 4507 ι111
243 4451 356 4522 terent,
388 4463 512 4534 propter
535 4453 792 4516 eccentricitatem
816 4453 897 4515 orbis
921 4455 1023 4533 magui
1054 4454 1248 4527 diminutem3
1281 4459 1313 4512 et
1343 4448 1421 4528 quod
1446 4444 1524 4525 apud

188 4527 359 4613 Oenomaum
393 4543 482 4604 nullis
515 4542 731 4605 recentioribus
765 4543 1027 4604 observationibus
1065 4541 1241 4619 lavatigaai
1274 4548 1307 4601 et
1339 4534 1526 4612 comprobati

251 4727 317 4794 'lm
335 4739 430 4793 amen
447 4745 508 4792 nene
525 4738 550 4791 a
569 4737 656 4789 asur·
674 4737 705 4786 v.
725 4734 772 4799 (aa
791 4744 818 4786 a
836 4732 882 4798 aa)
901 4750 964 4806 qaas
983 4743 1022 4786 se
1040 4734 1102 4800 cup.
1121 4734 1177 4785 xv.
1197 4733 1230 4784 eu
1249 4729 1278 4795 o.
1348 4729 1382 4782 s.
