3366 5482
781 237 863 302 curt
881 240 901 288 1·
1457 245 1520 311 113

159 394 325 472 respondeo
349 394 486 474 primum,
511 394 652 474 antiquas
673 395 856 476 hypotheses
870 397 1096 478 praecipuorum
1117 399 1232 479 aliquot
1253 402 1386 480 capitum
1407 405 1521 470 nullam

159 482 245 561 plane
270 482 421 545 rationem
446 484 581 544 reddere.
630 481 808 562 Cujusmodi
832 495 889 556 est,
915 487 993 565 quod
1018 486 1158 565 ignorant
1181 490 1305 559 numeri,
1331 493 1520 570 quantitatis,

160 571 362 651 temporisque
391 571 683 652 retrogradationum
712 592 840 634 causas:
875 582 907 635 et
935 593 1027 653 quare
1057 575 1126 637 illae
1155 577 1193 651 ad
1218 579 1361 641 amussim
1384 580 1429 642 ita
1453 602 1520 644 cum

161 660 222 721 loco
249 667 281 721 et
305 660 494 723 mutnSolis
523 660 622 722 medio
650 661 840 724 conveniant.
857 665 883 736 c)
930 661 1047 733 Quibus
1079 664 1216 726 omuibus
1250 666 1279 726 in
1312 668 1419 745 rebus,
1454 691 1520 733 cum

161 749 233 828 apud
260 747 461 829 Copemicum
485 751 557 811 ordo
581 750 798 830 pulcherrimus
823 760 985 830 appareat,
1010 772 1132 813 causam
1157 754 1249 816 etiam
1273 754 1372 818 inesse
1396 778 1520 821 necesse

161 845 213 900 est.
247 838 366 900 Deinde
390 858 493 901 earnm
509 839 602 900 etiam
616 838 836 920 hypothesium,
862 859 937 921 quae
962 849 1153 904 constantem
1176 845 1423 922 apparentiarum
1446 868 1520 909 cau-

162 946 221 988 sam
247 928 386 1002 reddunt,
412 935 534 990 etcum
558 928 623 990 visu
648 928 848 1003 consentiunt,
873 928 946 991 nihil
969 939 1064 1010 negat
1079 929 1272 1010 Copernicus,
1297 934 1397 1012 potius
1422 936 1522 997 amnia

164 1015 250 1077 sumit
272 1025 306 1078 et
329 1017 473 1096 explicat.
507 1018 587 1078 Nam
611 1018 689 1097 quod
714 1017 809 1079 multa
832 1017 861 1078 in
885 1018 1102 1100 hypothesibus
1126 1020 1247 1082 usitatis
1271 1021 1448 1084 immutasse
1471 1026 1530 1084 vi·-

163 1106 253 1177 detur,
279 1104 310 1165 id
334 1125 441 1167 revera
464 1125 522 1167 uon
547 1107 591 1167 ita
615 1125 647 1166 se
672 1106 774 1167 habet.
813 1107 892 1167 Fieri
916 1127 1043 1188 namque
1067 1117 1178 1187 potest,
1205 1117 1238 1170 ut
1260 1109 1339 1171 idem
1364 1113 1522 1192 contingat
1547 1104 1553 1115 ’

164 1193 272 1255 duobus
288 1195 389 1273 specie
405 1195 611 1256 differentibus
625 1195 876 1274 praesuppositis,
900 1204 1064 1275 propterea
1079 1199 1156 1277 quod
1178 1198 1231 1259 illa
1254 1199 1312 1260 duo
1337 1201 1391 1262 sub
1415 1203 1522 1263 eodem

163 1301 267 1362 genere
297 1292 381 1359 sunt,
412 1284 496 1362 cujus
525 1284 626 1363 gratia
649 1283 768 1363 generis
797 1284 892 1364 primo
921 1285 952 1347 id
980 1286 1141 1365 contingit,
1171 1288 1207 1347 de
1232 1306 1290 1367 qun
1314 1289 1421 1367 agitur.
1469 1290 1521 1352 Sic

164 1371 352 1433 Ptolemaeus
376 1372 534 1435 stellarum
557 1381 641 1434 onus
666 1383 698 1434 et
720 1372 820 1433 obitus
844 1374 1076 1448 demonstravit,
1109 1394 1166 1437 non
1191 1377 1247 1437 boc
1271 1376 1368 1440 medio
1392 1380 1522 1441 termino

165 1459 293 1539 proximo
317 1469 350 1522 et
375 1471 551 1540 coaequato,
577 1461 646 1540 quia
670 1462 764 1522 Terra
788 1462 829 1522 sit
852 1462 880 1523 in
905 1463 1002 1524 medio
1026 1464 1196 1527 immobilis.
1239 1465 1344 1544 Neque
1370 1465 1520 1546 Coperni-

164 1568 209 1610 cus
232 1549 314 1610 idem
336 1549 394 1610 hoc
417 1551 515 1612 medio
539 1552 737 1623 demonstrat,
763 1551 833 1630 quia
848 1551 943 1614 Terra
958 1572 977 1611 a
992 1553 1089 1613 medio
1109 1552 1227 1615 distans
1251 1555 1397 1617 volvatur.
1432 1555 1519 1619 Utri-

166 1657 212 1716 que
238 1637 320 1699 enim
344 1640 461 1701 suffecit
484 1640 582 1701 dicere
607 1640 700 1720 (quod
726 1648 757 1700 et
786 1648 909 1719 uterque
938 1640 1029 1714 dixit)
1062 1642 1129 1703 ideo
1158 1643 1232 1702 haec
1259 1642 1305 1702 ita
1336 1643 1418 1716 lieri,
1452 1644 1521 1726 quia

165 1726 235 1787 inter
260 1727 379 1788 coelum
402 1737 435 1790 et
457 1728 581 1790 Terram
605 1729 775 1791 intercedat
798 1728 899 1809 aliqua
925 1739 1057 1791 motuum
1086 1730 1254 1810 separatio,
1285 1739 1317 1792 et
1346 1731 1418 1812 quia
1437 1733 1521 1794 nulla

166 1815 236 1878 inter
258 1816 337 1878 lixas
361 1817 510 1880 sentiatur
534 1817 662 1879 Telluris
687 1838 706 1878 a
729 1818 826 1878 medio
850 1817 1005 1879 distantia.
1044 1819 1139 1898 Igitur
1162 1819 1356 1881 Ptolemaeus
1380 1839 1438 1882 non
1463 1821 1519 1883 de·

166 1905 342 1967 monstravit
366 1906 443 1969 falso
460 1915 492 1968 et
506 1906 709 1969 accidentaria
724 1906 831 1980 medio,
858 1905 881 1966 si
907 1927 982 1987 quae
1007 1907 1226 1970 demonstravit
1250 1929 1418 1986 qaaeapeaa.
1454 1909 1521 1972 Hoc

166 2002 277 2055 uatum
292 1993 323 2055 in
338 1995 437 2074 legem
451 1995 511 2058 κατ’
527 1995 601 2057 adro
615 1995 763 2075 peccavit,
789 1996 867 2077 quod
882 1995 1077 2071 existimavit,
1102 1998 1177 2059 haec
1191 1996 1236 2056 ita
1249 2005 1374 2076 propter
1388 1998 1521 2077 speciem

168 2082 289 2158 euenire,
315 2101 392 2162 qnae
406 2093 530 2164 propter
549 2104 643 2165 genus
662 2084 812 2146 eveniunt.
847 2084 933 2146 Unde
949 2093 1086 2164 apparet,
1107 2105 1145 2146 ex
1164 2103 1208 2159 en,
1234 2087 1312 2164 quod
1326 2086 1521 2148 Ptolemaeus

168 2190 200 2232 ex
219 2172 301 2234 falsa
324 2174 426 2235 mundi
449 2173 646 2254 dispositione
670 2193 743 2235 vera
765 2181 867 2235 tamen
898 2181 931 2234 et
958 2174 1041 2235 coelo
1073 2173 1244 2253 nostrisque
1272 2174 1365 2236 aculis
1390 2193 1522 2236 consona

168 2260 391 2334 demonstravit,
406 2279 444 2322 ex
459 2282 504 2337 eo,
521 2263 650 2343 inquam,
664 2264 776 2325 nullam
791 2282 859 2323 esse
874 2281 1006 2336 causam,
1023 2262 1118 2324 simile
1134 2262 1202 2342 qnid
1218 2262 1309 2324 etiam
1324 2262 1520 2344 deCoperni-

168 2349 243 2410 canis
267 2350 486 2432 hypothesibus
511 2351 694 2432 suspicandi.
741 2351 821 2422 Quin
844 2351 945 2431 potius
969 2361 1081 2424 manet,
1106 2351 1184 2431 quud
1208 2350 1291 2413 initio
1316 2351 1518 2414 dictumest:

169 2457 217 2498 aon
240 2457 334 2518 posse
349 2440 429 2501 falsa
443 2460 511 2502 esse
527 2439 686 2519 Copernici
701 2441 857 2520 principia,
882 2460 919 2500 ex
945 2439 1050 2519 quibus
1074 2449 1138 2501 tarn
1162 2448 1303 2501 constans
1328 2441 1521 2520 plurimorum

146 2543 346 2604 ’φασομηων
369 2529 464 2602 ratio,
495 2529 600 2610 ignota
622 2530 794 2604 veteribus,
824 2529 986 2601 reddatur,
1016 2536 1163 2606 quatenus
1189 2548 1227 2590 ex
1250 2528 1309 2590 illis
1333 2530 1477 2592 redditur.
1493 2527 1520 2603 ⁴)

171 2614 249 2677 Vidit
271 2618 329 2678 hoc
354 2617 544 2680 felicissimus
568 2619 617 2680 ille
633 2619 735 2699 Tycha
750 2619 860 2692 Brahe,
885 2625 1074 2677 astronomus
1095 2618 1173 2678 omni
1189 2617 1391 2680 celebratione
1414 2618 1519 2697 major,

172 2704 212 2782 qui
234 2707 372 2786 quamvis
396 2708 515 2769 omnino
540 2707 576 2768 de
601 2709 667 2769 luco
691 2709 803 2768 Terrae
827 2727 846 2766 a
870 2704 1036 2785 Copernico
1066 2705 1259 2781 dissentiret,
1294 2716 1394 2768 tamen
1424 2727 1462 2768 ex
1485 2724 1520 2769 eo

172 2793 286 2856 retinuit
307 2794 348 2870 id,
374 2797 459 2874 cnjus
483 2797 583 2875 gratia
601 2817 699 2857 rerum
714 2797 860 2857 hactenus
874 2793 1092 2873 incognitarum
1107 2815 1214 2857 causas
1229 2795 1393 2857 habemus:
1418 2794 1521 2857 Solem

174 2899 267 2962 nempe
292 2902 361 2945 esse
376 2895 513 2946 centrum
527 2885 655 2966 quinque
670 2885 868 2964 planetarum.
903 2883 982 2943 Nam
1007 2889 1038 2943 et
1061 2883 1117 2943 hoc
1141 2883 1297 2963 angustius
1322 2891 1370 2945 est
1392 2884 1521 2945 medium

176 2969 205 3029 ad
226 2972 477 3035 demonstrandas
501 2974 732 3054 repedationes:
763 2994 798 3032 rc
822 2969 875 3031 Sol
900 2971 929 3031 in
954 2984 1057 3032 centro
1081 2971 1251 3033 immobilis.
1298 2971 1418 3034 Sufficit
1440 2971 1520 3033 enim

178 3062 303 3134 generale
327 3061 417 3124 illud:
444 3062 498 3125 Sol
522 3063 550 3124 in
576 3072 678 3123 centro
702 3061 890 3138 planetarum
915 3059 1051 3139 quinque.
1102 3058 1163 3122 Cur
1188 3071 1287 3122 autem
1312 3060 1443 3140 speciem
1466 3079 1520 3139 pro

180 3162 272 3222 genere
296 3161 430 3214 sumeret
444 3150 638 3231 Copernicus,
664 3156 695 3209 et
710 3147 813 3209 Solem
836 3147 959 3228 insuper
981 3148 1011 3209 in
1035 3155 1138 3211 centro
1157 3148 1267 3223 mundi,
1293 3149 1418 3210 Terram
1440 3148 1521 3210 circa

182 3252 233 3297 enm
254 3238 395 3301 mobilem
419 3241 543 3313 laceret,
568 3239 645 3299 aliae
670 3255 779 3298 causae
805 3237 932 3299 luerunt.
970 3238 1050 3300 Nam
1075 3247 1108 3300 ut
1132 3259 1171 3300 ex
1189 3238 1373 3300 astronomia
1388 3238 1427 3299 ad
1444 3238 1524 3318 phy-

184 3322 257 3388 sicam
285 3327 349 3389 sive
378 3326 637 3406 cosmographiam
667 3325 839 3400 deveniam,
871 3326 928 3387 hae
954 3325 1114 3404 Copernici
1138 3328 1232 3431 hypat
1219 3328 1323 3389 theses
1347 3346 1405 3387 non
1430 3327 1525 3387 solum

185 3407 205 3468 in
224 3423 355 3478 naturam
378 3436 476 3478 rerum
499 3434 555 3476 uon
580 3422 722 3493 peccant,
755 3415 809 3475 sed
837 3415 921 3476 illam
949 3416 1043 3477 multo
1068 3416 1166 3496 magis
1190 3417 1307 3495 juvant
1354 3416 1451 3477 Amat
1473 3415 1527 3476 illa

187 3497 398 3582 simplicitatem.
423 3510 507 3565 amat
520 3504 676 3564 unitatem.
709 3503 901 3583 Nunquam'
894 3523 922 3564 rn
947 3504 1014 3582 ipsa
1029 3504 1187 3585 quicquam
1201 3505 1329 3566 otiosum
1344 3512 1396 3566 aut
1418 3522 1525 3583 super-

189 3584 459 3655 demersisset
482 3592 602 3670 saepius
626 3611 686 3653 una
709 3610 758 3653 res
781 3591 885 3654 multis
910 3593 948 3653 ab
972 3592 1025 3654 illa
1045 3593 1214 3655 destinatur
1229 3592 1394 3655 effectibus
1431 3591 1526 3672 Atqui

189 3689 258 3747 lenes
279 3682 410 3743 usitatas
433 3680 619 3760 hypotheses
643 3680 758 3741 orbium
781 3681 987 3760 fingendorum
1010 3681 1077 3742 finis
1093 3683 1192 3744 nullus
1207 3690 1273 3743 est:
1298 3701 1392 3760 penes
1408 3680 1525 3759 Coper-

190 3760 263 3831 licum
286 3769 404 3849 plurimi
428 3778 528 3830 motus
552 3788 591 3829 ex
614 3769 806 3847 paucissimis
830 3779 994 3849 sequuntur
1022 3768 1162 3843 orbibuS,
1194 3778 1228 3831 ut
1258 3769 1378 3831 interim
1408 3776 1527 3830 taceam

192 3857 408 3923 ltnetrationem
422 3857 539 3920 orbium
554 3857 685 3919 Veneris
701 3866 733 3918 et
747 3857 898 3932 Mercurii,
924 3866 955 3918 et
979 3858 1049 3932 alia,
1075 3858 1181 3938 quibus
1200 3859 1323 3939 antiqua
1342 3855 1528 3920 astronomia

190 3952 210 3996 a
230 3950 310 4008 aaa
343 3946 459 4025 orbium
492 3947 696 4026 fingendarum
731 3946 872 4008 libertate
904 3946 1066 4008 etiamnum
1098 3948 1227 4008 laborat.
1274 3948 1376 4026 Atque
1410 3946 1453 4008 sic
1482 3945 1528 4007 vir

191 4021 232 4089 iste
249 4053 304 4096 non
327 4042 449 4097 tantum
463 4043 602 4097 naturam
617 4053 745 4097 onerosa
768 4035 822 4096 illa
845 4043 877 4096 et
899 4035 997 4097 inutili
1015 4034 1224 4114 suppellectile
1248 4034 1325 4096 tot
1317 4053 1529 4099 immensorum

192 4116 280 4185 ⁰ibium
308 4124 470 4186 liberavit.
505 4124 594 4188 sed
586 4143 709 4203 insuper
737 4125 828 4186 etiam
858 4125 1067 4186 inexhaustum
1097 4123 1182 4184 nobis
1211 4124 1386 4185 thesaurum
1410 4121 1529 4203 aperuit

191 4199 419 4276 divinissimarum
439 4213 662 4275 ratiociniorum
685 4213 722 4273 de
750 4213 843 4274 totins
870 4213 970 4275 mnndi
994 4212 1182 4292 omniumque
1206 4230 1364 4314 corporum
1386 4212 1528 4291 pulcher-

191 4290 444 4382 ineptitudine.
490 4302 596 4383 Neque
620 4301 723 4363 dubito
754 4303 918 4376 affirmare,
949 4300 1086 4383 quicquid
1117 4299 1319 4379 aposteriori
1343 4299 1528 4380 Copernicus

191 4385 290 4470 relegit
312 4398 344 4454 et
366 4390 434 4452 risu
457 4390 696 4464 demonstravit,
729 4390 931 4452 mediantibus
955 4389 1147 4470 geometricis
1171 4388 1349 4464 axiomatis,
1384 4390 1415 4451 id
1443 4405 1530 4450 omne

191 4473 249 4533 rel
242 4496 304 4558 rpsn
317 4479 486 4542 Aristotele
502 4486 592 4555 teste,
618 4478 643 4540 si
665 4477 782 4540 viveret
805 4480 900 4561 (quod
914 4479 1086 4559 frequenter
1101 4485 1188 4556 optat
1202 4477 1374 4551 Rheticus),
1399 4497 1418 4537 a
1436 4471 1530 4555 priori

190 4562 258 4628 nullis
280 4567 460 4648 ambagibus
484 4566 684 4631 demonstrari
708 4586 808 4646 posse.
855 4567 969 4629 Verum
994 4568 1030 4628 de
1059 4565 1106 4628 his
1135 4565 1271 4628 omnibns
1301 4564 1396 4627 fusius
1420 4571 1452 4624 et
1473 4580 1530 4664 pro

191 4645 317 4730 dignitate
339 4657 458 4738 pridem
481 4658 544 4738 egit
557 4655 680 4720 Rhetici
694 4656 838 4730 narratio,
865 4664 896 4718 et
911 4653 1124 4735 Copernicus
1116 4674 1203 4734 rpse:
1227 4662 1259 4715 et
1281 4652 1307 4714 si
1331 4652 1401 4730 quid
1425 4650 1529 4730 copio-

128 4764 135 4783 ·
189 4736 237 4804 tius
256 4745 400 4826 explicari
421 4753 535 4828 potest,
558 4745 637 4809 alius
659 4744 691 4807 id
713 4745 771 4809 loci
795 4752 828 4808 et
850 4744 995 4826 temporis
1018 4744 1085 4817 erit,
1101 4746 1128 4818 ·)
1152 4762 1229 4806 nunc
1249 4739 1390 4820 attigisse
1406 4739 1531 4802 sufficit:

241 4846 442 4902 [Νομία
1301 4844 1319 4898 Β

1189 4910 1198 4925 .
1280 4927 1282 4932 .
1298 4887 1303 4921 1
