3366 5482
684 276 804 328 derebus
825 276 985 342 astrologicis.
1448 276 1507 344 321

225 433 439 484 Fabricius:
469 432 616 493 Quaeritur,
645 448 678 483 sn
696 434 781 498 magni
809 441 835 483 et
853 423 960 484 ‹hnturni
979 436 1081 484 venti
1107 436 1160 485 siue
1187 439 1292 487 materia
1320 453 1374 488 esse
1400 438 1515 505 possint?

155 505 230 556 Unde
248 507 318 554 renti
336 507 411 555 subiti
429 520 460 555 ex
479 505 545 555 clero
564 505 642 561 coelo.
662 505 700 554 rel
720 520 750 554 ex
770 506 860 570 exigna
873 505 995 569 particula
1013 506 1093 562 nubis.
1112 509 1137 555 in
1150 507 1226 557 indiis
1238 510 1345 558 maxime
1358 509 1515 561 saevientes?

154 577 210 626 Boc
229 576 370 642 prodigium
390 576 456 639 apud
474 591 513 625 me
532 578 613 640 potius
633 582 683 633 est.
713 590 787 639 quarn
805 583 833 625 ut
855 577 886 625 ad
912 576 1027 640 physicas
1052 579 1159 627 rationes
1187 580 1271 629 reterri
1295 581 1381 645 possit.
1419 579 1514 631 Suntne

154 649 217 697 forte
235 647 356 711 planetae
375 655 496 697 certorum
515 654 642 696 ventorum
660 646 784 697 suctores?

244 737 447 815 Keplerus:
473 735 517 795 De
541 736 650 807 ventis,
675 754 759 813 rogo,
784 733 1065 812 indica-diligenter
1088 745 1177 797 notas
1192 758 1295 799 omnes
1314 740 1512 801 circumstan-

156 827 219 887 tias
243 825 302 886 loci
336 833 369 885 et
392 832 558 886 ventorum.
607 824 758 884 Videntur
791 823 833 882 illi
866 822 995 882 diuturni
1030 825 1110 884 venti
1144 827 1192 886 vel
1225 828 1410 890 adiuturnis
1443 829 1515 889 alibi

156 915 272 994 pluviis
297 932 375 985 esse,
399 913 447 972 vel
473 913 536 973 loco
562 932 673 973 earum.
721 911 793 973 Sine
817 911 945 972 materia
970 929 1039 970 vero
1064 911 1113 991 qui
1127 915 1255 992 possint,
1280 918 1328 995 qui
1348 926 1514 978 suntmera

155 1001 305 1064 materia?
351 1001 417 1080 Ego
441 1021 514 1061 sane
539 1002 648 1074 neseio,
674 1001 744 1079 quid
769 1001 809 1060 sit
833 1000 886 1059 illa
909 999 991 1060 sicca
1014 1001 1167 1062 exhalatio
1193 1004 1249 1064 nisi
1273 1013 1429 1066 ventorum
1445 1025 1510 1066 rna-

155 1091 245 1153 teria.
292 1084 407 1169 Magna
430 1090 548 1151 videtur
572 1092 601 1150 in
625 1090 681 1149 hac
706 1089 843 1150 doctrina
867 1088 1028 1148 etiamnum
1054 1089 1225 1151 obscuritas
1254 1102 1286 1153 et
1319 1093 1508 1168 incertitudo,

154 1181 293 1242 tollenda
306 1179 493 1240 creberrimis
510 1178 722 1256 experimentis
739 1178 832 1238 totius
847 1177 938 1237 orbis.
964 1176 1007 1235 Tu
1022 1177 1114 1254 igitur
1129 1178 1155 1238 in
1168 1180 1373 1243 collectionem
1386 1183 1510 1246 enitere.

246 1269 292 1328 Dc
322 1267 501 1346 prodigiosis
536 1267 595 1328 illis
619 1267 718 1327 ventis
748 1266 837 1345 plane
863 1266 959 1324 simile
986 1265 1103 1327 videtur
1130 1267 1158 1327 in
1184 1269 1267 1328 libn's
1291 1269 1422 1348 Regum,
1456 1270 1512 1332 sub

154 1358 226 1420 Elia
249 1356 408 1436 propheta.
456 1356 537 1416 Nihil
562 1374 685 1434 possum
710 1354 834 1416 rationis
860 1354 977 1424 afferre,
1001 1354 1058 1414 nisi
1083 1355 1153 1415 mihi
1177 1366 1298 1417 constet
1321 1359 1357 1418 de
1382 1360 1510 1420 circum·

155 1447 291 1508 stantiis.
338 1445 495 1505 Nubecula
519 1444 659 1504 indicium
685 1443 896 1512 exhalationis,
922 1460 979 1502 non
1004 1461 1097 1503 causa
1120 1463 1187 1505 esse
1212 1446 1339 1508 videtur.

245 1535 280 1595 In
307 1531 435 1612 Styria
459 1552 544 1593 mous
568 1542 616 1593 est
640 1531 818 1604 Schekcl,
859 1533 908 1610 qui
932 1530 957 1590 si
983 1550 1015 1591 se
1040 1532 1154 1592 vestiat
1178 1533 1286 1612 exiguo
1309 1535 1402 1614 pileo,
1428 1543 1512 1597 certe

155 1624 293 1686 imminet
319 1623 462 1700 procella.
508 1622 568 1681 Est
599 1640 684 1682 moos
713 1627 892 1700 praeruptae
926 1627 957 1679 et
986 1620 1124 1681 immanis
1149 1622 1331 1697 altitudinis,
1365 1643 1511 1702 superans

156 1712 349 1775 altitudinem
382 1711 640 1789 circumjectorum
664 1710 825 1782 montium,
860 1708 909 1786 qui
933 1727 1005 1768 sane
1038 1726 1095 1768 non
1122 1719 1192 1770 sunt
1215 1711 1353 1784 humiles,
1389 1712 1511 1775 dimidio

156 1801 324 1882 quadrante
344 1798 480 1860 milliaris
504 1818 616 1876 germ,
642 1798 746 1858 habito
770 1790 908 1877 respectu
933 1797 1098 1874 superficiei
1123 1817 1232 1859 curvae
1248 1800 1369 1863 Terrae.
1417 1802 1451 1861 ln
1476 1819 1511 1863 eo

157 1888 368 1951 observatione
393 1887 587 1949 rotunditatis
612 1887 724 1947 Terrae
759 1905 811 1964 per
835 1892 951 1945 montes
977 1884 1041 1945 sine
1066 1887 1150 1947 coelo
1175 1887 1326 1962 instituta,
1357 1897 1390 1950 ut
1414 1890 1512 1951 obiter

155 1988 186 2040 te
219 1978 393 2050 oblectem,
418 1976 478 2037 vidi
513 1977 608 2037 multa
636 1976 780 2053 jucunda.
828 1975 928 2035 Primo
957 1992 1023 2033 cum
1048 1975 1277 2037 ascenderemus
1311 1978 1428 2038 aestivo
1453 1977 1511 2048 die,

156 2068 255 2128 clarus
280 2074 347 2125 erat
370 2076 402 2126 et
426 2064 558 2125 fervidus
583 2071 650 2137 aem
675 2073 836 2142 postquam
857 2063 886 2123 in
909 2080 1023 2121 summo
1041 2065 1196 2123 columnae
1216 2065 1408 2140 sistebomus,
1433 2067 1512 2127 infra

156 2165 288 2216 montem
311 2154 458 2232 paulatim
482 2153 553 2213 oriri
576 2154 685 2214 nubes:
711 2160 777 2212 erat
800 2150 910 2223 Gratii,
936 2169 1010 2229 quae
1027 2151 1123 2211 distat
1146 2149 1368 2227 2millieribus‚
1393 2163 1512 2233 tempe·

156 2253 222 2305 stae
246 2261 448 2321 magnacum
472 2241 652 2315 tonitrubus,
677 2260 753 2320 quae
777 2260 832 2300 nos
856 2259 914 2300 non
938 2239 1144 2300 exaudivimus
1153 2260 1161 2314 ;
1194 2242 1294 2302 omnia
1322 2243 1401 2303 infra
1423 2243 1512 2304 vide·

157 2332 271 2394 bamus.
321 2331 481 2392 Inferiores
506 2341 639 2403 montes,
674 2329 712 2388 ad
737 2348 810 2411 quos
835 2338 900 2390 erat
928 2327 1156 2402 collimandum,
1186 2330 1315 2408 maligne
1343 2350 1403 2413 ¹per
1436 2331 1511 2392 cali-

156 2432 280 2501 gantem
314 2428 345 2480 et
378 2420 572 2498 fumigantem
608 2426 708 2480 aerem
746 2419 959 2489 cernebantur3
998 2416 1135 2477 discussa
1173 2426 1356 2497 tempestate
1394 2420 1511 2482 melius.

156 2508 297 2570 Vidimus
317 2509 408 2588 juxta
432 2518 462 2569 et
485 2509 564 2568 infra
588 2527 642 2567 nos
666 2506 832 2585 pendentes
856 2507 885 2566 in
911 2511 980 2565 aere
1005 2506 1108 2579 nubes,
1133 2505 1313 2568 horrendum
1338 2509 1457 2570 hiantes
1481 2517 1514 2571 et

155 2597 296 2659 immanis
321 2596 496 2657 celeritatis.
544 2597 653 2657 Adhuc
677 2613 796 2673 semper
811 2594 896 2655 nobis
914 2592 968 2654 Sol
990 2593 1119 2654 luxerat.
1168 2594 1275 2657 Subito
1293 2598 1410 2670 nebula,
1437 2611 1526 2677 quae·

156 2686 242 2766 quasi
269 2685 381 2745 furiata
404 2685 448 2745 ita
472 2687 583 2763 impetu
610 2683 761 2744 ferebatur
786 2705 804 2744 a
826 2683 977 2745 radicibus
1002 2683 1111 2743 montis
1143 2684 1179 2743 ad
1209 2686 1323 2746 culmen
1354 2687 1454 2765 ejecta
1482 2694 1513 2748 et

154 2794 208 2836 nos
239 2774 360 2853 oblique
393 2775 513 2834 radens.
571 2773 654 2834 lutra
679 2772 998 2850 temporis·momenta
1025 2772 1088 2849 jam
1117 2772 1219 2850 pluvia
1250 2783 1281 2834 et
1311 2774 1509 2852 frigidissima

154 2864 251 2925 mixta
275 2861 429 2939 grandine.
476 2862 535 2924 Ubi
561 2862 640 2922 latus
664 2862 694 2921 id
720 2881 738 2919 a
761 2861 869 2921 nebula
885 2861 941 2920 l'uit
956 2867 1111 2929 retectum,
1137 2879 1193 2938 quo
1214 2863 1306 2922 monti
1327 2871 1506 2941 prospectus

153 2964 242 3032 patet
267 2952 354 3028 longe
379 2951 406 3011 in
432 2951 597 3030 Ungeriam
622 2959 653 3010 et
675 2951 750 3010 lines
774 2948 926 3022 Turcicos‚
952 2947 1128 3009 admirabile
1146 2951 1361 3026 spectaculum.
1409 2950 1509 3030 Supra

154 3060 211 3103 nos
237 3050 306 3102 erat
328 3039 447 3109 nebula,
472 3041 586 3100 coelum
610 3037 797 3110 obnubilans,
824 3038 902 3097 infra
917 3055 970 3096 nos
994 3037 1163 3096 clarissima
1177 3038 1236 3097 lux.
1284 3037 1337 3100 Sol
1352 3039 1431 3100 enim
1445 3047 1509 3101 tom

149 3128 289 3192 vicissim
323 3128 475 3206 regionem
512 3128 678 3206 subjectam
717 3127 899 3186 illustrabat.
956 3125 1040 3184 Haec
1073 3126 1149 3185 adeo
1188 3126 1291 3197 hirtis,
1331 3136 1363 3188 ut
1398 3146 1506 3189 averso

150 3237 272 3300 papyro
306 3217 423 3278 omnino
455 3217 522 3295 plus
558 3217 632 3277 lucis
661 3237 680 3276 a
702 3215 796 3275 Terra
830 3214 1029 3287 allaberetur,
1064 3231 1151 3292 quarn
1185 3214 1313 3294 desuper
1341 3236 1360 3276 a
1387 3216 1507 3277 nebula.

149 3306 368 3388 Splendebant
391 3314 491 3366 autem
515 3305 649 3378 flumina,
677 3305 819 3382 ¹quamvis
844 3302 963 3363 turbida
988 3313 1072 3375 tuno,
1102 3303 1278 3364 clarissime.
1325 3303 1385 3366 Est
1407 3313 1508 3366 autem

147 3397 181 3459 in
208 3395 262 3456 illo
286 3402 387 3454 monte
412 3413 533 3473 vorago,
567 3390 720 3470 ἄβυσσος,
748 3392 825 3454 unde
850 3392 925 3452 adeo
949 3391 1071 3452 crebrae
1097 3401 1311 3471 tempestatum
1336 3393 1507 3455 exhalatio·

147 3504 226 3558 nes,
259 3491 294 3545 ut
318 3485 399 3543 lama
422 3483 584 3544 obtinuerit
608 3482 831 3560 antiquissima,
867 3480 1005 3558 conjectu
1030 3481 1125 3559 lapilli
1149 3482 1325 3561 grandinem
1350 3483 1432 3556 elioi;
1466 3501 1507 3542 sc.

146 3574 227 3656 quia
251 3573 328 3632 adeo
348 3571 451 3632 crebro
476 3571 650 3650 grandinat,
677 3569 739 3629 sive
766 3570 859 3648 lapilli
884 3569 1090 3647 conjiciantur,
1116 3569 1179 3630 sive
1204 3589 1278 3644 non;
1312 3571 1387 3631 hanc
1412 3573 1510 3631 famae

142 3661 366 3741 deceptionem
391 3679 458 3720 esse
482 3668 564 3739 puto.
613 3661 678 3721 Nos
702 3659 781 3719 enim
799 3669 926 3738 'specum
950 3677 1007 3718 non
1028 3658 1194 3719 invenimus
1218 3667 1249 3720 et
1273 3668 1372 3719 tamen
1396 3659 1509 3738 grando

142 3752 224 3824 ruit,
249 3749 308 3810 nisi
332 3750 409 3810 forte
433 3748 498 3828 ipso
523 3766 650 3808 ascensu
675 3747 890 3808 irritaverimus
915 3755 1047 3807 montem
1062 3747 1188 3807 seilicet.
1235 3747 1301 3808 Hac
1321 3748 1421 3826 itaque
1437 3766 1509 3808 nar-

142 3837 326 3902 ratiuncula
349 3847 417 3898 tuas
442 3836 634 3917 quaestiones
658 3837 797 3896 claudere
822 3835 912 3896 volui.

231 3943 423 3993 Fabricius:
449 3941 539 3991 Literis
558 3943 606 3990 tuis
626 3941 823 3990 dissertationem
842 3940 1069 4004 cosmographicam
1088 3940 1196 4006 adjunge
1222 3947 1247 3991 et
1271 3941 1391 3991 derebus
1410 3956 1441 3992 ac
1459 3949 1511 3993 stu·

142 4017 201 4068 diis
222 4017 274 4064 tuis
292 4029 332 4063 me
351 4014 392 4062 lac
412 4015 547 4062 certiorem.
585 4013 632 4061 Hie
651 4013 724 4063 miser
742 4020 823 4061 status
842 4018 889 4067 est,
908 4019 933 4060 et
947 4012 1029 4060 omnia
1043 4013 1201 4074 perturbata;
1222 4018 1392 4074 exspectamus
1405 4015 1512 4077 quotidie

142 4085 257 4146 ballum,
277 4101 327 4134 uon
346 4091 444 4133 tantum
464 4098 479 4132 a
498 4083 628 4132 rebellibus
646 4083 819 4138 Emdensibus‚
838 4083 882 4132 sed
899 4084 1032 4145 praecipue
1051 4081 1174 4131 ordinibus
1184 4082 1342 4132 Hollaudiae.
1380 4084 1460 4134 Pestis
1471 4085 1513 4135 hio

142 4159 230 4210 valde
256 4158 352 4218 saevit,
377 4157 436 4218 quia
461 4157 486 4203 in
505 4155 585 4218 figura
601 4154 696 4202 semali
724 4155 792 4204 locus
810 4167 889 4202 novae
908 4154 997 4203 stellae
1016 4150 1053 4213 (in
1073 4150 1171 4217 Cygno)
1193 4155 1218 4201 in
1236 4152 1282 4202 VI.
1302 4154 1382 4203 domo.
1420 4155 1515 4207 Stellae

142 4241 238 4280 noras
257 4234 351 4277 natura
368 4225 493 4274 Martialis
513 4233 558 4275 est
598 4222 649 4284 (De
667 4224 715 4274 hae
734 4225 807 4274 stella
824 4237 888 4287 qnae
907 4225 1035 4274 Fabricius
1054 4223 1163 4284 addidit,
1188 4225 1243 4274 vide
1261 4226 1288 4274 in
1306 4226 1366 4275 libro
1385 4227 1416 4276 de
1436 4226 1515 4278 Stella

142 4297 253 4366 Cygni.
283 4313 356 4362 quem
374 4296 499 4360 Keplerus
518 4296 631 4358 adjunxit
657 4296 718 4345 libro
737 4311 781 4345 sno
801 4297 831 4344 dc
851 4295 930 4345 Stella
947 4309 1012 4343 nora
1031 4292 1121 4354 tout.)
1159 4295 1232 4345 Mitte
1251 4295 1325 4356 milri,
1355 4313 1420 4361 quae
1437 4298 1514 4347 habes

142 4371 308 4434 utrologica
327 4376 353 4418 et
370 4368 570 4431 meteorologica

226 4441 304 4490 Hisce
322 4439 385 4495 sals,
405 4440 460 4502 rige
479 4445 505 4488 et
523 4438 582 4487 flore
601 4436 804 4487 excellentissime
824 4437 930 4487 Domine
949 4435 1065 4499 Keplere.

975 4507 1008 4556 fl.
1028 4507 1097 4556 Tuae
1117 4507 1344 4557 observantissimus
1363 4507 1395 4556 D.
1414 4508 1442 4556 F.
1499 4545 1504 4553 .

229 4581 368 4637 Daumtnr
381 4578 562 4630 Resterhariae
582 4578 622 4628 ll.
643 4582 708 4644 Aug.
732 4575 807 4627 1602.

244 4670 452 4750 Keplerns:
477 4667 510 4729 ln
523 4668 713 4729 conclusione
730 4686 852 4730 eausam
862 4668 959 4747 pestis
974 4675 1096 4752 vestrae
1108 4666 1243 4728 adducis.
1281 4667 1348 4745 Ego
1360 4667 1436 4728 alias
1451 4686 1470 4726 a
1483 4674 1515 4728 te

155 4770 315 4840 exspecto.
361 4757 465 4838 Rogo,
489 4757 620 4830 scribae,
644 4758 694 4839 qui
718 4756 801 4817 venti
825 4766 858 4819 nt
880 4757 1038 4837 plurimum
1057 4756 1206 4819 flaverint.
1254 4753 1384 4818 Videtur
1407 4755 1518 4820 malum

210 4862 299 4917 serm
313 4863 383 4915 osu·
396 4859 414 4903 ¹·
1270 4857 1303 4914 ss
