3366 5482
502 286 505 291 ·
598 271 630 322 as
646 272 720 322 rosa
740 272 901 339 urmiegsm.
1365 258 1433 340 357

66 435 93 496 si
116 439 151 494 tu
173 429 332 510 intelligis,
358 429 496 510 Oedipus
519 430 590 492 mihi
614 439 695 506 esto;
720 432 784 510 ipse
808 452 866 493 non
892 433 1037 511 intelligo,
1062 452 1117 494 nec
1137 434 1258 514 scripsi,
1284 444 1318 496 ut
1341 436 1426 516 lege·

66 530 180 593 rentur,
203 520 259 582 sed
282 528 318 581 ut
339 538 386 586 me
410 538 582 581 exercerem
606 540 666 582 una
687 521 766 581 vice.
812 521 953 583 Extorsit
976 521 1115 583 Schelius
1140 523 1327 585 mirabiliter.
1430 515 1434 527 ’

136 626 261 682 Tandem,
281 624 431 675 concludens
450 624 574 688 Keplerua
591 624 638 674 has
657 624 741 674 literas
759 626 882 690 longiores
901 624 949 687 (10
967 629 1116 692 paginarum
1141 630 1166 677 in
1185 626 1269 690 folio),
1296 630 1328 678 ad
1351 644 1432 694 quae·-

65 701 174 750 etionem
201 697 395 747 eanonicam
422 696 549 759 respoudit
567 696 674 745 Fabricii
694 695 793 758 („Scire
820 699 905 761 cupio,
932 713 965 747 an
983 693 1170 764 hypothesisQ
1197 694 1263 758 etii
1289 701 1320 748 ad
1344 716 1428 750 rerum

63 776 161 821 mecam
179 767 245 819 Solis
266 769 349 832 potins
367 768 514 831 respondere
537 767 628 816 debeat
646 774 688 816 tuo
711 768 819 829 judicio.
845 775 875 816 ut
899 771 1048 832 superiores.
1078 770 1115 819 vel
1141 770 1174 820 ad
1199 771 1306 819 medium
1324 781 1426 821 motum.

65 842 177 903 Quaeso,
195 841 230 889 nni
247 839 461 904 praenuntiatore
480 845 506 887 et
523 838 595 887 simul
615 840 785 887 amantissimo
804 840 927 902 Keplere,
955 855 999 902 pro
1018 840 1130 890 Uranica
1148 843 1260 891 amicitia
1277 843 1434 904 respondeas·
1532 872 1533 875 =

64 913 97 963 ad
115 913 278 976 quaestiones
295 909 396 959 disemis
413 910 491 959 literis
510 912 655 973 propositas.
694 908 735 958 Sic
759 925 798 959 me
817 911 946 974 plurimum
969 912 1066 972 jurabis
1086 920 1112 961 et
1134 928 1174 961 mo
1198 913 1332 961 adomnia
1357 914 1434 963 alam·

62 987 153 1034 norem
178 982 275 1032 reddes.
314 980 353 1029 Τιι
370 980 430 1030 mihi
457 982 491 1029 sis
510 980 611 1043 Apollo,
641 987 669 1028 cu
689 980 817 1043 Cynosura
835 992 903 1039 esto,
929 989 958 1030 tu
976 982 1073 1040 oculus,
1101 990 1129 1032 tu
1146 984 1249 1033 baculus
1274 998 1343 1032 meus
1364 990 1425 1033 esto.

63 1054 155 1104 Nullus
175 1053 236 1102 mibi
254 1051 289 1102 ad
312 1058 396 1100 retum
413 1053 494 1116 magis
519 1052 642 1100 satisfacit
671 1059 697 1100 et
723 1052 868 1101 satisfacere
886 1060 982 1115 potest,
1007 1067 1082 1117 quam
1100 1061 1135 1102 tu.
1173 1054 1237 1103 Vale
1256 1055 1342 1118 igitur,
1370 1058 1430 1119 eigs

64 1132 91 1175 et
108 1125 187 1180 flere,
216 1131 243 1174 et
259 1122 388 1173 utrumn
406 1123 547 1172 felicissime
567 1129 593 1170 et
612 1124 728 1172 citissime
748 1123 862 1178 absolve,
881 1131 907 1172 et
925 1126 1023 1187 saepius
1041 1123 1089 1172 hnc
1107 1126 1244 1187 perscribe,
1271 1140 1318 1174 nec
1338 1126 1424 1175 amici·

62 1199 126 1246 tian
143 1197 272 1258 inceptam
290 1194 385 1249 desere.
404 1195 467 1243 forte
484 1202 540 1259 post
558 1208 651 1242 annum
669 1210 710 1244 me
728 1209 777 1244 nou
796 1194 898 1244 habebis
917 1197 1090 1258 superstitem
1120 1194 1145 1256 d
1166 1197 1267 1246 directio
1285 1209 1345 1259 prae
1365 1198 1435 1245 fori-·

62 1267 124 1317 bua!
161 1265 232 1316 Deus
250 1264 310 1314 milri
329 1264 407 1314 adsit!
444 1265 549 1313 Amen.“

135 1335 163 1387 2.
183 1333 252 1398 (12.)
271 1337 330 1401 Apr.
352 1332 429 1384 1005.
450 1335 551 1384 Ostelae
571 1335 710 1388 Frisiorum.
915 1336 985 1386 Tuae
1004 1336 1389 1457 Prssesqaqtqqqcquqiosimmus
1431 1354 1433 1359 ·

152 1503 275 1553 adhaec
294 1518 353 1568 argo
372 1494 578 1573 Keplerus:
613 1495 725 1555 Verum
757 1495 838 1556 Solis
868 1504 979 1555 motum
1008 1515 1063 1573 ego
1093 1516 1147 1575 per
1175 1498 1275 1557 omnia
1304 1516 1421 1576 sequor,

63 1585 158 1647 etiam
181 1584 212 1645 in
235 1584 357 1644 Venere
381 1593 413 1644 et
435 1583 594 1658 Mercurio,
620 1603 673 1644 ceu
698 1583 849 1645 Ariadnes
874 1586 965 1645 filum.
1012 1584 1090 1645 Nam
1114 1605 1180 1646 cum
1200 1587 1327 1646 medium
1343 1587 1420 1647 Pto-

60 1675 197 1737 lemaeus
222 1679 405 1752 sequeretur,
432 1691 505 1752 opus
529 1672 588 1750 ipsi
613 1672 669 1733 fuit
690 1682 849 1751 praeterea
872 1673 1017 1755 epicyclio
1037 1693 1089 1734 seu
1105 1683 1365 1736 eccentreccentro
1384 1675 1422 1735 ob

62 1769 246 1843 aequantem
270 1759 352 1822 Solis
376 1760 555 1838 ignoratum.
1150 1825 1152 1834 ,

149 1851 254 1931 Atque
268 1849 313 1911 ita
336 1849 385 1910 vel
409 1849 624 1910 tandemvale.
668 1848 782 1927 Scripsi
803 1848 939 1910 ttoct.
960 1845 1053 1912 1605.
1105 1850 1215 1911 Saluta
1230 1851 1267 1912 D.
1287 1849 1419 1912 Cancel-

62 1940 183 2003 larium.
207 1938 335 2005 ,Scribe
360 1938 450 2000 situm
474 1936 601 2000 Ostelae
625 1938 664 1998 ad
688 1937 829 2013 Emdam,
855 1936 997 2000 Auricum
1021 1939 1075 1999 iic.
1106 1946 1136 1999 et
1160 1940 1245 2000 mitte
1270 1939 1430 2015 crastinae,

63 2028 189 2110 eclipsis
213 2026 386 2089 observata.
1107 2027 1179 2089 Jolt
1202 2026 1330 2109 Kepler.

139 2132 287 2189 Ρτοιὶιιιιο,
314 2146 379 2197 quae
398 2131 444 2180 bas
473 2131 621 2180 subsecutae
643 2138 702 2179 sunt
728 2131 815 2180 literae
833 2131 936 2195 Kopleri
958 2112 1194 2199 dataed.1.'Aug.
1217 2131 1424 2185 1607.ma1ima

61 2222 94 2256 ex
112 2212 186 2270 parte
204 2203 294 2253 Martis
312 2204 433 2252 theoriam
453 2203 570 2257 attinent,
589 2216 665 2266 quare
683 2202 729 2251 bas
747 2203 793 2251 lroc
812 2203 866 2252 loco
884 2206 1110 2266 praetermittentes
1129 2206 1261 2254 transimus
1277 2205 1309 2253 ad
1321 2206 1422 2255 ultimas

61 2292 79 2326 a
96 2275 210 2339 Keplero
228 2275 261 2324 ad
279 2274 418 2323 Fabricium
438 2274 511 2322 datas
530 2272 553 2320 d.
575 2271 615 2320 10.
635 2272 698 2321 Nor.
722 2270 797 2328 1008,
818 2289 832 2322 e
850 2276 937 2337 quibas
954 2289 1037 2337 panca
1054 2275 1102 2325 huc
1123 2277 1255 2325 referenda
1274 2283 1339 2324 sunt.
1371 2277 1420 2324 lni-

58 2349 126 2399 u'urn
143 2345 308 2411 respondendi
326 2345 389 2394 lacit
406 2345 439 2395 ad
457 2344 541 2393 literas
561 2345 667 2393 Fabricii
687 2345 710 2393 d.
731 2345 754 2393 d.
774 2344 798 2391 2.
819 2343 887 2407 (12.)
908 2345 963 2394 Oct.
986 2344 1066 2405 1608,
1092 2348 1117 2396 in
1136 2348 1224 2412 quibus
1241 2348 1309 2397 haud
1326 2362 1421 2413 paucas

60 2417 269 2484 deprehendimus
287 2416 445 2482 quaestiones
466 2415 499 2464 ad
518 2416 677 2480 astrologiam
695 2416 856 2478 pertinentes,
875 2418 1000 2466 scribens:

155 2506 244 2579 Quod
269 2513 411 2586 aspectus
434 2515 597 2583 operantur
620 2504 648 2565 in
674 2504 747 2584 ipsis
771 2506 900 2585 punctis,
926 2506 965 2577 id,
990 2504 1045 2578 ais,
1071 2525 1138 2567 esse
1161 2507 1303 2568 indicium
1326 2526 1420 2585 pecu-

61 2596 149 2659 liaris
175 2595 370 2658 ordinationis
394 2592 461 2655 Dei.
510 2592 577 2663 Quo
601 2592 702 2654 verius
727 2593 830 2655 dixisti
854 2594 1092 2674 theologice,
1128 2596 1184 2656 hoc
1208 2596 1304 2656 minus
1329 2615 1420 2657 accu-

61 2695 131 2748 rate
155 2685 194 2746 ad
218 2682 398 2767 physicas
422 2684 515 2761 leges.
563 2682 638 2743 Levi
662 2682 872 2744 emendatione
903 2683 996 2744 coibit
1028 2692 1081 2744 tua
1104 2685 1256 2745 sententia
1276 2704 1342 2746 cum
1365 2703 1421 2745 ve-

65 2775 168 2837 ritate.
224 2771 371 2834 lndicium
404 2780 452 2831 est
484 2771 636 2844 nimirum,
671 2790 728 2833 non
763 2791 830 2832 esse
860 2771 1048 2832 materialem
1085 2773 1306 2845 conditionem,
1344 2792 1421 2852 quae

64 2871 225 2942 aspectum
246 2860 443 2934 determinat,
469 2859 547 2921 sicut
570 2869 619 2922 est
642 2860 807 2921 materialis
832 2860 982 2935 conditio,
1008 2879 1083 2939 quae
1108 2860 1289 2921 determinat
1312 2880 1421 2940 opera-

62 2952 181 3014 tionem
204 2949 281 3012 radii
298 2947 389 3021 Solis,
410 2948 526 3009 scilicet
551 2957 634 3010 recta
657 2949 777 3028 objecta
792 2949 903 3009 Terrae
924 2948 1106 3026 superficies.
1152 2950 1233 3010 Nam
1253 2950 1422 3028 quominus

61 3048 145 3103 recte
170 3038 292 3119 objecta
315 3045 364 3099 est
387 3037 489 3118 aliqua
513 3037 696 3115 superficies,
720 3038 776 3098 hoc
792 3038 889 3097 minus
914 3037 1022 3097 efficax
1037 3045 1085 3096 est
1099 3036 1177 3096 ictus
1202 3038 1278 3098 radii
1294 3037 1420 3098 Solaris.

61 3127 124 3191 Sed
147 3137 258 3190 conua
283 3127 313 3188 in
338 3127 528 3206 aspectibus,
562 3126 711 3204 quianon
736 3126 968 3204 aequiparantur
997 3124 1041 3185 illi
1065 3124 1223 3185 continuae
1248 3125 1420 3204 quantitati,

61 3218 115 3278 sed
143 3217 247 3296 potius
275 3215 440 3287 discretae,
474 3234 531 3277 non
561 3224 687 3293 agentes
717 3215 814 3293 magis
843 3221 875 3273 et
902 3214 999 3274 minus
1027 3232 1081 3290 pro
1107 3211 1214 3292 'majori
1243 3214 1291 3274 vel
1316 3213 1422 3274 minori

62 3305 260 3368 inclinatione
282 3305 406 3365 duorum
421 3303 580 3377 radiorum,
605 3303 672 3363 ideo
692 3303 838 3374 indicant,
863 3303 959 3363 Deum
976 3303 1132 3363 ordinasse
1148 3302 1311 3363 facultates
1327 3322 1420 3382 quas-

65 3394 136 3456 dam
160 3393 311 3454 aoimales
334 3392 365 3453 in
388 3390 435 3453 his
456 3391 569 3465 Terris,
591 3392 702 3453 mentis
727 3391 945 3472 quodammodo
969 3389 1134 3471 participes
1152 3392 1189 3451 ad
1213 3391 1422 3470 percipiendas

62 3481 265 3562 geometricas
292 3480 540 3561 pulchritudines,
565 3500 619 3541 seu
643 3480 734 3541 etiam
760 3479 946 3561 quantitates
961 3480 1122 3553 discretas,
1147 3480 1253 3559 quibus
1268 3480 1420 3559 perceptis

62 3572 146 3651 ipsae
171 3577 279 3633 essent
301 3588 447 3648 operosae
472 3569 501 3630 in
527 3568 708 3630 exsudandis
731 3569 903 3648 vaporibus.
951 3569 1035 3630 Haec
1064 3576 1113 3630 est
1135 3567 1226 3646 igitur
1250 3568 1303 3629 illa
1325 3588 1419 3647 pecu-

62 3660 144 3722 liaris
167 3658 228 3720 Dei
250 3657 410 3732 ordinatio,
437 3658 599 3719 facultates
624 3658 693 3718 illae
718 3667 790 3718 sunt
811 3657 958 3736 imagines
978 3658 1044 3730 Dei,
1070 3657 1270 3735 percipientes
1293 3675 1418 3734 geome-

62 3748 171 3811 tricam
194 3746 456 3827 pulchritudinem,
478 3754 511 3806 ut
533 3745 626 3807 Deus.

146 3842 261 3895 Dante:
285 3835 481 3915 Astrologioa
494 3834 657 3914 interjicis:
683 3834 732 3913 qui
747 3833 871 3913 planeta
895 3833 932 3893 ab
956 3831 1016 3893 alio
1031 3834 1174 3910 patiatur,
1201 3852 1238 3892 an
1258 3832 1308 3910 qui
1323 3832 1419 3894 minor

60 3933 90 3986 et
113 3924 283 4000 obscurior,
308 3944 346 3985 an
370 3942 441 3985 vero
466 3924 515 4003 qui
539 3923 680 3984 inferior?
725 3922 792 4001 Ego
817 3920 1014 4000 astrologiam
1037 3920 1115 3982 inter
1139 3922 1302 3981 facultates
1317 3931 1416 3983 terre-

60 4022 138 4076 stres
163 4032 303 4075 exerceo.
355 4013 390 4074 ln
415 4012 499 4073 coelo
523 4012 606 4072 nulla
629 4023 677 4073 est
699 4020 802 4071 mutua
824 4010 937 4090 passio,
963 4010 1018 4071 sed
1041 4009 1071 4068 in
1086 4009 1283 4086 imaginativa
1298 4012 1418 4072 occulta

58 4100 258 4165 nascentium.
306 4098 368 4162 Sed
392 4100 514 4181 propius
543 4100 581 4160 ad
604 4099 753 4180 principia
776 4098 972 4177 astrologica.
1019 4096 1238 4177 Significatoris
1268 4107 1317 4159 est
1340 4099 1416 4178 pati,

58 4189 260 4266 promissoris
276 4208 377 4269 agere.
423 4189 506 4268 Ergo
530 4209 596 4250 cum
620 4189 649 4250 in
673 4187 784 4250 saniori
809 4187 976 4266 astrologia
999 4186 1218 4265 significatores
1249 4186 1320 4248 nulli
1344 4188 1415 4256 sint,

56 4278 114 4342 uisi
138 4277 208 4353 Sol,
242 4278 344 4353 Luna,
375 4278 506 4340 medium
528 4278 618 4348 coeli,
653 4277 834 4350 ascendens,
859 4277 915 4337 soli
939 4275 1030 4354 igitur
1057 4274 1087 4335 bi
1110 4275 1273 4356 patientur.
1320 4276 1415 4338 Simul

54 4371 156 4431 tamen
181 4375 212 4429 et
237 4365 292 4429 Sol
316 4375 348 4429 et
371 4368 458 4429 Luna
482 4367 626 4446 agentia
651 4367 864 4427 ascendentem
888 4375 919 4426 et
942 4363 1070 4425 medium
1095 4365 1187 4435 coeli,
1212 4365 1283 4444 quia
1306 4363 1359 4426 Sol
1384 4376 1416 4426 et

54 4451 143 4519 Luna
166 4463 239 4518 sunt
262 4455 355 4518 etiam
377 4456 587 4536 promissores.

98 4532 243 4681 gessique
260 4562 373 4612 Fabricio
393 4561 583 4628 „prognostica”
602 4561 698 4624 petenti
717 4560 833 4616 nunciat,
852 4573 884 4608 ea
911 4557 1064 4607 conscribere
1088 4572 1114 4607 se
1141 4558 1300 4607 intermisisse
1320 4557 1411 4622 (comp.

53 4642 80 4691 p·
124 4629 237 4773 Uitimaa
255 4711 406 4770 Fabricii
423 4719 511 4770 literae
530 4719 563 4768 ad
575 4719 711 4785 chlerum
730 4719 805 4768 datae
824 4724 882 4766 suut
900 4717 924 4767 d.
945 4715 986 4765 12.
1008 4713 1162 4778 (milam
1185 4712 1261 4774 1009,
1281 4731 1295 4765 e
1314 4717 1410 4780 quibus,

53 4788 164 4858 ethela·
175 4791 305 4843 mutarn
317 4792 457 4846 mucii
469 4791 544 4842 busur
554 4791 685 4846 faciamus.
704 4788 768 4839 baec
780 4801 864 4856 pauca
875 4788 1050 4838 desumetmus:
1070 4801 1125 4856 ego,
1138 4788 1225 4856 inquit,
1245 4793 1314 4856 puto,
1327 4787 1410 4843 Deum
