3366 5482
520 1226 1025 1329 PROOEMIUM.

184 1707 271 1781 Quae
295 1713 445 1794 Keplems
473 1715 504 1778 in
528 1715 603 1778 libro
628 1716 665 1778 de
680 1716 769 1778 Nova
782 1715 881 1779 Stella
904 1716 987 1791 (vide
1011 1715 1083 1777 Vol.
1108 1715 1164 1790 Η.)
1189 1715 1285 1779 latino
1313 1736 1452 1783 sermone

126 1796 167 1860 ris
191 1799 327 1877 smditis,
358 1805 538 1884 quiessent
565 1804 626 1867 ista
657 1805 781 1882 lecturi,
811 1805 849 1867 de
877 1804 1045 1884 astrologia
1067 1814 1282 1884 proposuerat,
1315 1806 1345 1868 iu
1375 1807 1452 1870 libro

126 1885 144 1949 ri
167 1888 306 1968 sequitur
328 1893 500 1971 germanico
524 1893 667 1956 idiomate
691 1894 826 1974 pluribus
850 1893 982 1974 explicat
1005 1912 1072 1955 cum
1095 1893 1236 1969 eruditis,
1265 1902 1328 1957 tuur
1352 1896 1452 1959 bomi-

126 1972 186 2039 bus
211 1976 365 2042 literamm
388 1981 489 2044 studio
517 1982 615 2044 miuus
638 1982 772 2045 imbutis.
818 1980 906 2045 Sicut
933 1982 963 2044 in
988 1981 1065 2044 libro
1092 1980 1227 2061 proxime
1252 1984 1452 2063 praecedente

126 2071 203 2127 intre
225 2064 382 2131 Rdsliuum
406 2088 476 2145 eos,
503 2071 552 2151 qui
577 2071 700 2133 nimium
722 2072 891 2134 tribuerent
912 2071 1107 2150 astrologiae,
1131 2070 1328 2148 refutaverat,
1353 2072 1400 2135 ita
1420 2072 1452 2135 in

126 2170 153 2215 rc
182 2153 319 2218 defendit
346 2158 543 2239 astrologiam
568 2167 674 2222 contra
697 2178 764 2230 eos,
793 2159 843 2241 qui
870 2159 989 2240 penitus
1021 2178 1089 2221 eam
1112 2167 1248 2222 evertere
1276 2161 1451 2224 studebant.

126 2260 231 2304 susam
254 2247 464 2308 conscribendi
487 2248 577 2328 hujus
591 2248 725 2328 opusculi
748 2248 888 2329 praebuit
901 2248 1033 2328 Keplero
1053 2248 1270 2319 controversis,
1294 2257 1362 2312 orta
1376 2250 1454 2313 inter

126 2329 140 2391 ἱ.
165 2330 279 2394 Meloh.
304 2333 538 2412 Sebiirerum,
567 2345 721 2417 pastorem
749 2336 1003 2417 Metziugensem,
1034 2344 1066 2398 et
1087 2336 1126 2399 D.
1155 2335 1233 2399 Phil.
1258 2338 1453 2411 Feseliunr,

126 2418 244 2481 edicum
277 2422 461 2487 Marchiouis
496 2425 655 2487 Badensis.
712 2426 850 2488 Feselius
885 2445 962 2488 anuo
998 2420 1092 2489 1609.
1130 2425 1241 2504 publici
1273 2427 1350 2507 juris
1381 2427 1456 2490 fecit

126 2506 250 2584 bellum,
287 2511 479 2592 inscriptum:
515 2512 755 2589 „Grundtlicher
781 2514 907 2577 Discors
935 2533 994 2576 von
1026 2514 1079 2576 der
1106 2514 1286 2595 Astrologia
1316 2515 1454 2578 Judioia-

126 2596 175 2670 ι,“
205 2596 235 2657 in
266 2601 455 2679 praefatione
484 2602 559 2665 baec
587 2603 736 2665 afferensr
765 2603 939 2683 Metzingae
966 2622 999 2664 se
1028 2621 1094 2665 cum
1112 2601 1263 2665 Schiirero
1291 2603 1387 2666 multa
1417 2605 1455 2666 de

126 2684 291 2765 rtrologicis
325 2690 582 2769 praedictionibus
611 2691 797 2772 disputasse,
831 2710 920 2772 quum
952 2690 1002 2753 ille
1036 2690 1234 2771 astrologiam
1268 2692 1455 2769 defenderet,

126 2792 163 2836 se
192 2793 259 2836 eam
288 2789 494 2858 oppugnaret;
526 2780 615 2859 paulo
645 2788 715 2860 post
742 2781 891 2861 prodiisse
920 2779 978 2842 duo
1001 2777 1144 2842 Scbdreri
1172 2781 1405 2860 prognostica(
1447 2827 1455 2843 .

126 2856 197 2925 508.
221 2872 254 2927 et
280 2862 405 2943 loos),
429 2869 458 2930 iu
483 2868 589 2950 quibus
613 2887 729 2943 omnes,
755 2869 804 2950 qni
827 2887 885 2929 uon
900 2866 1020 2948 penitus
1043 2867 1156 2930 addicti
1178 2868 1241 2930 sint
1262 2869 1457 2949 astrologiae,

126 2959 243 3017 otentnr
265 2955 432 3018 calumniis.
480 2958 580 3031 (Haec
604 2965 676 3020 sunt
698 2958 761 3036 ejus
785 2957 893 3019 verba:
918 2977 953 3020 er
974 2964 1086 3019 maneo
1106 2957 1154 3019 sis
1175 2957 1345 3030 andella,
1368 2966 1456 3041 epot-

126 3059 156 3112 r,
180 3040 588 3128 incomprehensam,
611 3049 707 3129 probe
726 3044 997 3128 pbilosophorum,
1025 3044 1272 3128 smdmeprselter
1293 3045 1352 3108 der
1368 3067 1456 3109 war·

126 3131 172 3205 eit,
197 3134 391 3197 onwissende
413 3135 510 3208 Lora,
542 3143 615 3217 pute
637 3133 743 3198 aiom
765 3136 910 3217 tropffea,
943 3131 1098 3217 cyclopes,
1128 3136 1219 3197 boum
1242 3142 1272 3197 et
1293 3135 1456 3199 asinorum

126 3226 192 3283 uces'
220 3222 551 3300 animosissime
581 3224 635 3287 dis
659 3223 833 3288 &saturon
857 3224 966 3286 Gottes
992 3225 1050 3285 mit
1075 3221 1283 3306 Kolbsaogers
1309 3225 1456 3300 esseben,

126 3310 275 3393 canope,
306 3319 470 3393 prolatam
504 3313 651 3376 boniscbe
669 3312 867 3384 cavillantes,
898 3312 952 3374 die
980 3310 1155 3395 gleichsam
1178 3311 1255 3375 aaa
1284 3315 1319 3376 iu
1349 3315 1457 3376 acinon

126 3392 465 3465 remanseramus
491 3403 555 3464 ond
576 3403 662 3464 aeine
680 3401 753 3465 Etr
774 3401 976 3483 omspotten.)
1021 3401 1105 3463 llaec
1119 3400 1279 3481 opprobria
1293 3408 1400 3464 coutm
1423 3421 1456 3463 ss

126 3500 198 3559 lcum
222 3488 305 3550 dicta
328 3508 396 3553 esse
419 3498 507 3570 putat
525 3490 677 3566 Feselius3
702 3499 735 3552 at
758 3490 954 3552 concitatiore
978 3489 1091 3570 impetu
1110 3489 1253 3569 abreptus
1272 3490 1312 3551 ad
1326 3487 1455 3570 respon·

126 3575 231 3638 endum
253 3596 313 3639 nou
337 3579 533 3658 astrologiam
557 3587 689 3653 tantum,
719 3579 774 3642 ssd
797 3577 1014 3641 astronomiam
1043 3578 1137 3639 etiam
1159 3597 1198 3639 ex
1220 3586 1307 3656 parte
1335 3578 1455 3660 quidem

126 3661 208 3740 ejicis
255 3665 415 3745 Keplerus,
440 3668 561 3729 vixdum
586 3669 727 3731 absoluta
749 3666 943 3747 responsione
960 3667 998 3729 ad
1012 3666 1179 3739 Ebelinum,
1204 3665 1373 3746 impavidus
1396 3667 1455 3728 im-

126 3758 216 3833 ugnat
238 3753 316 3816 bunc
340 3775 456 3837 quoque
481 3758 637 3832 medicum,
662 3757 830 3820 concedens
854 3775 901 3830 ea,
926 3774 1002 3836 quae
1016 3773 1087 3817 vere
1111 3754 1201 3835 objici
1219 3755 1454 3836 possiutastro·

126 3841 214 3919 glas,
249 3842 373 3906 tirmiter
397 3853 504 3906 teneus
527 3866 612 3908 snam
635 3846 672 3907 ds
696 3846 750 3908 illa
772 3843 969 3919 senteutiam,
1003 3844 1139 3905 refutans
1163 3862 1213 3921 ea,
1243 3863 1319 3925 quae
1343 3843 1458 3926 impru-

126 3930 221 3993 entim
244 3932 381 3996 Feselins
405 3935 584 4014 protulisset
606 3942 713 3997 contra
735 3933 964 4008 astronomiam,
999 3933 1114 4013 optiea‚
1144 3932 1271 4014 physica
1299 3941 1331 3995 et
1354 3942 1456 3996 astro-

126 4019 219 4081 omisa
238 4022 283 4093 (v.
308 4040 334 4083 c.
360 4023 582 4098 refractionem,
607 4032 705 4085 motus
728 4024 918 4104 planetarum
941 4040 1061 4094 causas,
1086 4020 1245 4100 Cupernici
1266 4020 1456 4105 hypothesin,

126 4117 187 4171 lum
216 4108 482 4173 iustmmsntorum
511 4111 794 4185 astronomioorum)
823 4111 862 4173 ad
889 4129 1011 4172 sensum
1041 4110 1216 4190 popularem
1243 4112 1457 4190 vulgaremque

126 4199 342 4262 :commodans
392 4199 540 4262 Tbssibus
572 4196 634 4264 140
664 4207 843 4280 argumenta
869 4199 982 4261 Feselii
1010 4199 1159 4279 Keplerus
1187 4199 1352 4261 examinat.
1399 4196 1456 4258 Hic

126 4288 201 4347 utem
232 4286 264 4348 in
295 4287 356 4349 illis
380 4289 565 4368 argumentis
593 4288 720 4368 primum
743 4295 887 4369 posuerat
914 4286 1169 4367 imperfectionem
1198 4285 1402 4349 astronomiae
1426 4292 1458 4347 et

126 4374 301 4455 ttrologiae3
339 4377 472 4465 secundo
503 4386 680 4458 argumento
710 4377 923 4439 auctoritatem
951 4375 1197 4455 philosophorum
1230 4374 1455 4454 appellaverat3

126 4462 194 4526 urio
216 4464 422 4546 inquisiverat,
448 4485 504 4548 quo
525 4466 594 4546 jure
618 4465 765 4546 astrologi
788 4465 818 4527 in
842 4484 914 4527 suas
933 4472 1037 4544 partes
1056 4471 1179 4526 vertant
1196 4463 1289 4525 verba
1303 4463 1457 4525 literamm

126 4560 271 4628 teramm3
301 4561 407 4635 quarto
432 4555 642 4636 disputaverat
664 4555 702 4616 de
725 4561 834 4616 natura
855 4553 1063 4634 planetamm,
1092 4571 1130 4615 ex
1152 4552 1285 4632 ipsomm
1308 4551 1404 4629 ligura
1426 4556 1459 4610 et

126 4633 200 4703 olore
222 4643 449 4722 cognoscenda;
473 4643 576 4726 quinto
601 4644 638 4706 de
661 4642 849 4724 experientia
871 4649 987 4720 egerat,
1011 4661 1101 4724 qnam
1124 4659 1212 4704 suum
1233 4640 1264 4703 in
1284 4657 1370 4703 usum
1383 4656 1455 4701 ver-

126 4735 172 4790 ent
191 4730 347 4811 astrologi.

171 4832 373 4891 mou-¹·
946 4908 953 4921 .
1211 4830 1247 4887 δῦ
1362 4816 1367 4831 ’
