3366 5482
162 227 229 298 296
581 223 683 274 uteru
700 219 804 286 Repleri
823 218 974 291 aliorumque
991 224 1094 269 numae

153 387 309 475 'iecturas3
333 395 522 449 tamencum
545 401 641 462 neque
666 381 748 446 alind
772 388 953 461 suppeteret
976 387 1185 460 argumentum
1209 375 1431 464 significandae
1455 394 1529 456 gra-

161 477 300 544 titudinis
331 482 363 536 et
391 474 459 550 ipsa
486 470 698 534 beneficiorum
720 471 800 532 Rev.
825 472 907 531 Tuae
938 470 1082 532 memoria
1105 489 1152 529 me
1177 468 1377 537 admoneret,
1409 471 1446 527 nt
1470 465 1529 527 ali-

164 566 284 651 quando
308 562 462 642 specimen
488 560 608 638 aliquod
624 559 744 621 ederem
765 579 865 620 eorum
881 559 1057 630 studiorum,
1075 559 1198 637 ejusque
1220 555 1367 628 muneris,
1392 553 1529 634 adquae

160 673 216 738 por
238 653 293 715 illa
312 653 377 731 jam
401 650 485 709 dicta
500 648 575 708 Rev.
593 647 675 707 Thac
700 647 845 708 beneficia
868 656 1023 724 promotus
1050 665 1124 718 snm,
1153 665 1210 706 non
1227 642 1299 704 duxi
1322 641 1416 703 aliter
1431 660 1529 722 agen-

163 745 235 806 dum
258 759 345 813 esse,
380 755 470 816 qnam
493 736 533 796 R.
558 735 593 794 Τ.
618 735 674 795 hoc
700 735 853 811 exemplar
877 734 934 794 mei
958 734 1163 811 Prognostici‚
1194 733 1272 809 quod
1296 749 1337 789 ex
1360 729 1455 804 officii
1478 751 1528 791 ra·

163 831 247 895 tione
271 828 308 889 de
335 827 434 887 futuro
459 843 537 884 anno
553 822 764 901 publicandum
781 822 845 893 fuit,
871 821 971 899 exigui
999 820 1165 881 munusculi
1186 821 1252 880 loco
1274 818 1527 881 transmitterem.

161 917 311 1000 Equidem
337 931 469 992 agnosco
493 920 651 990 paternam
675 911 715 972 R.
741 910 776 970 T.
801 910 1003 981 voluntatem,
1038 928 1126 987 quam
1156 908 1185 967 in
1210 905 1434 968 commodanda
1458 905 1528 968 mibi

161 1004 290 1090 pecunia
313 1000 490 1070 declaravit,
516 1018 569 1059 neo
593 998 704 1059 oblitus
729 1007 791 1058 tam
815 997 875 1058 cito
900 1017 979 1070 sum,
1004 1004 1136 1075 quantae
1160 994 1370 1080 commoditati
1395 1002 1527 1074 quanto-

164 1113 223 1179 que
247 1092 421 1171 adjumento
445 1087 516 1148 mihi
533 1086 623 1147 fuerit
645 1087 699 1148 illa
712 1086 751 1147 D.
768 1086 805 1146 D.
821 1094 1052 1165 praeceptorum
1074 1085 1274 1164 promtitudn,
1302 1084 1333 1144 in
1359 1082 1486 1161 quibus,
1511 1104 1529 1144 a

98 1227 101 1234 ·
164 1181 240 1246 meis
263 1181 418 1250 desertus,
443 1195 559 1237 omnem
584 1193 668 1253 spem
693 1175 838 1254 reliquam
862 1194 1032 1252 posueram.
1080 1174 1285 1234 Vehementer
1313 1172 1409 1233 etiam
1428 1171 1526 1246 doleo,

165 1288 225 1334 non
249 1269 372 1330 licuisse
396 1264 468 1327 mihi
492 1264 596 1326 statim
621 1264 723 1343 aliqua
746 1273 893 1341 exparte
918 1263 1101 1341 respondere
1125 1262 1168 1322 illi
1189 1259 1350 1333 voluntati,
1375 1259 1449 1322 dum
1472 1280 1528 1322 ue-

164 1377 222 1440 que
246 1358 353 1420 literas
377 1353 597 1415 eucharisticae
621 1353 752 1413 scribere
784 1352 866 1430 potui
890 1360 1013 1430 propter
1036 1370 1134 1410 meam
1159 1350 1397 1429 aegritudinem,
1432 1368 1528 1428 neque

165 1446 322 1527 imperiale
347 1443 496 1504 numisma
526 1440 657 1514 mittere,
686 1447 848 1519 propterea
872 1440 1021 1519 quod-bic
1045 1439 1226 1500 Austriacos
1250 1439 1387 1498 thaleros
1418 1456 1528 1516 magua

163 1555 232 1600 cum
255 1530 469 1594 aestimatione
494 1547 680 1607 acceperam.
728 1526 875 1598 Quamvis
890 1528 1085 1589 consobrinus
1101 1547 1201 1600 meus,
1226 1527 1276 1606 qui
1291 1546 1338 1586 me
1363 1526 1526 1588 comitatus

163 1631 226 1698 est,
250 1629 282 1684 et
300 1619 417 1700 gratias
441 1637 508 1679 meo
533 1617 651 1677 nomine
675 1635 775 1677 coram
801 1635 890 1694 agere
906 1616 1058 1694 potuisset
1078 1625 1109 1676 et
1123 1616 1257 1677 thaleros
1274 1615 1399 1676 minimo
1425 1615 1526 1676 valore

165 1711 346 1774 aestimatos
370 1708 511 1777 reddere,
544 1705 586 1777 si,
621 1707 698 1784 quod
724 1723 780 1783 ego
804 1705 997 1765 vehementer
1028 1705 1065 1764 ab
1099 1705 1164 1784 ipso
1198 1705 1355 1775 contendi,
1388 1705 1525 1783 quodque

163 1799 237 1862 milri
271 1797 419 1876 stipulata
447 1814 535 1857 manu
569 1792 726 1873 promisit,
761 1794 903 1872 perficere
933 1793 991 1873 ipsi
1020 1792 1167 1855 libuisset.
1215 1791 1318 1862 Quare
1343 1791 1382 1853 R.
1409 1791 1444 1852 T.
1480 1812 1524 1853 me

164 1894 341 1951 excusatum
373 1884 498 1944 habebit
529 1890 561 1942 et
589 1882 645 1943 hoc
669 1889 758 1942 tenue
792 1883 999 1942 munusculum
1022 1882 1051 1941 in
1079 1882 1255 1960 praesentia
1282 1881 1352 1942 boni
1376 1882 1522 1944 consulet

162 1975 288 2041 Utinam
310 1981 421 2035 sutem-
434 1992 488 2052 per
512 1971 640 2049 aliquem
664 1989 794 2030 meorum
820 1971 1009 2031 familiarium
1034 1971 1144 2031 certior
1167 1970 1229 2031 fieri
1252 1987 1393 2050 possem,
1437 1971 1522 2051 quid-

165 2083 235 2127 nam
258 2064 288 2124 in
312 2062 365 2123 illo
389 2058 589 2137 Prognostico
614 2059 652 2119 R.
678 2060 711 2121 T.
738 2058 888 2136 improbet
912 2060 1041 2140 quidque
1066 2059 1137 2119 mihi
1165 2059 1194 2119 in
1220 2058 1416 2137 sequentibus
1441 2060 1524 2122 annis

165 2152 246 2227 (Deo
269 2169 316 2211 me
341 2148 555 2218 conservante)
579 2147 743 2207 cavendum
769 2147 896 2227 amplius
921 2149 968 2208 sit.
1017 2147 1078 2209 Sed
1103 2148 1142 2208 R.
1159 2148 1193 2207 T.
1220 2148 1346 2209 arbitrio
1369 2150 1521 2226 permitto,

165 2239 214 2303 cui
236 2257 305 2300 mea
329 2237 446 2308 studia,
480 2254 534 2296 nos
568 2242 668 2296 autem
697 2254 801 2296 omnes
834 2244 866 2296 et
889 2245 1078 2317 utrorumque
1109 2236 1301 2298 calamitates
1325 2236 1522 2315 gravissimas

164 2327 231 2390 Deo
254 2323 534 2387 misericordissimo
559 2323 733 2385 ardentibus
756 2325 895 2404 precibus
919 2327 1105 2387 commendo.

253 2412 378 2476 Graecii
395 2410 443 2477 19.
462 2408 549 2486 (29.)
565 2409 634 2474 Oct.
661 2408 751 2476 1594.

1002 2500 1205 2562 Reverentiae
1230 2501 1311 2562 Tuae

928 2589 1214 2651 observantissimus
1239 2589 1404 2669 discipulus

1029 2678 1073 2738 M.
1098 2679 1151 2742 Jo.
1175 2677 1304 2760 Kepler.

235 2833 422 2887 Solicltudinenr
440 2832 542 2897 Kepleri
562 2835 592 2882 ob
610 2835 743 2897 pecuniam
756 2834 888 2899 Tuhiugae
907 2836 940 2885 ad
958 2837 1005 2886 iter
1023 2851 1094 2886 snum
1113 2838 1138 2886 in
1152 2835 1260 2899 Styriam
1278 2837 1457 2901 perficiendum
1472 2855 1521 2890 mu·

163 2913 207 2959 no
225 2913 332 2957 sumum
351 2904 498 2955 Maecilium
515 2905 553 2954 hie
572 2905 684 2956 dirimere
703 2905 800 2955 studet:
825 2906 864 2956 De
884 2907 916 2955 D.
936 2922 1022 2957 socero
1049 2923 1105 2958 meo
1124 2922 1188 2972 quae
1207 2909 1281 2958 anxie
1300 2910 1409 2959 scribere
1427 2910 1521 2968 rlder'u,

162 2979 216 3044 ipss
232 2990 273 3028 ms
291 2977 437 3041 respondere
453 2977 532 3038 jobet.
552 2983 580 3024 ut
598 2977 681 3025 auimo
700 2977 796 3040 quietus
814 2978 861 3034 sis;
881 2985 907 3027 ts
926 2979 992 3028 enim
1011 2980 1036 3027 in
1056 2979 1129 3042 eulpa
1147 2994 1264 3044 nonesse
1287 2981 1386 3037 asserit.
1406 2982 1451 3031 sed
1469 2996 1521 3032 eum

163 3050 258 3114 ipsum,
284 3049 326 3112 qui
343 3048 475 3110 pecuniam
494 3053 536 3096 tue
554 3048 653 3097 nomine
671 3048 802 3097 restituere
822 3048 936 3097 debebat.
973 3048 1087 3099 Pecunia
1112 3051 1177 3100 enim
1202 3058 1261 3100 ate
1287 3051 1461 3113 probamina
1478 3058 1521 3107 est,

164 3125 193 3172 at
209 3120 293 3170 nescio
312 3119 365 3183 quis
383 3117 433 3175 ille,
453 3119 479 3167 iu
498 3121 568 3180 cujus
585 3131 673 3167 manus
692 3118 800 3176 devenit,
821 3120 861 3182 qni
882 3119 1027 3182 „panlines“
1048 3122 1098 3170 sire
1115 3120 1295 3184 Munchskopff
1310 3121 1422 3186 aliasque
1440 3138 1521 3173 mone·

163 3197 204 3241 tu
223 3188 312 3252 (uuam
330 3190 407 3239 etiam
425 3189 560 3251 improbam
578 3186 689 3263 penitus)
707 3190 782 3237 misit.
820 3189 913 3239 Verum
932 3191 996 3253 quod
1016 3192 1048 3240 ad
1067 3197 1092 3240 te
1112 3193 1210 3249 attinet,
1229 3200 1255 3242 te
1273 3193 1432 3243 innocentem
1451 3208 1523 3259 pras·

164 3261 233 3312 dicat
250 3261 342 3324 tibique
360 3257 411 3308 nou
429 3266 575 3320 succenset,
606 3260 670 3309 adeo
688 3266 717 3309 ut
735 3274 782 3309 uec
800 3261 896 3327 prolixa
915 3264 1073 3312 excusatione
1093 3263 1126 3311 ad
1145 3264 1238 3326 ipsum,
1264 3278 1311 3313 nec
1330 3279 1389 3314 mea
1407 3267 1521 3316 intem

164 3331 234 3384 sione
253 3345 314 3395 opus
332 3330 413 3380 inerit.

235 3419 369 3483 Keplerum
395 3419 472 3481 primo
500 3424 610 3481 tempore
638 3434 685 3483 quo
705 3420 811 3469 Grastiie
831 3419 954 3485 degebat,
980 3420 1042 3470 torte
1065 3424 1119 3483 jam
1144 3421 1273 3487 Tuhingae
1293 3423 1449 3490 asaoioglcie
1467 3425 1521 3476 lusi·

164 3491 210 3542 bus
237 3495 334 3555 tempus
352 3490 448 3539 trivisse
475 3503 506 3538 ex
530 3489 567 3538 his
593 3491 666 3540 amici
690 3489 779 3539 Christ.
801 3489 981 3555 Ortholphi,
1007 3499 1060 3540 tum
1083 3495 1200 3557 temporis
1226 3496 1394 3558 praeceptoris
1419 3498 1445 3547 iu
1474 3511 1521 3546 mo·

147 3563 273 3621 ‚nuteuio
291 3560 454 3618 Himerieusi.
474 3559 550 3610 literis
566 3562 658 3622 iocosis
677 3567 763 3625 patet:
1395 3575 1408 3585 =

198 3715 201 3719 ,
237 3657 358 3708 ...De
376 3657 439 3707 hora
457 3658 598 3706 nativitatis
616 3672 757 3708 mesenen
777 3657 1170 3725 est,quodmultieambigam;
1195 3661 1253 3711 mihi
1271 3663 1374 3725 perinde
1394 3672 1440 3713 est.
1478 3665 1523 3714 Ex·

165 3734 252 3796 specto
270 3728 406 3779 Dominum
424 3728 483 3777 dum
500 3728 585 3778 veniat
605 3734 631 3779 et
648 3744 689 3778 me
707 3736 858 3792 promereat,
879 3736 1012 3786 removeat,
1032 3731 1064 3779 ad
1084 3746 1110 3781 se
1130 3739 1226 3781 avocet.
1247 3768 1253 3782 .
1274 3769 1280 3781 .
1302 3769 1307 3781 .
1336 3732 1402 3794 Quid
1421 3749 1477 3786 reru
1495 3737 1525 3786 ds

166 3807 192 3852 te
210 3802 325 3861 sentiam,
345 3814 417 3864 quem
437 3813 467 3848 eo
486 3800 635 3848 temeritatis
654 3801 803 3863 processisse
821 3801 905 3857 rideo,
924 3807 953 3849 ut
971 3816 1000 3850 ex
1020 3804 1092 3851 estrie
1108 3803 1221 3865 judicare
1240 3805 1342 3862 nitatur,
1362 3807 1421 3868 quid
1439 3807 1523 3858 doetu-

132 3915 136 3920 .
165 3886 206 3922 rus
224 3873 270 3921 sim
287 3873 314 3921 in
333 3871 440 3922 ecclesia
458 3876 485 3920 et
502 3872 527 3919 in
546 3885 593 3934 quo
613 3871 717 3920 articulo
729 3878 886 3934 peccaturus.
925 3871 996 3931 Quae
1014 3871 1136 3922 hactenus
1157 3873 1216 3923 mihi
1228 3876 1395 3938 praedixeras,
1414 3881 1524 3943 accipie·

164 3941 223 3993 sem
247 3948 367 4007 tauquam
392 3943 502 3997 monito,
529 3948 557 3990 ut
580 3941 625 3991 illa
643 3956 764 3992 carerem.
803 3942 972 3992 Dicacitatem
991 3945 1147 4005 praedixeras
1171 3952 1197 3994 et
1219 3946 1305 4010 jugulo
1329 3949 1466 4010 periculum
1497 3965 1527 4000 ex

119 4050 126 4062 .
167 4013 272 4064 boantis
289 4014 399 4078 linguae.
437 4013 531 4062 Malum
557 4021 587 4061 ut
605 4026 718 4063 carerem
745 4019 771 4062 et
788 4014 906 4063 vanitatis
926 4014 1075 4079 astrologum
1101 4022 1130 4064 ut
1148 4018 1334 4072 convincerem,
1362 4019 1396 4068 sd
1413 4021 1526 4072 sudorem

165 4097 243 4149 usque
261 4086 330 4134 tacui
348 4085 500 4148 saepissime.
537 4082 671 4140 Monuisti,
702 4098 815 4133 carerem
841 4084 963 4134 veneficia
989 4092 1014 4133 et
1032 4087 1161 4136 illecebras
1187 4088 1326 4151 puellares;
1354 4090 1386 4140 ab
1404 4090 1443 4142 his
1462 4094 1526 4144 euim

165 4169 206 4205 me
225 4154 343 4204 damnum
363 4162 529 4218 accepturum.
567 4155 681 4204 Abstinui
706 4156 739 4205 ad
758 4157 863 4206 esuriem
888 4155 921 4204 ab
940 4158 1005 4205 omni
1024 4158 1164 4214 esculento,
1191 4159 1256 4221 quod
1280 4160 1341 4209 mihi
1367 4174 1385 4209 a
1409 4171 1528 4228 suspects

165 4237 272 4291 penem
290 4231 464 4289 praeparatum
483 4225 620 4275 ridebatur.
657 4226 716 4275 Jam
735 4226 805 4282 dicis,
831 4241 871 4275 me
891 4229 967 4276 etism
986 4230 1011 4276 in
1032 4229 1142 4277 articulis
1160 4235 1334 4293 peccaturum
1362 4232 1473 4292 scilicet,
1499 4241 1527 4284 ut

167 4296 308 4347 libertatem
328 4295 488 4345 christianam
506 4297 609 4360 prodam
630 4303 656 4345 et
673 4297 779 4346 salutem
799 4297 921 4347 ecclesiae
939 4313 1011 4348 meae
1030 4299 1193 4349 incolumitati
1216 4309 1371 4365 postponam.
1409 4304 1461 4354 (lur
1477 4321 1527 4356 nou

167 4374 194 4418 et
219 4367 245 4416 id
263 4367 384 4422 mandas,
410 4373 439 4415 ut
457 4381 552 4416 cessem
578 4366 683 4431 posthac
710 4369 755 4417 tibi
774 4382 879 4418 errorem
908 4368 1076 4433 opprobrare‘l
1104 4377 1133 4419 ut
1152 4372 1234 4421 dicam
1259 4378 1285 4421 te
1304 4387 1353 4423 uon
1376 4376 1456 4438 prime
1474 4393 1526 4427 rno-

165 4445 250 4490 mente
269 4438 395 4489 delibatae
414 4438 571 4487 astrolatriae
589 4439 725 4503 perlectum
745 4440 821 4490 luisse
841 4446 867 4490 et
885 4440 918 4489 ad
935 4446 1087 4490 momentum
1107 4441 1170 4491 Solis
1190 4442 1220 4491 de
1238 4457 1312 4493 mane
1331 4446 1477 4504 occidentis.
1497 4447 1527 4499 ds

165 4515 239 4561 noete
258 4510 368 4565 orientis,
387 4509 520 4573 perniciem
538 4523 621 4560 meam
639 4510 698 4560 mihi
717 4511 849 4576 designare
861 4512 979 4575 potuisse,
998 4512 1041 4560 sed
1059 4513 1169 4563 vixdum
1183 4515 1430 4578 Graeciiproficerei
1455 4516 1527 4578 Quod

166 4581 187 4630 si
204 4581 296 4639 lacero,
316 4577 343 4632 el
360 4580 487 4631 honestius
507 4581 537 4630 de
556 4584 721 4632 astromantia
738 4596 847 4641 sensero,
867 4597 942 4647 qusur
962 4583 993 4632 de
1006 4589 1159 4648 quaestuosa
1170 4585 1364 4649 Zygeinerorum
1376 4587 1527 4650 judiciaria:

167 4651 226 4703 dum
242 4653 332 4702 multos
349 4653 490 4703 numerabis
509 4666 597 4709 annos,
614 4652 750 4718 longaevus
769 4655 830 4703 eris:
850 4668 901 4704 nou
919 4653 991 4703 detur
1008 4668 1048 4702 me
1066 4654 1150 4704 sidera
1168 4670 1246 4706 manu
1263 4662 1375 4721 tmgem.

240 4721 313 4783 Quen
330 4724 428 4790 quaeris
446 4723 478 4775 de
497 4724 570 4774 annis
588 4722 636 4772 illis
656 4720 734 4781 15⁹0,
756 4721 820 4772 15⁹1
843 4723 899 4780 hc..
917 4725 1002 4775 nescio
1021 4725 1079 4790 quid
1102 4725 1170 4788 velie,
1190 4742 1238 4777 nec
1258 4730 1385 4790 succurrit,
1404 4730 1465 4796 quid
1481 4746 1526 4800 ge·
