3366 5482
674 256 757 309 aaa·
775 258 890 351 sunm.
1397 256 1463 325 279

144 427 290 479 oppugnare
309 418 451 478 attenmit,
469 414 559 466 Suetus
577 418 677 480 quidam
696 421 797 468 natione
817 417 870 477 fuit,
890 416 1030 466 medicinae
1049 416 1185 468 Galenicae
1205 417 1302 477 doctor,
1323 426 1348 466 et
1367 419 1460 466 Aristo·

128 484 183 534 leae
209 483 378 549 philosophiae
404 487 594 550 supramodum
613 488 741 546 addictus,
769 504 842 554 quem
866 489 908 538 hio
925 490 1052 537 nominare
1079 488 1134 536 nolo
1160 484 1213 550 ejus
1235 489 1320 537 honori
1348 502 1460 551 parcens.

128 555 163 605 nlt
181 555 280 620 quidem
305 559 436 621 isgensre
454 559 543 606 nobilis
566 559 665 612 haberi.
691 561 726 609 uti
746 560 776 609 de
795 575 822 609 se
845 561 898 622 ipso
923 559 1059 607 nonnullibi
1076 560 1201 612 insinuat,
1229 559 1273 607 sed
1291 566 1376 608 tamen
1395 558 1460 608 dicto

128 626 243 689 ilosopho
262 626 361 677 ethnico
379 630 451 678 nimis
469 629 589 678 serviliter
607 632 700 692 potiore
720 633 756 679 sui
775 639 859 694 parte.
880 629 904 678 h⁴
925 645 946 677 e.
966 630 1039 692 genio
1059 635 1084 678 et
1102 630 1215 694 ingenio,
1238 631 1264 678 in
1282 630 1330 680 hoc
1347 643 1458 692 praeser-

128 695 194 745 nde
214 700 317 746 cometis
336 701 443 763 negotio.
463 702 627 762 mancipatus
666 701 727 749 Cum
745 703 787 751 ille
806 718 835 750 ex
854 702 1030 749 intercessione
1049 701 1177 762 cujusdam
1196 701 1233 748 sui
1252 701 1407 749 conterranei
1420 715 1460 750 me

128 783 139 818 t
161 767 293 818 invisentis
317 769 404 818 librum
432 778 540 819 hominm
569 771 704 821 secundum
724 773 754 821 de
781 773 889 821 aetherei
913 771 996 820 muudi
1024 770 1213 834 phaenomenis.
1239 773 1279 835 qui
1306 771 1336 819 de
1356 770 1462 820 Cometa

128 839 158 887 uri
177 835 221 886 77.
242 839 339 888 affatim
357 846 458 897 tractat,
478 843 561 890 statim
582 849 655 905 atque
675 845 694 891 is
713 845 778 906 typis
798 843 922 891 absolutus
941 847 1004 897 erat,
1024 844 1169 904 accepisset.
1189 843 1285 904 seriptis
1299 842 1330 890 ad
1349 843 1458 892 melite·

128 891 309 959 insertiones
319 919 416 961 nothas
435 913 508 961 isthic
527 914 728 975 comprehensas,
757 916 901 976 praesertim
927 913 990 976 qnod
1011 919 1133 963 cometam
1161 913 1277 961 illumin
1302 913 1460 963 aetheree

128 978 205 1029 nudi
234 982 362 1045 regione
390 991 415 1031 et
433 997 589 1047 nequaquam
609 985 754 1033 elementari
774 983 873 1046 (contra
896 999 968 1067 qnam
994 984 1076 1033 docuit
1095 980 1252 1042 Aristoteles)
1272 998 1370 1032 cursum
1388 997 1459 1033 suam

128 1051 233 1100 misisse
252 1053 414 1113 ostenderim,
443 1056 468 1102 iu
488 1055 589 1103 dubium
608 1070 696 1105 rotare
716 1062 741 1104 et
759 1062 879 1120 qnantum
903 1057 928 1103 in
949 1057 1000 1117 ipso
1028 1061 1083 1102 erat
1110 1055 1262 1103 labefactare
1282 1060 1387 1103 conatus
1412 1060 1458 1103 est

128 1122 278 1171 ristimsbam
307 1132 374 1173 certe
392 1126 424 1173 ab
448 1127 527 1180 initio,
555 1126 678 1174 hominem
704 1129 785 1176 amice
811 1134 837 1174 et
862 1126 967 1174 candide
990 1126 1099 1174 veritatis
1127 1126 1233 1187 penitius
1258 1124 1459 1174 manifestandae

128 1193 181 1242 atia
198 1193 224 1242 id
242 1196 323 1256 ipsum
341 1209 424 1259 agere.
462 1195 535 1255 Quod
553 1197 667 1246 etmulti
687 1198 727 1245 alii
746 1213 794 1246 non
814 1198 929 1246 ineruditi
948 1198 990 1244 riri
1008 1210 1104 1243 mecum
1118 1197 1210 1258 opinati
1223 1201 1295 1248 sunt,
1320 1197 1457 1258 interqnos

128 1271 152 1312 at
170 1264 319 1327 magnificus
345 1265 385 1314 ille
403 1266 419 1314 J
426 1281 468 1314 ac.
490 1266 632 1317 Curtius.
661 1269 754 1330 imperii
779 1268 986 1332 procanceilarins
1006 1264 1050 1314 dte.
1089 1269 1123 1315 At
1141 1267 1215 1316 Scoto
1238 1266 1308 1321 hnic,
1335 1280 1390 1313 cnm
1409 1281 1458 1314 non

128 1334 174 1382 lum
193 1336 369 1384 Aristoteleam
388 1339 562 1385 anctoritatem
581 1339 684 1386 multum
703 1347 789 1387 contra
807 1354 851 1386 nos
871 1340 1011 1392 venditarit,
1031 1338 1075 1385 sed
1088 1339 1164 1385 etiam
1177 1337 1353 1400 geometricum
1372 1338 1457 1386 nescio

128 1405 153 1453 id
171 1419 217 1468 pro
236 1420 283 1454 sna
301 1407 413 1470 opinione
432 1408 582 1457 stabilienda
601 1411 756 1471 pertexuerit,
776 1412 822 1473 ipsi
842 1409 885 1457 soli
904 1409 1014 1457 modeste
1034 1408 1180 1456 obviandum
1200 1408 1302 1461 censui,
1320 1408 1410 1469 partim
1429 1413 1457 1455 ut

128 1477 337 1537 subjectiones,
364 1490 427 1540 qnae
452 1481 560 1541 speciem
578 1480 702 1542 quandam
722 1482 771 1528 veri
791 1495 849 1542 prae
868 1495 895 1528 se
919 1480 1033 1528 ferebant
1061 1487 1086 1527 et
1104 1480 1218 1527 incantos
1245 1477 1318 1527 facile
1337 1479 1363 1525 in
1383 1477 1457 1527 deria

128 1547 209 1608 ripere
228 1553 353 1609 poterant,
372 1548 504 1602 diluerem.
533 1551 622 1612 partim
647 1559 675 1599 ut
693 1552 812 1599 nonnulla
829 1553 855 1599 in
875 1551 960 1599 eodem
980 1549 1011 1597 ΙΙ.
1031 1557 1096 1598 torno
1122 1554 1242 1598 contenta
1259 1549 1356 1611 plenius
1375 1553 1401 1596 et
1418 1548 1455 1596 di·

128 1617 202 1666 tldius
230 1619 378 1681 explicarem
405 1628 479 1682 atque
498 1620 529 1669 de
549 1636 574 1669 re
594 1624 715 1670 cometice
733 1623 886 1685 generaliore
911 1622 1016 1684 quodam
1035 1621 1107 1668 modo
1130 1619 1249 1667 nonnulla
1276 1619 1377 1667 ulterius
1397 1632 1454 1667 con·

128 1699 240 1752 genem:
265 1703 376 1751 sperans,
395 1706 435 1739 me
454 1692 499 1754 ipsi
519 1699 545 1740 et
563 1691 617 1739 aliis
635 1695 746 1741 veritatis
770 1693 818 1741 hac
836 1694 862 1739 in
887 1698 957 1754 parte
977 1692 1152 1740 scrutatoribus
1171 1705 1222 1738 rem
1244 1689 1311 1738 hand
1331 1690 1456 1753 ingratam

128 1775 134 1809 ι
159 1760 345 1822 praestiturum.
388 1760 471 1820 Quare
498 1766 636 1824 conscripta
664 1770 854 1826 extemporanea
880 1763 986 1826 quadarn
1009 1763 1132 1825 Apologia
1159 1776 1215 1823 cam
1241 1763 1267 1808 in
1287 1759 1395 1808 Scotiam
1424 1759 1456 1808 ad

128 1832 282 1894 tagonistam
301 1838 410 1880 nostrum
429 1834 553 1881 transmisi
580 1834 732 1897 eandemque
752 1849 807 1882 cum
825 1833 970 1897 quibusdam
1000 1833 1055 1881 aliis
1074 1834 1098 1879 in
1118 1831 1253 1880 Germania
1271 1832 1326 1878 riris
1346 1845 1454 1880 commn-

128 1902 184 1962 pari,
214 1909 243 1949 nt
262 1917 345 1949 eornm
365 1916 483 1951 censuras
501 1906 593 1967 pariter
612 1907 769 1967 exquirerem.
808 1902 886 1964 (Hinc
905 1911 959 1951 orta
978 1918 1032 1951 esse
1051 1903 1146 1952 ridetur
1164 1903 1228 1951 falsa
1247 1902 1328 1964 opinio
1347 1915 1452 1964 quorun·

128 1987 152 2019 m
169 1970 238 2020 hanc
259 1973 397 2037 apologiam
416 1974 505 2037 publici
526 1976 587 2036 juris
606 1973 699 2024 factam
719 1974 794 2031 esse.)
831 1975 860 2023 ln
879 1974 927 2022 hac
947 1974 1062 2037 apologia
1090 1988 1129 2021 me
1148 1973 1285 2020 modestiae
1304 1973 1394 2020 limites
1413 1985 1453 2020 ns-

128 2055 160 2091 ιιιι
178 2051 362 2106 transgressum
381 2052 424 2092 aut
442 2044 499 2107 quid
518 2047 581 2094 citra
599 2061 650 2094 rem
669 2047 797 2109 protulisse
823 2046 947 2107 mihiipsi
973 2061 1021 2092 non
1040 2059 1094 2091 sum
1122 2044 1242 2092 conscius.
1280 2044 1315 2091 At
1334 2041 1454 2105 quomodo
1547 2050 1558 2057 “

128 2111 252 2176 ilosopbns
271 2113 311 2162 ille
330 2115 501 2164 Aristotelicas
520 2125 629 2164 nostram
648 2115 713 2166 hauc
732 2117 865 2166 candidam
884 2118 973 2178 stipsi
992 2117 1028 2163 uti
1047 2115 1177 2176 sperabam
1197 2119 1327 2177 acceptam
1346 2113 1455 2160 futuram

128 2185 258 2233 cntionem
276 2188 407 2247 exceperit,
427 2187 475 2235 dici
488 2188 527 2234 vix
540 2193 627 2249 potest.
666 2188 799 2251 Postquam
818 2189 884 2236 enirn
902 2201 980 2250 nsque
999 2187 1024 2234 in
1043 2187 1143 2233 tertium
1157 2198 1249 2233 annum
1269 2184 1334 2233 hanc
1349 2184 1455 2232 amicam

128 2254 234 2319 ιΙοῴιιιι
253 2269 337 2304 secum
355 2258 497 2305 retinuisset
521 2258 629 2321 nihilque
647 2262 756 2321 responsi
785 2266 855 2307 tanto
875 2266 986 2320 tompore
1010 2257 1205 2319 perscripsisset,
1235 2270 1291 2303 eum
1309 2256 1347 2304 rel
1366 2256 1455 2302 nostris

128 2326 261 2374 titionibus
287 2328 438 2389 acquievisse
457 2336 483 2377 et
501 2330 526 2377 in
544 2327 590 2377 has
610 2332 751 2378 transivisse
770 2336 853 2391 partes
873 2330 1061 2386 existimabam,
1091 2327 1138 2381 vel,
1158 2326 1222 2389 qnod
1242 2326 1454 2374 contradictiones

128 2396 237 2446 nfatile
256 2397 358 2446 ulterius
378 2406 542 2454 occurrerent,
562 2402 719 2449 continuisse.
757 2401 868 2449 Tandem
887 2415 958 2454 vcro.
985 2407 1056 2462 rupto
1074 2398 1115 2446 illo
1134 2397 1186 2445 alto
1207 2397 1316 2457 silentio,
1337 2396 1455 2459 scriptum

128 2466 218 2517 addam
237 2468 464 2533 antapologeticum
483 2470 555 2532 paulo
574 2471 729 2519 virulentiore
749 2479 774 2519 et
783 2472 935 2519 mordaciore
951 2472 1042 2526 animo,
1062 2483 1136 2532 qnam
1156 2470 1221 2529 prius
1234 2483 1277 2530 per
1289 2468 1374 2516 literas
1393 2480 1451 2530 ege·

128 2539 185 2596 tin
205 2552 250 2586 nos
268 2540 372 2588 vibravit
390 2538 435 2589 dte.
474 2541 581 2589 Titulum
601 2542 661 2590 fecit
677 2543 734 2591 huic
754 2542 910 2590 stomachose
930 2547 956 2590 et
974 2541 1089 2590 insolenti
1103 2540 1206 2601 scripto:
1227 2537 1453 2602 Capnuraniae

130 2610 265 2658 stinctio
284 2625 337 2658 sen
356 2618 544 2660 cometarum
568 2614 598 2659 in
618 2612 755 2662 aethera
780 2613 1022 2661 sublimationis
1045 2610 1205 2659 refutatio
1225 2607 1271 2658 dte.
1309 2607 1452 2658 Solidiorsm

136 2681 271 2744 specialem
290 2683 343 2742 ojus
361 2683 546 2744 replicationem
565 2685 615 2730 una
634 2699 689 2731 cum
709 2685 864 2732 convenienti
883 2684 1032 2731 refutatione
1051 2682 1125 2731 alicui
1145 2695 1175 2728 ex
1194 2681 1282 2729 nostris
1303 2681 1387 2729 amicis
1407 2684 1454 2729 ant

128 2764 167 2800 aas
185 2750 311 2812 discipulis
330 2752 416 2802 harum
435 2767 515 2802 rerum
533 2755 616 2815 guaris
634 2770 678 2803 suo
697 2762 805 2817 tempore
825 2754 993 2816 exequendam
1011 2751 1197 2803 commendabo.

162 2821 236 2870 Haec
249 2821 334 2883 Tycho
353 2821 379 2884 (e
397 2825 473 2873 literis
494 2824 518 2872 d.
530 2824 630 2873 Uranib.
651 2825 674 2874 d.
695 2824 733 2872 tt.
748 2826 806 2875 Jan.
829 2822 896 2871 1595
915 2827 941 2873 in
961 2826 1054 2887 „Epist
1066 2822 1183 2871 Astron-‘⁴
1204 2824 1245 2871 lib.
1260 2822 1279 2870 Ι.
1294 2836 1317 2883 p.
1333 2818 1384 2870 284
1397 2836 1449 2886 sqq.

128 2893 261 2941 .l·'raucof.
282 2907 305 2941 a,
327 2892 416 2954 lde).
455 2895 597 2943 Gassendus
616 2898 641 2943 in
660 2899 712 2944 rita
724 2896 847 2957 Tychouis
861 2897 942 2949 refert.
963 2895 1064 2944 Scotum
1078 2895 1144 2942 hunc
1157 2891 1283 2943 Medicum
1301 2893 1385 2947 fuisse.
1405 2908 1449 2940 no·

127 2978 158 3014 ue
177 2962 357 3027 craigium,
378 2973 403 3014 et
421 2966 720 3030 Longomoutanum.
743 2968 866 3029 Tychonis
885 2966 1031 3029 discipulum
1051 2964 1224 3026 conscripsisse
1244 2962 1390 3026 Apologiam
1410 2977 1452 3024 pro

128 3034 223 3092 'chone,
252 3049 316 3096 quae
335 3038 355 3084 si
373 3038 456 3100 ntique
476 3039 615 3100 conscripta
633 3045 700 3087 certe
719 3055 767 3086 non
782 3038 872 3101 publici
882 3039 943 3098 juris
956 3038 1025 3085 facta
1035 3044 1081 3084 est.
1096 3035 1193 3096 (Comp.
1208 3033 1303 3082 Mollcri
1319 3032 1453 3094 „Gymbria

128 3105 222 3235 {533⁸
249 3105 282 3153 11.
306 3123 329 3170 p.
355 3104 410 3155 110.
439 3116 465 3156 et
488 3107 619 3156 Scheibelii
640 3110 798 3173 ,Uinicitung
817 3123 859 3156 zur
878 3107 1099 3158 mathematischeu
1120 3104 1382 3158 Biicherlsenutniss,“
1404 3102 1450 3159 111,

161 3246 193 3296 In
212 3247 298 3295 eodem
318 3255 402 3296 antem
420 3249 541 3300 volumine
560 3248 783 3312 Manuscriptornrn
797 3249 1047 3312 Petropolitanornm.
1068 3264 1081 3296 e
1100 3262 1147 3312 quo
1168 3246 1329 3295 desumsimus
1349 3246 1452 3308 Kepleri

128 3324 259 3384 gmentuxn
278 3333 428 3367 concernens
448 3320 502 3369 Ursi
521 3321 706 3381 refutationem,
736 3321 939 3382 deprehendimus
968 3319 1036 3367 alind
1059 3320 1225 3383 fragmentum
1244 3317 1347 3379 Kepleri
1376 3330 1454 3366 manu

128 3389 210 3454 iptum
229 3387 271 3473 (ο.θ
284 3390 380 3473 initium
399 3392 457 3439 anni
471 3389 559 3450 1601),
578 3392 732 3454 inscriptum:
761 3391 932 3440 Refntatio
951 3390 1068 3446 libelli,
1089 3391 1138 3440 cni
1157 3389 1273 3438 titulus
1293 3387 1450 3452 (lapnura-

133 3465 464 3595 ⁸⁰Strefiitleligconf‘ieplerus
492 3532 540 3581 fide
565 3545 639 3596 quam
658 3533 767 3594 Tychoni
794 3533 908 3590 dederat,
938 3533 1048 3596 quamvis
1074 3532 1248 3580 refutationem
1270 3530 1336 3580 hant
1361 3531 1454 3593 pariter

128 3616 167 3667 qna
186 3602 255 3651 illam
274 3601 331 3651 Ursi
349 3617 398 3651 non
418 3602 556 3652 absolutam
574 3604 707 3667 reliquerit.

163 3725 235 3774 Haec
255 3732 339 3775 summ
359 3733 417 3775 snut
436 3740 500 3791 qnae
519 3727 584 3776 dicto
603 3727 657 3777 loco
677 3734 789 3776 entant:

171 3851 200 3906 Si
223 3852 401 3920 Capuurania
422 3863 480 3914 tua,
503 3853 544 3906 vir
564 3855 728 3916 doctissime,
750 3856 783 3906 de
805 3855 859 3907 tuis
881 3857 925 3908 vel
941 3855 1078 3924 Tychonis
1101 3851 1215 3922 privatis
1238 3851 1321 3903 rebus
1343 3857 1452 3920 ageret,

128 3948 144 3986 a
165 3939 195 3985 te
216 3939 353 4001 peterem,
375 3933 415 3985 uti
437 3933 530 3985 milri
524 3951 695 4002 ignosceres
722 3936 792 4003 quod
814 3934 926 4005 ignotus
948 3943 978 3987 et
999 3936 1151 3987 Germanus
1175 3939 1202 3985 te
1224 3930 1334 3983 Scotum
1355 3930 1452 3982 adver·

128 4012 196 4066 rium
222 4012 287 4064 mihi
313 4013 477 4082 delegerim
506 4018 635 4084 tuumque
662 4015 785 4067 libellum
814 4015 988 4068 refutandum
1015 4013 1164 4066 sumserim.
1207 4009 1353 4063 Petilionis
1374 4024 1452 4061 meae
1520 4002 1541 4045 ’-

128 4106 192 4146 usas
209 4093 346 4144 haberem
368 4099 413 4145 sat
433 4092 582 4162 speciosas.
624 4095 670 4147 Ex
691 4112 744 4163 quo
765 4110 882 4163 namque
905 4112 980 4165 spem
1011 4093 1122 4161 concepi
1146 4092 1203 4144 fore
1225 4096 1257 4143 ut
1269 4083 1452 4151 astronomia,

128 4187 174 4226 aar
194 4172 374 4225 vehementer
394 4189 469 4233 amo,
492 4174 629 4242 Tychuuis
652 4191 737 4243 opera
759 4174 936 4242 perficiatur:
963 4192 1015 4227 non
1037 4190 1148 4242 possum
1169 4188 1224 4224 non
1244 4169 1338 4223 itidem
1359 4185 1453 4222 amare

128 4268 180 4307 mm
201 4259 260 4305 tam
281 4252 418 4305 eximium.
462 4253 538 4305 Unde
560 4255 692 4324 sequitur,
715 4262 747 4307 ut
768 4254 924 4323 quidquid
919 4256 1003 4324 ipsius
1020 4255 1111 4306 famae
1133 4250 1333 4320 commodisque
1355 4251 1452 4303 adver·

128 4337 186 4396 tur,
207 4332 233 4384 ei
254 4348 305 4394 mc,
329 4339 460 4401 quantum
481 4333 539 4386 fieri
562 4341 655 4402 potest
676 4343 704 4386 et
727 4335 858 4387 honestas
880 4335 994 4404 patitur,
1017 4349 1161 4402 opponam.

171 4414 327 4464 Accederet
347 4422 376 4465 et
396 4413 472 4475 iliud,
496 4416 574 4482 quod,
597 4431 657 4466 eum
679 4415 705 4466 in
720 4417 815 4467 eudem
830 4432 889 4467 eum
904 4415 1066 4485 Tychonc
1082 4413 1164 4481 culpa
1179 4428 1267 4481 ponas
1282 4420 1312 4464 et
1325 4411 1451 4463 Maest-

128 4507 200 4544 nnm
220 4499 428 4561 praeceptorem
451 4510 554 4554 meum,
586 4512 639 4545 non
661 4494 743 4547 venia
764 4495 864 4556 solum,
894 4496 941 4547 sed
964 4500 993 4547 et
1014 4495 1096 4546 laude
1116 4493 1229 4562 dignum
1245 4491 1310 4557 jure
1332 4505 1451 4558 pronun·

128 4586 198 4632 oms,
221 4572 244 4645 si
266 4572 366 4624 minam
387 4572 457 4639 ejus,
480 4573 532 4625 etsi
555 4582 703 4640 praeterea
725 4574 792 4626 nihil
814 4591 939 4644 agerem,
962 4581 1059 4626 contre
1080 4581 1144 4626 tuas
1166 4570 1368 4624 criminationes
1391 4568 1451 4620 lite·

128 4650 182 4704 rias
204 4666 365 4705 assererem.
409 4653 469 4705 Nou
490 4655 574 4706 debet
595 4653 665 4706 euim
692 4655 791 4707 mortui
812 4662 841 4706 et
862 4655 965 4707 ethnici
987 4652 1175 4723 praeceptoris
1202 4650 1354 4703 auctoritas
1377 4649 1449 4716 apud

143 4739 322 4786 morenate
343 4749 412 4792 esse.
436 4734 508 4801 apud
531 4750 571 4785 me
592 4733 647 4785 rivi
669 4742 699 4787 et
720 4734 869 4787 Christiani
890 4735 953 4787 vilis
974 4734 1081 4788 haberi.
