3366 5482
665 230 827 284 mim
1380 231 1424 301 ts

67 398 147 437 snum
167 360 401 511 tywprspgcmm
417 391 504 455 perito.
535 390 601 441 ilinc
617 392 699 442 nullus
715 394 982 466 typothetarnmoperi
1001 409 1088 447 manus
1107 396 1238 448 ducrere
1249 401 1353 460 possets
1371 399 1423 461 ipse
1524 441 1527 447 .

131 474 145 509 r
415 496 421 509 .
439 470 443 477 .
1206 498 1211 505 ι
1518 479 1520 484 .

71 459 308 608 wilm&
326 474 452 606 qirgszrotibi
470 542 571 592 Terram
589 544 726 609 signifieat,
745 560 794 595 non
812 545 943 602 babemus.
962 520 1018 599 ideo
1035 562 1079 612 pro
1097 563 1127 598 eo
1145 548 1289 598 charactere
1307 549 1363 612 ipss
1379 563 1425 598 vox

68 608 162 661 'l'errae
181 613 313 664 scribenda
330 612 385 663 init
423 611 556 679 (Keplerus
573 615 621 667 hor
639 616 838 667 charactereuti
861 619 999 670 minent.
1025 619 1046 667 sl
1070 633 1121 669 non
1143 620 1223 682 ipsam
1240 620 1322 683 posuit
1338 634 1425 670 rocem
1449 652 1451 657 ι

68 680 170 733 Terraes
201 682 255 733 Nos
271 700 315 750 pro
333 685 374 734 illo
391 691 478 736 notam
495 685 567 736 hodie
585 687 704 739 usitatam
723 682 781 753 [δ]
800 686 945 753 posuimus.)
976 688 1096 739 Numeros
1113 689 1204 740 tractos
1223 689 1332 740 nundum
1348 690 1425 740 habet

68 755 246 820 typographus,
266 771 340 822 quam
355 743 388 805 'ob
405 771 457 813 rem
473 757 530 807 huic
550 757 657 808 delectui
675 759 730 808 aliis
750 760 969 824 combustionibus
986 761 1078 810 mederi
1098 774 1179 820 conor,
1198 761 1277 812 donec
1295 762 1426 825 typothetae

68 825 163 889 menius
183 841 201 877 a
216 843 257 879 me
275 828 322 878 hoe
340 828 366 877 in
383 830 482 894 negotio
501 829 575 879 inerit
592 830 733 879 menuctus.
769 829 821 881 Ides
839 846 888 881 non
906 838 959 881 tam
977 832 1056 881 facilis
1075 838 1205 897 est‘qusm
1227 838 1343 897 putatur,
1368 834 1425 882 ideo

68 910 115 947 nun
132 911 192 947 raro
210 896 344 950 fractiones
361 915 405 962 per
422 914 495 950 voces
514 900 617 950 desembi
637 903 728 951 curari.
1015 916 1021 925 ·

136 968 194 1019 isui
207 971 315 1035 quotidie
328 986 411 1021 coram
423 971 547 1021 adstarem
559 973 704 1036 typothetae
722 979 748 1023 et
765 973 926 1038 typographo,
944 974 1067 1024 interdum
1085 989 1181 1039 qnoque
1199 976 1250 1038 ipse
1270 974 1425 1027 admoverem

68 1055 172 1099 mnus,
194 1043 267 1093 multi
286 1043 421 1108 irreperent
438 1057 545 1105 errores:
571 1045 680 1107 quamvis
704 1044 767 1094 iorte
784 1042 907 1094 interdum
925 1046 1048 1110 quaedam
1067 1047 1220 1112 diligentium
1238 1059 1321 1096 meam
1338 1047 1425 1112 ingere

68 1113 201 1177 potuerint,
221 1114 345 1179 quadam
357 1120 442 1164 autem
453 1113 601 1178 sphalmata,
620 1129 676 1165 cum
688 1131 738 1165 non
750 1118 870 1180 potuerim
883 1118 999 1168 contineo
1012 1131 1205 1180 praesensesse.
1224 1116 1320 1167 nullam
1337 1123 1426 1182 postes

69 1185 246 1234 mationem
265 1185 415 1237 admiserint
452 1185 485 1236 Et
506 1184 570 1237 haec
593 1187 648 1250 ipss
672 1192 711 1255 est
733 1201 825 1243 causa,
850 1187 914 1251 quod
936 1193 1015 1237 totunr
1034 1204 1094 1252 opus
1112 1191 1137 1238 in
1155 1203 1195 1238 me
1212 1190 1322 1252 recipere
1339 1189 1427 1244 meist

68 1269 140 1320 mam
159 1255 236 1306 alicui
253 1259 381 1324 magistro,
399 1258 438 1306 cui
451 1262 479 1307 ιιι
492 1259 646 1307 commissum
658 1264 739 1323 putes,
757 1259 903 1324 relinquere.
922 1261 961 1309 oui
980 1265 1006 1309 et
1023 1263 1129 1310 materia
1144 1269 1193 1309 non
1206 1258 1283 1309 solide
1294 1267 1425 1324 perspecta

70 1333 114 1383 ιιι.
133 1334 160 1376 st
178 1328 220 1392 qui
238 1343 319 1397 rerum
337 1329 569 1394 typographicam
588 1327 832 1390 (mahometicorum
850 1328 971 1394 inprimis)
989 1347 1038 1381 non
1056 1335 1148 1395 peritus
1167 1338 1213 1381 est
1404 1338 1408 1343 '

137 1397 212 1458 Quae
231 1400 365 1464 inscripto
383 1405 426 1449 tero
444 1400 552 1464 paucula
569 1402 678 1458 mutari,
704 1401 798 1452 leniore
816 1401 938 1451 interdum
955 1403 1076 1452 voeabula
1093 1403 1219 1468 ponendo,
1245 1402 1338 1453 ridebis
1356 1403 1426 1467 ipset

66 1473 117 1532 iarn
135 1484 169 1520 ea
187 1471 294 1521 scribere
312 1487 362 1521 non
378 1484 486 1537 possum.
513 1468 662 1522 Pneserlim
679 1472 744 1537 quod
761 1474 869 1536 pertinet
886 1473 919 1523 ad
936 1473 1040 1539 figuram
1058 1480 1206 1537 postremam
1224 1487 1283 1538 pag.
1303 1470 1337 1523 78
1356 1471 1424 1538 (cap,

68 1539 145 1597 ml.
164 1541 209 1608 eg.
223 1539 265 1591 25.
294 1541 378 1607 comp.
399 1548 467 1592 anot
488 1539 533 1603 82)
552 1549 631 1592 totum
653 1546 760 1602 mutari,
784 1545 842 1608 quia
858 1545 953 1608 lapsum
971 1551 997 1593 te
1016 1546 1079 1603 ridi;
1097 1559 1156 1595 nam
1173 1559 1223 1594 non
1242 1544 1262 1593 C
1280 1544 1325 1594 sed
1343 1544 1367 1594 l)
1386 1551 1425 1595 est

69 1620 178 1662 omnum
199 1615 338 1678 aequmst
367 1615 512 1683 [Agnosces
530 1629 609 1678 spero,
628 1615 653 1664 id
671 1629 750 1679 aequo
769 1613 859 1665 animo.
898 1614 969 1675 Quae
988 1617 1054 1666 enim
1071 1631 1088 1666 a
1105 1617 1234 1666 melecta
1251 1622 1324 1672 sunt.
1343 1617 1369 1666 in
1386 1617 1423 1666 tui

68 1685 175 1750 mam
196 1693 223 1735 et
241 1700 272 1736 ex
289 1685 433 1750 integritate
453 1687 541 1735 amoris
560 1700 621 1752 erga
635 1692 661 1736 te
679 1686 735 1737 ieci.

137 1756 248 1813 Addidi,
266 1761 293 1807 te
311 1757 408 1822 quidem
425 1758 526 1807 inscio
550 1764 581 1807 et
602 1758 797 1815 inconsulto,
822 1757 1041 1808 Narrationem
1060 1757 1202 1813 Rhetiei,
1226 1772 1299 1808 ame
1318 1759 1422 1808 remam

70 1832 93 1876 st
103 1826 274 1878 schematibus
287 1835 395 1887 aucum,
414 1843 466 1878 uua
483 1843 539 1878 curn
557 1843 614 1879 mea
631 1829 800 1893 praefatione;
819 1844 851 1880 ea
868 1844 934 1879 nunc
952 1831 997 1879 sub
1009 1829 1102 1893 prelum
1120 1830 1155 1880 ire
1168 1830 1261 1893 incipit.
1284 1845 1340 1880 cnm
1356 1836 1424 1895 post·

70 1901 139 1949 renis
158 1901 210 1950 tuis
227 1900 358 1966 pagellis.¹
378 1898 454 1964 Spero
472 1902 571 1956 alitem.
592 1912 647 1950 eam
666 1902 710 1950 tihi
727 1917 776 1950 non
796 1901 909 1951 dedecori
927 1902 1042 1953 interam.

138 1969 232 2022 Cetera
249 1972 274 2020 in
294 1971 361 2022 aliud
377 1978 474 2034 tempus
491 1986 616 2022 maenam
635 1986 715 2038 cogor.
753 1972 930 2037 'l'ypegrapbus
946 1974 1106 2037 'conqueritur
1124 1973 1155 2023 de
1173 1973 1293 2022 sumtibus
1311 1971 1422 2022 schema·

71 2048 126 2099 tum,
145 2044 281 2107 praecipue
300 2043 331 2092 ds
350 2058 393 2099 eo.
412 2043 476 2107 quod
495 2045 546 2092 aeri
564 2043 667 2106 insculpi
687 2045 788 2093 curant.
826 2044 876 2094 Sed
894 2044 925 2093 de
940 2032 981 2093 his
999 2047 1051 2107 lpse
1070 2044 1201 2108 siquando
1220 2044 1329 2107 scribet.-

135 2112 203 2164 Vale
222 2113 370 2165 ielieissime.
407 2115 499 2164 Actum
517 2115 669 2178 rapidissimo
688 2115 793 2165 calamo.
832 2112 872 2164 ib.
893 2111 952 2177 (25)
970 2114 1032 2165 Nor.
1052 2112 1095 2165 bd.
1139 2130 1145 2139 ·

134 2183 194 2236 RS.
232 2185 286 2235 Etsi
303 2192 402 2250 praeter
420 2187 630 2249 exspectationem
647 2188 750 2237 nunnus
776 2187 867 2236 diutins
891 2194 1007 2245 maneat,
1034 2187 1088 2236 aliis
1114 2194 1197 2236 tamen
1224 2185 1425 2249 occupationibus

72 2256 167 2306 obrutus
185 2272 235 2308 uec
254 2258 298 2307 tibi
316 2272 364 2307 neo
381 2257 439 2306 mihi
463 2257 608 2307 satisfacere
631 2273 737 2322 possum.
775 2257 814 2308 lie
838 2265 922 2308 tamen
947 2257 1007 2307 nihil
1032 2258 1137 2315 iacism.
1164 2257 1253 2319 adjicio
1275 2263 1425 2320 postremam

71 2327 207 2394 plagulam.
227 2329 312 2379 rudem
330 2329 428 2394 quidem
447 2335 473 2377 et
490 2329 598 2378 nondum
616 2335 752 2380 conectam
770 2329 802 2379 sd
820 2329 927 2394 prelum,
946 2330 1010 2380 stent
1027 2330 1102 2380 rides.
1139 2329 1169 2378 ln
1187 2342 1219 2377 ea
1236 2328 1338 2393 plagula
1355 2327 1423 2377 rides

73 2407 162 2462 partem
181 2401 344 2464 praefationis
362 2415 442 2467 mesa
915 2448 918 2453 .

138 2471 279 2537 ,Plagula“
292 2472 356 2522 haee
368 2471 498 2521 reierenda
515 2477 552 2522 est
567 2471 600 2521 ad
615 2472 689 2521 rerba
703 2473 757 2529 „Ab
769 2472 816 2522 boc
827 2473 902 2538 igitur
913 2471 1038 2535 tempore“
1053 2478 1101 2522 etc.
1116 2469 1184 2537 (pag.
1194 2486 1244 2536 seq.
1256 2468 1312 2531 26),
1332 2470 1426 2534 reliqua

73 2541 217 2592 liustlinns
244 2546 334 2607 partim
358 2544 471 2610 integra,
495 2543 586 2607 partim
611 2545 751 2593 summatim
775 2545 889 2608 proponit
915 2543 1023 2607 Keplero
1048 2545 1073 2593 in
1098 2545 1250 2608 postsoriptis
1276 2539 1313 2603 (d.
1332 2541 1370 2591 d.'
1385 2537 1425 2589 lb.

75 2610 126 2674 (lb)
145 2612 225 2676 Nor.)
243 2629 308 2679 quae
325 2615 364 2663 his
383 2615 523 2687 concludit:
551 2613 592 2663 De
610 2614 712 2664 adverso
731 2622 757 2664 et
779 2617 949 2678 inexspectato
974 2620 1042 2664 statu
1064 2616 1213 2665 matrimonii
1236 2615 1271 2663 tni
1295 2628 1326 2663 ex
1344 2613 1425 2662 animo

74 2684 153 2743 doleo;
179 2687 225 2735 ssd
249 2701 336 2750 spero.
362 2683 443 2735 Deum
462 2686 576 2735 daturum
594 2686 704 2735 meliora.
741 2686 788 2736 Pro
806 2689 867 2735 meis
884 2687 1007 2737 iabon'bus
1027 2692 1054 2736 et
1070 2702 1125 2736 meo
1150 2699 1210 2750 erga
1224 2693 1258 2734 'te
1277 2699 1360 2734 amore
1379 2690 1425 2750 ego

74 2756 160 2806 nullam
179 2756 256 2806 aliam
275 2759 500 2822 compensatiouem
520 2765 586 2820 peto,
606 2771 679 2821 quam
697 2762 734 2812 ut,
752 2759 816 2807 sicut
833 2759 904 2814 iacis.
923 2774 963 2808 me
980 2756 1101 2807 redamas.
1133 2757 1215 2808 Unum
1233 2767 1319 2806 tamen
1337 2760 1363 2807 et
1380 2757 1426 2806 hoo

75 2834 134 2889 peto,
153 2829 175 2877 si
193 2829 252 2893 quid
271 2830 369 2878 omnino
388 2828 447 2878 mihi
464 2829 668 2878 remunerationis
686 2829 739 2877 loco
759 2831 919 2882 constituisti.
939 2830 965 2879 id
983 2828 1037 2877 aliis
1055 2842 1105 2878 non
1123 2830 1159 2878 slc
1177 2829 1284 2885 scribes.
1303 2827 1342 2876 vel
1360 2827 1427 2891 apud

75 2897 129 2948 elios
145 2900 298 2964 proclames,
321 2901 465 2964 praesertim
488 2915 532 2965 per
554 2914 615 2964 qnos
633 2900 666 2950 ad
685 2899 768 2949 aulam
786 2900 1016 2966 wirtembergicam
1034 2914 1066 2950 ea
1082 2914 1122 2950 res
1141 2900 1228 2949 deterri
1246 2904 1337 2963 possm.
1373 2897 1425 2953 De·

75 2968 160 3022 lucres
179 2977 206 3021 st
225 2973 412 3029 obtrectatores,
430 2973 550 3028 attosti,
569 2971 638 3031 rarii,
656 2971 743 3021 iaoiies
760 2978 786 3021 et
803 2971 873 3021 multi
891 2978 957 3022 sunt.
994 2970 1150 3036 Rogoerpo,
1168 2977 1198 3021 nt
1215 2976 1241 3020 et
1258 2970 1318 3019 mihi
1336 2975 1363 3020 et
1378 2968 1424 3018 tibi

75 3043 142 3091 inse
159 3056 258 3105 parcas.
294 3043 348 3109 Epo
366 3050 424 3093 tuus
443 3058 504 3093 sum.
541 3042 606 3092 Vale
625 3044 724 3106 optime.
1111 3052 1113 3056 ·
1149 3084 1152 3090 ,

139 3111 212 3174 Quae
233 3115 397 3173 „matrimonii
415 3112 525 3164 ιιιιιιιιιιι
544 3113 647 3177 Kepleri
666 3115 788 3175 attinent,
808 3112 901 3163 nubam
920 3115 951 3164 de
969 3115 1007 3165 his
1027 3113 1138 3163 antebac
1153 3113 1186 3162 sd
1204 3111 1362 3161 Maestllnum
1382 3110 1424 3160 de·

76 3183 141 3234 derat
159 3185 296 3249 epistolam.
333 3185 467 3237 Nunciarit
484 3187 547 3235 iorte
569 3185 634 3235 talia
651 3183 822 3236 Haienreffero
846 3185 883 3235 rel
902 3185 1022 3242 Beseldo.
1049 3190 1104 3235 dnm
1127 3185 1213 3249 quibus
1229 3188 1289 3233 tum
1310 3183 1426 3247 temporis

76 3255 147 3306 mults
164 3273 208 3320 per
219 3255 305 3308 literas
317 3259 377 3324 epit.
404 3256 434 3307 ln
446 3258 523 3306 literis
535 3257 693 3322 sequentibus
712 3254 747 3320 (p.
763 3253 809 3318 29)
827 3256 898 3319 plura
915 3257 962 3307 bac
981 3257 1012 3307 de
1024 3272 1051 3307 re
1063 3255 1138 3306 reiert
1149 3255 1271 3319 Keplerus
1283 3252 1425 3305 ldaesdlno.

140 3326 331 3387 ,limationem
349 3327 481 3379 Ithsetici“
502 3342 577 3394 quum
595 3327 717 3378 addiderit
728 3328 875 3378 biaeotliuus
887 3328 1019 3380 Prodromo
1040 3328 1133 3388 „mocio
1151 3332 1177 3378 o't
1194 3325 1358 3382 inconsulto“.
1376 3325 1425 3382 vel.

75 3404 100 3446 ιι
115 3413 129 3448 e
145 3400 307 3469 sequentibus
323 3401 427 3465 patebit,
446 3401 521 3451 inrito
539 3399 657 3466 Keplero.
675 3414 780 3465 cumque
797 3400 841 3450 illa
858 3414 944 3465 parum
963 3400 1025 3450 lucis
1043 3398 1134 3449 afferat
1151 3399 1217 3464 operi
1236 3399 1291 3462 ipsi,
1312 3411 1362 3447 non
1380 3396 1424 3447 ad·

77 3467 177 3521 leudam
195 3485 251 3521 eam
270 3467 409 3522 censuimus
427 3471 485 3522 huic
504 3471 611 3538 editimi.

138 3538 320 3595 Praelatio
339 3550 423 3594 sutem
441 3542 620 3593 Maestlini
638 3542 702 3592 baec
720 3548 773 3592 est:

453 3687 493 3742 Μ.
517 3687 637 3742 Mataei
658 3687 789 3742 Maudio
808 3686 1038 3760 Goeppe'opeust'e,

607 3763 726 3815 Cossdide
744 3762 849 3814 laeciori
866 3763 895 3816 S.

137 3859 220 3913 Recte
238 3861 372 3914 sPiatone
389 3865 526 3927 geometris
544 3870 569 3913 et
587 3862 744 3914 arithmetica
759 3861 819 3911 alae
831 3863 996 3915 aeconomiae
1010 3861 1172 3926 appellentur.
1201 3858 1343 3927 Geometris
1361 3858 1426 3909 enim

76 3931 212 3983 incedenti
232 3948 345 3998 corpore,
369 3935 435 3998 quod
452 3941 571 3999 quantum
590 3940 629 3983 est
645 3932 772 3999 globosum
790 3937 817 3982 et
834 3933 947 3983 circmari
964 3941 1032 3983 motu
1049 3932 1195 3999 regulariter
1211 3929 1313 3991 mobile,
1333 3945 1364 3980 ex
1382 3929 1433 4003 ub·⁴

76 4005 247 4056 mationibus
266 4005 367 4056 diremit
384 4007 532 4069 temporibus
550 4005 641 4055 habitis
664 4020 713 4054 non
731 4010 828 4054 tantum
847 4007 910 4054 mam
930 4005 1057 4054 stellamns
1073 4004 1180 4059 invenit,
1209 4002 1253 4051 sed
1272 4003 1348 4052 etiam
1366 4002 1438 4053 irre?

75 4075 208 4138 ederimus
227 4079 427 4140 apparentiarum
446 4093 476 4128 ex
492 4077 645 4144 regularibus
663 4077 767 4126 motibus
784 4077 892 4127 rationes
910 4075 1007 4129 reddit.
1034 4089 1166 4138 earumque
1190 4082 1272 4131 certas
1298 4087 1426 4124 mensuras

74 4146 197 4207 pruneto
217 4154 292 4212 atque
304 4163 431 4212 corporum
443 4149 538 4198 illorum
554 4148 693 4198 sublimium
709 4147 890 4212 magnitudines
908 4154 937 4197 ut
954 4153 980 4197 et
998 4145 1140 4196 altitudines
1153 4142 1313 4197 demonstrat.
1341 4144 1424 4195 Arith-

75 4219 161 4268 sesa
183 4226 285 4276 antem.
311 4220 368 4271 dum
390 4220 464 4283 hujus
481 4222 567 4285 quanti
586 4221 793 4283 corporispsrtes
810 4220 836 4267 in
855 4233 968 4270 numeros
986 4219 1100 4281 conjicit,
1122 4215 1177 4266 illas
1200 4215 1383 4283 mummdines
1401 4222 1427 4266 et

74 4288 213 4340 rlu'tadines
231 4293 340 4349 metimr,
359 4291 505 4357 tabulasque
524 4291 616 4345 condit,
635 4305 665 4340 ex
682 4291 768 4355 quibus
787 4291 820 4339 ad
838 4291 937 4355 quodvis
956 4290 1041 4339 datum
1059 4297 1155 4352 tempus
1172 4288 1300 4338 stellarum
1318 4288 1425 4339 omnium

74 4358 132 4418 locs,
151 4361 265 4426 adeoque
282 4369 337 4414 tota
355 4364 416 4414 coeli
435 4364 511 4415 iacies
530 4363 664 4413 exhibetur.
702 4362 755 4411 Etsi
774 4369 858 4411 autem
875 4363 925 4411 ista
943 4360 1088 4424 admiranda
1107 4367 1132 4410 et
1151 4359 1230 4409 ardua
1248 4361 1312 4416 sint.
1338 4359 1426 4409 harum

74 4438 153 4482 mu
173 4433 270 4483 alarum
288 4436 396 4500 remigiis
415 4435 448 4484 ad
465 4435 538 4502 longe
556 4434 645 4484 altore
662 4433 790 4482 subvolare
808 4448 853 4482 nos
871 4435 972 4483 eximius
994 4432 1034 4482 hic
1057 4439 1141 4481 noster
1158 4431 1365 4487 Mathematicus,
1389 4428 1424 4481 M.

72 4500 209 4554 loannes
225 4505 399 4569 Kepierus,
420 4506 498 4557 docet.
529 4506 625 4572 Magna
642 4518 704 4557 sane
721 4511 787 4563 sunt,
806 4519 871 4568 quse
889 4505 996 4554 matoes
1015 4504 1147 4553 astronomi
1165 4502 1214 4553 huc
1226 4517 1307 4566 usque
1325 4501 1424 4551 invene·

73 4575 140 4623 ruet:
158 4579 338 4627 senonensium
355 4585 441 4630 nmen
457 4577 577 4628 hacteuus
596 4590 681 4626 omnes
698 4589 748 4626 non
767 4576 813 4625 nisi
832 4575 848 4626 b
865 4582 935 4641 tergo
954 4576 1033 4625 adorti
1044 4581 1117 4632 ,sunt
1136 4582 1162 4624 et
1180 4581 1233 4624 tam
1244 4580 1333 4630 motus.
1351 4584 1425 4636 quam

73 4647 256 4710 mssnltadines
274 4656 302 4699 et
319 4649 450 4703 dunum
469 4663 498 4699 ex
515 4649 573 4698 solis
591 4647 799 4713 obsemationibus
824 4647 944 4712 indagare
970 4647 1113 4698 docuerunt.
1150 4647 1190 4694 An
1208 4652 1291 4695 antem
1309 4642 1326 4690 ι
1341 4641 1424 4706 priori.

74 4716 122 4766 sire
138 4717 156 4766 d
172 4718 255 4771 ironts
271 4719 338 4771 ullus
353 4721 404 4771 ista
420 4720 563 4781 dimetiemi
582 4725 673 4784 pateat
687 4719 769 4769 aditus
775 4750 784 4780 ,
806 4718 844 4768 rel
862 4733 931 4770 anne
950 4718 1003 4785 ula
1027 4717 1092 4776 ulia,
1118 4713 1423 4785 praeter-observationes,

76 4790 223 4853 metrica
240 4805 329 4853 norma
344 4793 457 4843 inventos
474 4798 584 4842 metm
604 4798 630 4843 et
647 4791 814 4870 ιιιιιιιὶιιιιιω
831 4804 945 4840 numeros
964 4787 1121 4853 usminmdi
1137 4786 1223 4841 baberi
1244 4784 1337 4852 possit.
1364 4778 1425 4835 nulli
