3366 5482
626 260 747 311 derebus
766 262 926 327 astrologicis.
1386 260 1451 331 369

132 427 183 464 nen
201 414 401 465 observationum
419 417 597 476 fundamenta,
622 420 757 484 exquibus
780 419 943 468 nobilissimus
964 420 1005 469 ille
1028 422 1194 470 astronomlae
1211 423 1363 472 instaurator
1380 422 1450 474 theo·

132 497 159 533 m
177 483 306 536 Lunarem
325 490 469 544 construxit,
488 490 560 539 valde
579 490 754 547 desideramus,
775 500 800 540 et
819 505 874 540 cum
893 491 978 540 stellas
997 494 1074 541 etiam
1091 492 1247 541 nonnullas'
1241 509 1266 541 ιι
1285 507 1328 544 suo
1348 483 1452 544 fixuram

132 553 214 620 relego
237 560 361 615 omiserit,
389 574 453 623 quae
478 573 493 608 a
515 560 658 611 Ptolemaeo
682 569 707 610 et
733 563 867 624 Copemico
893 571 1069 617 recensentur,
1098 558 1185 613 obnixe
1205 578 1333 628 rogamus,
1352 573 1381 614 nt
1399 574 1452 614 tum

132 639 165 674 ιιι
184 626 274 679 Lunae
294 629 492 686 observationes,
512 639 563 679 tum
583 636 659 681 etiam
677 634 763 682 harum
783 635 1010 715 praetermissarum
1029 634 1066 681 rel
1086 634 1229 690 distantias,
1249 636 1288 684 rel
1306 636 1450 685 declinatio-

132 703 188 746 set
207 712 258 748 asc.
278 708 361 750 rectas
380 715 396 750 a
414 701 530 764 Tychoue
551 704 734 756 animadversas
753 705 867 767 publici'
860 707 920 766 Juris
940 705 1072 766 aliqnando
1090 705 1173 755 facere
1192 705 1259 753 velis

169 785 228 835 Jurn
248 786 422 853 Hegulontius,
441 793 583 839 intermistis
603 792 748 855 quibusdam
768 793 797 840 de
817 792 890 841 stella
907 806 971 841 nora
989 794 1143 856 serpentum,
1162 807 1226 857 quae
1240 795 1264 842 in
1277 793 1337 843 libro
1350 792 1453 858 Kepleri

147 869 180 906 ιι
198 858 272 908 stella
288 861 424 925 leguntur,
436 863 530 926 porgit:

171 947 297 1010 Atquein
316 949 354 998 bis
373 958 511 1013 operatua
530 950 584 998 aliis
603 953 751 999 nonmirrns
771 953 953 1014 acceptaerit,
979 965 1053 1014 quam
1071 951 1138 1000 mihi.
1176 951 1239 1008 Sed,
1266 951 1330 1015 qnod
1349 952 1381 1000 ad
1399 966 1454 1015 pro·

132 1018 206 1066 situm
223 1034 306 1068 menni
325 1023 406 1083 potius
425 1030 537 1085 spectat,
564 1038 619 1070 cnm
639 1038 684 1085 ego
703 1037 799 1085 semper
817 1030 927 1070 motuum
947 1024 1142 1085 speculationem
1160 1024 1272 1072 inutilem
1290 1023 1342 1072 iere
1358 1023 1454 1085 judica·

132 1088 188 1148 rim,
214 1091 261 1138 nisi
280 1099 306 1140 et
324 1093 451 1141 stellarum
478 1096 541 1142 vires
561 1094 641 1156 adiqno
660 1094 731 1141 modo
750 1095 874 1156 percipere
894 1095 980 1142 liceret
1003 1092 1073 1155 (nam
1091 1096 1144 1142 sine
1170 1094 1218 1143 bac
1243 1095 1383 1157 cognitione
1407 1108 1455 1142 nec

132 1167 255 1208 metarum
279 1165 340 1211 varii
359 1178 445 1222 casus,
474 1180 521 1214 uec
540 1164 644 1212 lixarum
668 1172 784 1212 constans
808 1174 833 1212 et
852 1165 997 1227 quotidiana
1021 1166 1208 1229 circumgyratio
1236 1180 1308 1214 usum
1332 1165 1409 1212 ullum
1428 1165 1454 1213 in

132 1243 211 1280 mana
229 1234 280 1281 rita
298 1233 390 1283 habere
410 1233 541 1295 videntur),
563 1262 596 1270 —
615 1238 679 1284 hanc
699 1236 797 1298 quidem
816 1236 846 1283 ob
866 1251 967 1284 camum
986 1237 1071 1285 lubens
1090 1235 1216 1299 libensque
1229 1236 1294 1284 hanc
1307 1236 1457 1298 provinciam

141 1316 183 1350 me
202 1307 314 1366 suscepi.
338 1306 510 1355 nonnullorum
535 1307 600 1368 opud
625 1322 670 1354 nos
690 1307 827 1355 calumnias
851 1313 937 1354 contra
961 1307 1119 1371 astrologiam
1141 1308 1298 1368 judiciariam
1317 1307 1456 1355 retundere.

132 1387 163 1421 ιιι
181 1388 239 1423 vero
258 1375 326 1424 nulla
345 1377 375 1425 de
395 1393 420 1425 re
441 1380 519 1426 acrior
538 1387 592 1426 orta
610 1380 642 1425 sit
661 1380 725 1425 inter
743 1393 787 1425 nos
808 1378 948 1433 dimicatio,
973 1392 1046 1441 quam
1072 1379 1138 1426 circa
1156 1378 1299 1427 coelestium
1317 1377 1455 1441 configura-

133 1456 194 1492 num
212 1446 261 1493 rim
281 1454 305 1494 et
324 1450 446 1504 virtutem,
465 1449 513 1496 hac
533 1449 630 1511 quidem
649 1451 674 1496 in
693 1465 727 1504 re,
741 1449 815 1496 Doct.
831 1449 883 1504 Vir,
904 1464 974 1511 opem
989 1457 1014 1497 et
1027 1449 1144 1497 auxilium
1156 1455 1225 1497 tuum
1238 1455 1334 1511 expeto.
1368 1446 1460 1510 Objicit

132 1517 265 1572 ιοιιιιιιι,
285 1534 369 1567 omnes
388 1519 502 1582 planetas
521 1520 597 1568 bonos
617 1534 632 1568 a
651 1519 705 1567 Deo
725 1527 821 1568 creatos
835 1527 861 1567 et
873 1527 1003 1582 propterea
1014 1520 1096 1568 radios
1109 1535 1193 1569 eorum
1206 1534 1290 1568 omnes
1303 1527 1329 1568 et
1342 1526 1458 1583 aspectus

132 1600 176 1634 nos
196 1601 251 1635 esse
270 1604 316 1638 nec
335 1591 483 1652 quadratum
502 1591 630 1654 hexagono
649 1592 728 1655 magis
747 1592 889 1638 infaustum.
929 1590 988 1638 Vult
1012 1599 1158 1653 praeterea,
1182 1605 1241 1654 qnos
1265 1590 1382 1655 astrologi
1404 1604 1458 1639 sex-

132 1671 154 1707 ιι
167 1655 213 1706 dte.
235 1660 369 1722 appellant,
389 1662 488 1710 minime
508 1664 544 1710 ita
562 1677 589 1710 se
607 1661 707 1719 habere,
727 1664 784 1723 quia
803 1677 858 1709 cum
877 1661 1001 1709 stellarum
1021 1661 1083 1709 radii
1102 1661 1221 1710 aTerrae
1237 1661 1366 1724 superficie
1378 1675 1458 1710 rever-

132 1735 225 1784 tentur,
245 1733 324 1794 sitque
343 1734 407 1780 inter
425 1732 516 1782 Terrae
535 1734 744 1782 semidiametrnm
764 1741 789 1781 et
807 1732 920 1795 planetas
940 1729 1097 1794 (praesertim
1113 1730 1251 1792 inferiores)
1270 1732 1391 1781 sensibilia
1402 1746 1459 1795 pro·

132 1801 188 1856 ιιιο,
209 1802 359 1852 incidentiae
380 1811 405 1851 et
422 1805 561 1852 reflexionis
580 1805 685 1868 angulos
703 1805 802 1852 minime
821 1805 953 1866 praedictis
972 1804 1077 1852 arcubus
1096 1810 1261 1868 congruentes
1285 1803 1384 1852 efficere
1402 1817 1468 1866 pos·¹

132 1878 165 1919 rt
203 1871 340 1922 Radiornm
358 1876 417 1924 item
430 1876 577 1924 refractione
596 1891 641 1922 nos
651 1877 746 1938 premit,
766 1889 829 1938 quae
845 1884 869 1923 et
888 1875 1013 1923 fallaciam
1027 1875 1111 1938 anguli
1123 1876 1263 1923 necessario
1276 1875 1373 1938 ingerit,
1392 1876 1462 1935 cujus

132 1942 182 1991 llus
200 1945 226 1990 in
245 1946 348 1994 zodiaco
369 1961 440 1996 arcus
459 1962 574 1995 mensura
594 1961 648 1995 esse
667 1953 755 2009 potest.
793 1946 907 2008 Denique
925 1947 1048 1994 rationem
1067 1960 1083 1994 ι
1100 1960 1140 1994 me
1160 1945 1295 2009 efflagitat,
1316 1959 1358 1993 cur
1375 1945 1461 2006 huJus-

132 2013 167 2062 idi
185 2015 317 2064 intervalla
336 2019 360 2065 iu
380 2019 481 2065 zodiaco
500 2020 600 2079 majoris
619 2020 668 2065 sint
686 2018 794 2072 virtutis,
818 2031 892 2079 qnam
917 2019 937 2064 si
956 2017 1043 2065 stellae
1069 2031 1123 2065 sese
1149 2023 1233 2064 mutuo
1252 2017 1406 2065 intuerentur
1431 2030 1462 2064 ex

132 2087 222 2134 ιιιιιιιι
246 2087 365 2149 prioribus
385 2089 501 2137 dissimili.
539 2088 614 2137 Nihili
641 2089 679 2137 hic
703 2091 749 2136 iste
769 2089 829 2136 lacit
847 2089 968 2136 rationem
987 2088 1067 2144 illam,
1095 2101 1169 2151 qnam
1186 2087 1344 2136 Ptolemaeus
1361 2087 1421 2135 libro
1440 2086 1460 2135 1.

132 2155 222 2218 radrip.
250 2171 265 2204 a
288 2161 442 2221 proportione
467 2159 611 2208 harmonica
630 2169 714 2207 mutuo
733 2161 827 2207 sumsit.
865 2158 892 2207 Si
911 2160 1020 2207 fortassis
1039 2165 1083 2206 tna
1106 2159 1318 2223 astrologiae
1342 2158 1461 2207 Funda-

132 2233 211 2276 enta
231 2229 263 2277 ad
280 2244 369 2277 manns
388 2238 485 2279 nostras
504 2232 680 2293 pervenissent,
700 2234 808 2278 rationes
828 2232 923 2293 aliquas
941 2230 1149 2292 suppeditassent,
1168 2230 1255 2293 quibus
1269 2229 1401 2278 adversarii
1419 2243 1461 2292 pe·

132 2298 228 2347 ιιιιιιι
246 2300 343 2349 facilins
362 2317 521 2351 denumerem.
560 2302 609 2351 Sed
629 2318 683 2350 curn
702 2301 824 2350 hactenus
842 2317 902 2363 opus
915 2301 961 2349 hoc
975 2309 1043 2349 tunm
1056 2316 1106 2349 non
1119 2302 1186 2348 sitin
1201 2301 1318 2365 Angliam
1329 2307 1462 2365 portatum,

132 2383 192 2417 rum
213 2376 287 2433 utque
306 2374 394 2420 iterum
413 2388 490 2437 rogo,
519 2381 547 2420 nt
565 2375 585 2421 si
605 2374 662 2436 quid
681 2374 819 2421 secretioris
838 2372 1005 2434 philosophiae
1031 2373 1132 2430 noristi,
1158 2372 1222 2434 quod
1241 2372 1273 2420 ud
1291 2372 1336 2420 has
1355 2372 1464 2420 rationes

132 2440 279 2489 urellendas
299 2445 389 2500 iaciat,
409 2444 467 2492 mihi
486 2447 667 2494 communicare
686 2460 736 2492 non
755 2445 894 2509 dedigneris
913 2442 957 2493 tto.
996 2443 1068 2493 Vale.
1105 2442 1212 2492 Loudini
1230 2441 1275 2493 dtc.
1295 2448 1323 2490 nt
1342 2456 1424 2506 supra.

194 2547 384 2626 Keplerus
409 2553 579 2629 respondit:
618 2552 739 2612 Literas
773 2560 862 2623 tuas,
896 2549 1014 2611 Praest.
1039 2550 1114 2625 Vir,
1146 2569 1239 2630 opera
1261 2557 1463 2613 mercatorum

132 2634 153 2696 ri
178 2637 379 2702 Francolurto
403 2641 527 2712 rediere,
554 2640 698 2702 Calendis
722 2639 798 2720 Majl
822 2641 934 2718 accepi.
981 2639 1088 2700 Beasti
1113 2658 1169 2714 me,
1196 2638 1328 2699 invitans
1352 2658 1399 2701 me
1424 2639 1464 2700 ad

132 2725 298 2788 rribendnm
323 2729 359 2789 de
384 2729 608 2791 mathematicis
633 2731 757 2803 artibus,
785 2749 859 2809 quas
883 2747 939 2806 ego
964 2729 1107 2789 divinitus
1131 2728 1260 2788 humano
1285 2727 1387 2807 generi
1407 2728 1464 2788 da-

132 2834 157 2874 ss
183 2816 336 2890 existimo,
362 2838 420 2878 non
445 2828 562 2879 tantum
587 2822 625 2880 ad
650 2838 721 2879 usus
746 2819 855 2891 varios,
881 2818 1043 2878 sedetiam
1067 2817 1104 2876 ad
1125 2816 1358 2877 oblectationem
1375 2816 1465 2877 animi

132 2905 354 2966 mestissimanr
379 2908 501 2987 Deoque
526 2909 739 2985 gratissimam,
765 2917 897 2986 atquae
922 2908 1082 2985 conjuncta
1105 2915 1153 2965 est
1173 2923 1239 2966 cum
1261 2904 1464 2966 celebratione

132 2993 326 3072 spientissimi
350 2997 475 3074 opificis.
523 2998 639 3077 Itaque,
665 2999 690 3058 si
715 2997 784 3077 qnid
808 3005 865 3068 est,
892 2995 970 3074 quod
994 2995 1122 3056 hominis
1147 2993 1309 3055 coelestem
1334 2993 1465 3056 animum

132 3129 133 3136 .
162 3082 221 3143 hoc
246 3083 335 3144 exilio
358 3085 567 3163 pulverulento
592 3087 725 3148 detinere
751 3093 783 3146 et
807 3085 930 3145 delinire
954 3083 1060 3162 possit,
1085 3090 1119 3143 ut
1138 3083 1226 3162 juvet
1248 3082 1365 3156 vivere,
1391 3082 1466 3145 haec

131 3170 245 3232 efecto
274 3180 321 3233 est
349 3172 522 3235 oblectatio.
570 3174 636 3245 Quo
671 3174 789 3235 nornine
813 3182 917 3234 nostro
950 3173 1051 3233 seculo
1085 3172 1191 3233 merito
1226 3172 1356 3253 mihique
1390 3173 1466 3233 adeo

132 3260 167 3320 si
192 3263 331 3338 gratulor
354 3263 390 3323 de
415 3265 538 3324 inventa
563 3264 771 3346 typographia,
798 3282 856 3342 qna
880 3263 1017 3323 effectum
1041 3261 1143 3334 video,
1168 3260 1254 3321 utin
1278 3268 1366 3321 ιιιιι
1388 3281 1465 3342 pau-

132 3357 204 3410 tate
231 3350 388 3426 hominum,
414 3353 464 3433 qni
488 3352 525 3413 ad
550 3354 674 3414 subtilia
697 3353 757 3413 ista
780 3361 939 3431 penetrare
964 3351 1027 3430 apti
1051 3359 1129 3425 sunt,
1155 3350 1293 3411 inventus
1308 3357 1410 3412 tamen
1426 3350 1468 3411 sit
1512 3399 1514 3402 .

132 3490 133 3496 ,
160 3437 325 3500 Britannia
348 3442 394 3503 vir
418 3442 563 3517 eximius,
598 3442 646 3522 qni
670 3442 740 3503 mihi
765 3460 831 3502 sese
858 3443 1001 3502 lectorem
1025 3439 1082 3499 mei
1114 3439 1181 3501 libri
1205 3438 1302 3500 literis
1327 3446 1465 3511 testetur,

132 3533 288 3607 artemque
322 3530 483 3604 mercedis,
518 3550 606 3611 quarn
641 3531 697 3590 hac
731 3530 892 3612 scriptione
922 3529 1118 3609 quaerebam,
1153 3528 1216 3607 ipse
1250 3536 1467 3608 repraesentet.

134 3635 189 3678 am
216 3618 345 3697 quaein
369 3639 466 3681 meum
491 3620 632 3680 honorem
656 3620 745 3697 pleno
770 3638 819 3679 ore
844 3620 976 3698 proferS,
1008 3639 1045 3679 ea
1069 3617 1112 3679 sic
1137 3618 1256 3697 quidem
1281 3616 1410 3697 accipio,
1435 3623 1470 3677 ut

134 3705 179 3767 de
204 3725 350 3770 summam
375 3709 404 3768 in
428 3717 459 3770 te
483 3709 726 3769 benevolentiam
750 3709 779 3768 in
803 3709 907 3769 harum
932 3707 1039 3768 artium
1064 3706 1195 3767 cultores
1220 3706 1391 3780 aestimem
1416 3723 1470 3784 per

132 3813 178 3856 ese
203 3813 358 3856 veronen
383 3805 500 3858 tantam
525 3798 584 3858 νιιι
609 3798 720 3858 ιιιιιι
735 3797 894 3869 afficiendi,
920 3804 1063 3876 quantam
1087 3795 1160 3855 haec
1177 3814 1213 3855 ex
1228 3793 1470 3856 confabulatione

131 3881 294 3946 ravissima
318 3894 386 3947 orta
409 3888 564 3966 voluptas,
597 3886 666 3966 qnia
690 3886 718 3946 in
743 3905 789 3946 me
817 3906 876 3946 non
901 3885 1033 3958 invenio,
1063 3903 1154 3965 quare
1178 3884 1231 3946 illa
1255 3884 1310 3945 abs
1334 3889 1365 3945 ιι
1389 3883 1472 3947 dicta

132 3973 252 4036 icomia
275 3975 346 4036 mihi
369 3976 511 4056 privatim
536 3975 736 4054 comprobem.

200 4061 322 4142 Sequar
346 4071 447 4126 tamen
479 4065 627 4146 epistolae
659 4074 729 4125 tuae
763 4064 853 4125 filum.
900 4064 995 4136 Ecce,
1031 4081 1120 4143 qnam
1143 4058 1300 4140 magnifice
1320 4061 1473 4140 jacturam

132 4150 370 4214 &asstantissimi
395 4153 559 4216 astronomi
583 4153 639 4214 hac
663 4153 785 4215 tutelari
809 4172 877 4214 mea
904 4153 1094 4214 successione
1118 4159 1280 4230 pensatam
1304 4150 1471 4213 arbitraris.

132 4260 178 4302 on
204 4239 354 4315 diffiteor,
389 4262 455 4318 me,
489 4242 629 4325 Tychone
654 4253 790 4316 mortno,
823 4242 1001 4303 haeredibus
1025 4242 1074 4301 vel
1099 4240 1273 4301 absentibus
1297 4241 1345 4301 vel
1368 4258 1473 4319 parum

132 4328 235 4401 aritia,
264 4330 510 4392 observationum
538 4331 711 4392 relictarum
735 4333 863 4392 tutelam
887 4332 958 4392 mihi
982 4330 1165 4391 confidenter
1194 4338 1226 4389 et
1260 4329 1361 4388 forsan
1386 4345 1473 4388 arro-

132 4425 222 4481 snter
246 4438 423 4497 usurpasse,
450 4420 586 4481 ιιιιιιιι
610 4421 773 4481 haeredum
798 4421 922 4480 uolunta
923 4418 1018 4492 tibus,
1050 4438 1107 4479 non
1132 4418 1296 4478 obscurat
1283 4423 1383 4477 tamen
1403 4416 1473 4494 jus-

132 4527 197 4570 one
222 4506 434 4589 imperatoris3
469 4511 517 4589 qui
543 4528 608 4569 cnm
632 4528 732 4570 curarn
757 4508 1023 4571 instrumentorum
1046 4506 1118 4569 mihi
1142 4505 1371 4578 demandasset,
1406 4522 1482 4587 ego,

132 4605 176 4662 rte
202 4606 329 4677 accepto
354 4599 508 4673 mandato,
534 4598 763 4661 obseruationes
786 4598 978 4679 potissimum
1002 4614 1100 4675 recepi
1094 4592 1276 4654 chiandas
1314 4552 1414 4653 Multa
1437 4611 1476 4654 ex

132 4687 383 4751 econtroversia
407 4707 454 4749 me
479 4687 557 4748 inter
581 4695 612 4748 et
599 4687 784 4762 t,haeredes
811 4688 880 4749 dum
894 4707 950 4767 ego
965 4685 1117 4766 publicum
1132 4679 1321 4741 commodum
1335 4680 1474 4761 respicio,

132 4776 188 4840 ιιι
219 4775 258 4838 de
286 4774 407 4857 privato
436 4795 489 4839 suo
514 4797 534 4837 a
557 4773 692 4838 Caesare
723 4784 845 4856 praeter
874 4784 978 4837 votnm
1007 4773 1086 4834 lente
1117 4768 1277 4831 admodum
1299 4770 1476 4833 satisfieret.

164 4879 256 4930 leviori
271 4879 373 4929 Operti.
1230 4873 1264 4926 24
