3366 5482
757 239 840 308 ow
857 241 914 295 XV·
1144 313 1146 316 ,
1458 239 1520 310 tot

152 400 367 466 dretinerem
394 402 426 466 in
448 402 603 484 praesenti
624 402 762 484 negotio,
792 402 866 465 illud
895 402 1114 465 incommodum
1142 408 1335 484 sequeretur,
1365 404 1522 483 quotient

151 508 233 553 uror
256 491 497 555 committeretur
518 491 548 554 in
573 490 785 571 inscriptione,
815 491 886 553 dum
908 491 1021 552 Terrae
1044 489 1125 552 orbis
1150 507 1203 569 pro
1227 508 1353 572 empore
1377 509 1520 555 censere-

151 587 206 652 tur,
230 579 283 661 qni
306 580 481 661 superficies
504 580 615 642 saitem
638 589 729 653 esset
755 590 788 641 ut
811 580 914 642 videre
938 587 987 640 est
1010 579 1038 640 in
1063 579 1175 641 schem.
1201 575 1260 653 22,
1285 585 1340 641 not
1362 579 1426 642 orbi
1442 580 1519 643 Ter·

149 686 219 730 reno
251 668 368 731 nnlisnr
401 677 435 730 ut
466 669 576 732 ceteris
599 668 798 749 relinquerem
826 667 1008 730 crassitiem.
1054 665 1171 729 Essent
1200 666 1292 746 igitur
1321 667 1520 732 dodeeaedri-

149 774 250 819 eornm
271 757 431 837 plenorum
460 765 565 819 contre
590 764 622 818 et
644 755 823 818 icossedrici
850 754 952 836 anguli
984 756 1014 816 in
1038 754 1144 817 endem
1168 754 1333 834 superficie,
1350 755 1517 838 sphaerion,

148 852 238 926 etque
261 846 308 908 ite
330 852 415 908 totns
439 846 565 908 mundus
594 845 709 908 cretius
731 845 905 907 consideret
926 845 1071 923 fieretque
1104 843 1192 923 longe
1218 843 1396 922 angustior,
1431 865 1520 927 quem

148 932 337 1014 experientis
358 941 492 996 motuum
516 941 549 996 et
570 934 799 996 observationes
823 933 988 1014 patiuntur.
1034 931 1137 1012 Atque
1157 932 1235 993 hnnc
1254 932 1428 1012 scrupulum
1453 955 1519 998 cnm

147 1039 200 1103 qo
223 1021 374 1085 ffichneli
396 1021 577 1097 Maesone,
600 1021 790 1102 praeceptori
815 1039 881 1083 meo
904 1019 1073 1082 clarissimo
1098 1020 1263 1099 aperirem,
1295 1021 1517 1100 exploretnms,

145 1128 189 1193 μ.
214 1111 348 1191 prebere
376 1111 472 1173 veliet
498 1111 586 1173 ruodo
609 1110 741 1191 positum
769 1111 824 1172 hoc
849 1109 1023 1178 theorema,
1058 1109 1083 1170 is
1117 1107 1273 1189 insperato
1304 1108 1363 1169 mei
1390 1109 1517 1189 juvandi

148 1197 246 1261 ιίιᾱίο
270 1199 350 1262 huuc
375 1198 511 1263 laborem
543 1199 573 1261 in
596 1218 630 1260 se
654 1198 808 1278 suscepit,
843 1207 875 1260 et
897 1216 955 1259 noo
989 1205 1108 1260 tentum
1131 1215 1170 1258 ex
1192 1195 1365 1259 Protenicis
1391 1197 1516 1275 Tabulis

149 1285 227 1365 ’ῃιι
251 1286 447 1368 planetarum
470 1287 634 1352 distentius
658 1289 694 1350 de
719 1306 796 1349 novo
819 1284 1023 1365 computavit,
1054 1285 1109 1346 scd
1133 1283 1226 1364 etiam
1249 1295 1442 1365 praesentem
1467 1296 1533 1351 tre-⁸
1614 1328 1617 1333 «

150 1373 246 1438 hren
270 1374 344 1438 mibi
368 1376 501 1439 confecit
525 1376 652 1449 (schem.
673 1372 717 1441 23
736 1385 768 1438 et
791 1371 868 1451 24),
892 1384 984 1458 etque
1008 1372 1052 1435 nic
1075 1391 1123 1434 me
1148 1381 1211 1436 tum
1234 1373 1304 1434 eliis
1328 1392 1387 1436 uon
1413 1377 1519 1455 paucis
