3366 5482
251 93 319 178 eoo
802 110 925 178 eruor*
945 110 1069 174 unone

253 273 323 335 fidei
347 279 524 347 auctorest,
545 272 804 354 auththagoras
819 273 856 334 de
882 273 985 335 ordine
1009 273 1208 355 sphaerarum
1232 271 1276 334 ita
1300 271 1426 347 censuit,
1451 279 1486 334 nt
1506 270 1613 333 Ptole-

252 381 365 435 maeus,
389 360 478 442 idque
502 358 568 423 200
592 361 678 423 annis
702 369 772 423 ante
796 361 825 422 id
850 369 978 441 tempus,
1004 363 1082 442 quod
1106 363 1210 424 harum
1228 360 1441 443 hypothesium
1455 359 1537 422 ortui
1561 359 1613 421 de-

253 452 356 531 signat
370 452 477 513 Ursus.
524 450 565 511 Et
589 450 620 511 id
644 458 701 520 est,
727 452 803 531 quod
819 451 899 513 Ptol.
916 452 1037 531 Almag.
1054 452 1106 514 lib.
1124 452 1178 512 IX.
1201 471 1268 531 cap.
1290 451 1317 513 i.
1343 450 1449 523 innuit,
1474 468 1544 511 cum
1562 449 1613 524 ait,

251 539 381 611 orbesQ
407 547 437 600 et
460 541 482 616 Q
506 541 548 600 ab
573 540 855 619 antiquioribus
880 541 997 620 quidem
1016 542 1220 621 (Pythagora)
1245 540 1300 602 sub
1316 538 1426 612 Solari,
1453 560 1473 599 a
1488 538 1612 618 quibus·

251 629 320 690 dam
334 646 405 689 vero
420 628 639 706 posterioribus
655 629 835 704 (Heraclito,
852 630 988 695 Platone.
1003 629 1139 705 Eudoxo,
1161 629 1345 702 Aristotele)
1369 625 1616 707 suprasolarem

250 717 438 779 collocatos:
472 724 504 777 et
532 718 657 797 denique
685 727 820 779 veterum
853 719 1035 780 sententiam
1064 728 1097 780 ut
1128 719 1224 798 magis
1252 717 1440 798 probabilem
1470 716 1614 795 seqnitur,

252 824 367 884 negans
399 807 474 868 certi
503 807 572 886 quid
602 826 638 868 err
663 807 849 869 astronomia
877 808 925 869 hic
949 808 1052 869 haberi
1081 826 1181 887 posse.
1230 806 1325 881 Quid,
1361 806 1439 887 quod
1463 804 1616 867 Patricius

252 894 407 958 Zoroastri
425 897 548 968 Persae,
574 897 623 975 qui
647 896 749 958 multis
774 898 882 957 seculis
906 897 1111 978 Pythagoram
1135 897 1311 968 antecessit,
1336 896 1463 956 eandem
1487 902 1615 955 senten-

251 983 324 1046 tiam
358 984 485 1057 tribuat,
511 1003 548 1044 ex
576 985 623 1045 his
648 986 713 1064 ejus
740 986 854 1046 verbis:
888 982 920 1058 ἕξ
942 985 1033 1055 αὐτος
1056 982 1198 1061 ὑπεςησεν
1220 986 1326 1057 (aliter
1348 981 1380 1057 ἑξ
1401 984 1616 1062 deceptumque

250 1069 359 1146 ζωνας)
382 1069 510 1149 ἕβδομον
532 1069 595 1151 ipius
618 1075 847 1151 μεσεμβολησας
874 1097 940 1153 nvp.
990 1074 1022 1135 Si
1048 1074 1101 1137 Sol
1129 1075 1158 1135 in
1184 1075 1280 1135 medio
1305 1073 1496 1152 planetarum
1521 1072 1613 1145 (Ter-

251 1180 319 1239 ram
339 1180 446 1239 nempe
470 1162 547 1222 idem
573 1163 735 1224 Zoroaster
759 1163 787 1223 in
813 1184 847 1225 eo
872 1163 984 1238 medio,
1011 1165 1088 1243 quod
1112 1172 1247 1225 centrum
1272 1170 1329 1238 est,
1355 1163 1517 1237 collocat),
1544 1180 1615 1240 ergo

253 1249 279 1322 Ω
300 1261 331 1312 et
355 1254 376 1327 ζῖ
399 1250 479 1312 intra
502 1250 605 1313 Solem
630 1260 724 1313 erunt.
773 1249 908 1332 Cumque
931 1253 1122 1333 Pythagoras
1146 1274 1164 1313 a
1188 1251 1323 1313 Zabraco
1343 1250 1483 1331 Assyrio,
1509 1249 1614 1329 gentili

250 1339 406 1401 Zoroastri
438 1339 585 1411 (Patricio
613 1342 777 1414 referente,
812 1351 883 1421 puto
914 1361 949 1402 er
977 1342 1099 1412 Proclo)
1133 1342 1210 1402 hauc
1240 1341 1422 1402 seutentiam
1455 1339 1613 1401 hauserit:

249 1428 382 1490 ordinem
411 1428 488 1489 huuc
521 1428 652 1491 indidem
680 1429 818 1490 hausisse
853 1430 1015 1491 verisimile
1055 1438 1110 1490 est.
1166 1429 1313 1500 Quamvis
1350 1428 1400 1507 qui
1434 1437 1507 1508 post
1540 1427 1612 1489 dicti

249 1525 320 1580 sunt
343 1517 561 1600 Pythagoraei,
591 1518 668 1579 hunc
693 1520 833 1599 magistri
858 1519 903 1580 sui
927 1519 1059 1580 ordinem
1084 1520 1290 1580 deseruerunt.
1338 1518 1385 1580 Illi
1410 1536 1556 1597 namque,
1581 1525 1614 1577 ut

248 1606 339 1686 paulo
363 1614 434 1685 post
456 1607 640 1685 probabitur,
665 1609 791 1669 eandem
816 1617 976 1670 tenuerunt
1000 1609 1037 1668 de
1061 1607 1161 1668 mundi
1187 1609 1282 1669 (orma
1306 1606 1491 1686 opinionem,
1525 1606 1613 1686 longe

248 1703 319 1757 ante
343 1696 551 1771 Aristotelem,
578 1715 666 1776 quam
689 1705 760 1777 post
782 1697 980 1759 Aristotelem
1004 1697 1089 1758 annis
1110 1695 1152 1759 50
1176 1697 1230 1758 sub
1255 1697 1430 1758 Ptolemaeo
1454 1695 1613 1757 Philadel-

248 1784 307 1864 pho
340 1785 537 1846 Aristarchus
567 1784 704 1859 Samius,
739 1795 771 1847 et
804 1796 907 1847 nostra
938 1793 1039 1847 aetate
1064 1785 1262 1865 Copernicus‚
1298 1786 1363 1865 qui,
1398 1793 1431 1846 ut
1466 1784 1543 1846 haec
1577 1804 1612 1844 er

249 1873 418 1934 Aristotele
443 1882 475 1934 et
498 1875 661 1936 Plutarcho
687 1876 723 1935 de
747 1876 967 1955 Pythagoraeis
991 1883 1023 1935 et
1046 1895 1084 1935 ex
1098 1874 1280 1936 Archimede
1305 1876 1341 1936 de
1357 1873 1540 1935 Aristarcho
1564 1873 1611 1933 in-

248 1960 386 2035 telligere
410 1981 577 2039 possemus,
603 1963 825 2042 inventionibus
849 1964 911 2024 suis
936 1965 1045 2024 effecit.
1094 1962 1161 2034 Quo
1185 1964 1250 2024 loco
1275 1964 1352 2024 alter
1375 1961 1447 2025 Ursi
1472 1981 1557 2023 error
1580 1981 1611 2022 se

247 2049 358 2129 prodit,
385 2050 433 2128 qui
454 2048 727 2128 Cepernicanamm
743 2053 950 2133 hypothesium
976 2053 1120 2132 originem
1134 2053 1262 2132 primam
1280 2052 1317 2112 ad
1333 2052 1548 2113 Aristarchum
1562 2070 1610 2111 re·

248 2137 317 2211 fert,
335 2143 418 2217 'quae
442 2139 535 2201 mnlto
555 2148 603 2201 est
626 2140 785 2220 antiquior.

337 2227 383 2288 Ac
408 2227 444 2287 de
467 2227 605 2289 Philoleo
630 2229 749 2310 quidem
772 2230 988 2312 Pythagorico,
1014 2230 1062 2310 qni
1087 2229 1201 2290 medius
1227 2228 1283 2290 fuit
1306 2227 1508 2291 Aristotelem
1533 2228 1610 2290 inter

247 2323 280 2377 et
300 2315 506 2396 Pythagoram
538 2318 710 2397 primusque
733 2319 937 2401 Pythagorica
961 2318 1114 2399 vulgavit,
1149 2337 1215 2379 cum
1245 2325 1337 2378 antea
1365 2317 1422 2379 nisi
1447 2338 1466 2378 a
1490 2317 1608 2399 Pytha-

247 2403 357 2485 goricis
380 2404 454 2484 ipsis
473 2406 689 2484 ignorarentur,
716 2409 752 2469 de
777 2428 811 2469 eo
836 2408 928 2486 igitur
951 2427 1008 2468 non
1033 2415 1151 2468 tantum
1174 2408 1299 2469 obscure
1322 2406 1464 2468 Laertius
1489 2404 1610 2479 asserit,

247 2493 381 2556 sensisse
405 2495 528 2556 Terram
548 2496 638 2573 juxta
661 2497 789 2576 primum
814 2496 955 2558 circulum
980 2495 1131 2573 (intellige
1155 2496 1211 2557 sub
1234 2496 1375 2569 zodiaco)
1399 2496 1531 2564 moveri,
1557 2497 1610 2557 sed

162 2643 163 2646 ,
247 2581 340 2643 multo
365 2583 530 2645 clarissime
545 2585 735 2661 Plutarchus,
761 2588 845 2665 cujus
869 2585 962 2646 verba
985 2605 1051 2646 com
1066 2583 1251 2663 Coperuicus
1275 2586 1341 2663 ipse
1365 2585 1394 2645 in
1419 2584 1610 2664 praefatione

247 2670 345 2750 operis
370 2671 415 2732 sui
439 2675 583 2751 posuerit,
609 2672 713 2736 mirum
734 2677 894 2737 admodum
919 2683 976 2747 est,
1002 2695 1038 2734 ea
1061 2693 1119 2733 non
1137 2673 1247 2752 legisse
1263 2674 1384 2746 Ursum,
1410 2675 1460 2754 qui
1480 2673 1610 2736 lectione

247 2757 405 2838 Oopernici
429 2763 520 2823 toties
546 2771 577 2824 et
601 2771 759 2843 tantopere
783 2765 942 2842 gloriatur,
973 2782 1096 2842 eamque
1120 2762 1261 2824 omissam
1287 2763 1354 2824 aliis
1379 2763 1530 2825 immerito
1555 2782 1612 2823 ex-

140 2879 142 2883 *
245 2848 378 2929 probrat
424 2850 549 2913 Terram
574 2853 638 2913 vult
660 2853 815 2914 Philolaus
839 2853 917 2931 apud
942 2853 1136 2913 Plutarchum
1166 2851 1194 2911 in
1220 2851 1362 2913 circulum
1387 2852 1503 2912 moveri
1531 2852 1625 2913 circa.

245 2937 345 3017 ignem
360 2938 511 3019 (intellige
527 2940 645 3012 Solem)
669 2943 724 3003 sub
739 2942 862 3003 zodiaco
877 2942 907 3002 in
922 2960 1032 3001 morem
1058 2940 1139 3002 Solis
1154 2949 1186 3000 et
1201 2941 1313 3011 Lunae,
1338 2941 1525 3002 Aristoteles
1541 2960 1627 3001 vert>

246 3025 297 3089 lib.
322 3028 362 3088 ll.
393 3028 429 3088 de
453 3031 537 3090 coelo
566 3049 631 3109 cap.
661 3027 710 3092 13.
741 3030 776 3092 de
800 3030 1021 3112 Pythagoraeis
1049 3030 1078 3091 in
1109 3048 1218 3107 genere
1248 3028 1309 3090 sic:
1346 3029 1386 3102 „ii
1412 3029 1461 3108 qni
1487 3029 1645 3091 Italian-

246 3115 387 3190 incolnnt,
415 3117 463 3197 qni
487 3119 577 3178 iidem
598 3119 801 3199 Pythagoraei
826 3127 980 3192 vocantur,
1005 3119 1033 3179 in
1058 3118 1155 3178 medio
1180 3117 1278 3197 ignem
1303 3137 1369 3179 esse
1395 3118 1521 3180 dicunt“
1549 3118 1673 3189 (hirs

245 3202 346 3266 Solem
370 3205 515 3286 intellige,
540 3227 608 3268 nam
633 3216 664 3268 et
688 3208 799 3270 Thales
822 3207 957 3280 ionicae,
984 3215 1014 3268 et
1029 3208 1220 3288 Pythagoras
1245 3206 1373 3268 italicae
1398 3205 1675 3288 philosophia&

244 3292 394 3372 principes
423 3296 603 3357 occultanda
631 3298 721 3376 vulgo
755 3316 877 3358 suasere
909 3295 1118 3375 philosophiae
1143 3295 1318 3376 mysteria),
1355 3296 1502 3369 „Terram
1527 3314 1599 3357 vero
1619 3333 1675 3363 q

244 3400 320 3462 qnae
345 3382 385 3443 sit
407 3402 497 3444 uuum
519 3393 669 3447 astrorum
694 3387 914 3465 (planetarum)
939 3393 1021 3446 motu
1044 3404 1107 3457 suo,
1133 3403 1189 3464 quo
1210 3384 1321 3446 circum
1336 3383 1468 3446 medium
1485 3386 1628 3447 feratur-
1669 3422 1676 3448 ³

244 3477 349 3532 noctes
374 3479 406 3532 et
429 3471 493 3532 dies
518 3474 667 3535 efficere.“
715 3475 773 3535 Hic
796 3475 981 3537 Aristoteles
1010 3494 1068 3535 uon
1093 3474 1167 3533 bene
1197 3473 1332 3552 percepit
1356 3491 1458 3534 eorum
1483 3483 1677 3536 senten-

243 3558 332 3634 tiam,
367 3569 420 3622 aut
446 3569 528 3622 certe
560 3563 696 3624 deiectus
726 3574 790 3638 est,
821 3583 907 3643 quem
941 3564 983 3623 sic
1012 3562 1156 3623 restituo:
1192 3562 1315 3622 Terram
1338 3571 1423 3622 motu
1447 3582 1516 3638 suo,
1553 3571 1676 3642 qud)

244 3647 355 3711 circum
378 3649 507 3712 medinm
532 3652 658 3726 feratur,
684 3672 806 3726 annum,
833 3671 890 3732 quo
916 3670 985 3713 vero
1010 3653 1091 3713 circa
1114 3670 1200 3711 suum
1224 3670 1325 3724 axem,
1357 3659 1464 3713 noctes
1489 3660 1522 3713 et
1545 3651 1592 3713 die
1635 3659 1676 3700 ἐ

242 3736 372 3800 effluere.
420 3739 539 3818 Pergit:
577 3749 757 3819 „praeterea
790 3741 880 3802 aliam
909 3741 1032 3802 Terram
1066 3739 1249 3801 contrariam
1279 3739 1481 3814 fabricantur,
1518 3747 1673 3821 quar-1

241 3824 389 3908 ἀπιχθωτ
412 3830 553 3890 vocant.“
601 3830 667 3890 Hac
690 3849 764 3891 voce
789 3831 904 3892 Lunam
929 3830 1107 3908 significant,
1133 3836 1295 3907 propterea
1319 3829 1398 3907 quod
1422 3848 1491 3891 cnm
1511 3830 1588 3890 Terr
1633 3836 1674 3876 2

243 3915 348 3979 eodem
380 3918 452 3978 orbe
482 3918 723 3980 circumvehatur
760 3928 791 3981 et
822 3928 946 3999 propter
980 3919 1089 3980 multas
1119 3918 1183 3995 ejus
1213 3936 1278 3978 cum
1307 3917 1402 3978 Terra
1433 3923 1672 3980 communae⁸

242 4004 427 4079 affectiones,
453 4007 489 4068 de
514 4008 620 4087 quibus
644 4016 797 4070 testantur
820 4007 921 4089 optioi.
969 4008 1249 4079 Aristotelesvero,
1275 4005 1323 4085 qui
1348 4007 1404 4067 hoc
1424 4026 1483 4069 non
1503 4007 1630 4086 capie=
1658 4028 1670 4041 ·

242 4094 304 4170 bat,
329 4095 549 4158 absurditatem
573 4098 741 4159 sententiae
767 4098 916 4159 ominatos
941 4096 1070 4176 subjicit,
1096 4096 1197 4174 „quod
1222 4113 1279 4154 non
1300 4105 1450 4174 quaerant
1473 4095 1670 4158 ration&⁸

240 4191 273 4246 et
295 4202 418 4258 causas,
453 4186 492 4246 ad
515 4205 552 4247 ea
575 4206 651 4266 quae
681 4194 829 4266 apparent
856 4185 1009 4247 reddenda
1037 4192 1069 4245 et
1097 4184 1273 4258 efficienda,
1305 4184 1360 4244 sed
1392 4186 1432 4245 ad
1455 4201 1669 4266 praecou·

241 4281 348 4352 ceptae
373 4293 446 4335 suas
470 4275 617 4354 quasdam
642 4275 797 4355 opiniones
822 4282 854 4336 et
876 4273 1122 4337 ratiocinationes
1146 4272 1214 4351 ipsa
1234 4272 1444 4352 phaenomena
1458 4274 1669 4336 violenter

242 4363 468 4424 accommodent
493 4371 525 4425 et
549 4363 708 4426 conciliare
732 4364 911 4426 conentur.“
956 4364 1034 4424 Esse
1050 4371 1149 4423 autem
1166 4361 1263 4440 ignem
1279 4361 1501 4442 Pythagoraeis
1516 4361 1665 4423 ider-n,

242 4451 321 4533 quod
346 4451 465 4527 Solem,
495 4472 533 4514 ex
557 4454 741 4532 argumentis
765 4472 868 4515 eorum
893 4462 1034 4531 apparet,
1068 4471 1143 4530 quae
1168 4449 1211 4510 sic
1235 4451 1376 4529 proponit
1400 4450 1664 4514 Aristoteleess

242 4541 359 4615 „videri
376 4562 454 4608 ⁴vero
479 4543 578 4622 possit
601 4543 702 4603 multis
727 4543 819 4604 etiam
844 4543 926 4614 aliis,
956 4561 1013 4601 non
1045 4540 1176 4601 dandum
1200 4539 1310 4600 Terrae
1343 4541 1441 4602 locum
1464 4539 1661 4602 medium,

241 4627 269 4690 si
291 4628 537 4710 probabilitatem
566 4630 700 4711 aliquam
729 4650 787 4692 non
812 4651 849 4692 err
873 4630 1104 4711 apparentibus,
1138 4629 1192 4689 sed
1221 4648 1257 4690 ex
1282 4620 1452 4691 rationibus
1479 4633 1656 4713 capto‘re
