3366 5482
754 220 837 288 cour
853 220 948 274 xun.
1472 220 1532 291 ros
1597 218 1599 226 '

173 382 216 444 sit
231 381 314 444 inter
332 398 436 444 verum
458 380 556 444 locum
579 390 612 444 et
634 382 714 444 inter
736 403 812 458 eum,
838 401 925 464 quem
948 384 1082 447 calculus
1104 383 1229 458 iudicat,
1252 385 1431 463 differentia,
1456 407 1532 469 qnae

173 470 323 533 interdum
346 471 377 532 iu
402 470 578 552 quibusdam
603 473 640 533 ad
665 470 685 533 2
710 472 891 551 integrorum
915 474 1061 552 graduum
1090 473 1306 553 longitudinem
1330 478 1488 541 excrescit.
1504 475 1532 551 1’)

172 558 260 630 Quod
284 578 352 621 oum
376 559 420 621 ita
444 560 499 633 sit,
525 561 647 639 expedit
671 561 742 621 mibi
766 561 897 623 nonnihil
922 583 941 622 a
965 560 1123 641 Copernici
1148 564 1278 625 numeris
1303 564 1475 628 discedere:
1501 573 1533 628 et

166 650 232 730 jam
256 664 347 727 porro
371 648 558 727 diligentium
583 649 809 712 observatorum
828 651 941 729 judicio
964 651 1150 737 relinquitur,
1174 651 1233 714 utri
1255 672 1342 715 arcus
1357 673 1424 716 cnm
1447 656 1531 717 coelo

170 737 294 818 propius
316 738 510 813 conveniant,
536 738 593 803 mei
617 759 654 798 an
680 737 890 818 Coperuicani.

259 826 399 888 Alterum
419 834 638 906 argumentum,
664 846 721 907 quo
741 828 927 889 differentiae
946 826 1034 906 hujus
1058 827 1177 906 culpam
1201 829 1230 889 iu
1254 829 1338 908 ipsas
1352 830 1532 894 Protenicas

171 915 333 990 transfero,
356 915 506 996 praebent
527 916 598 977 mihi
624 926 781 995 suspectae
805 918 994 996 planetarum
1009 917 1274 980 eccentricitates:
1300 918 1378 998 quod
1403 938 1437 980 eo
1461 929 1531 981 ten-

171 1005 236 1077 dit,
269 1014 304 1066 nt
330 1005 467 1085 quamvis
495 1024 549 1066 nec
573 1006 629 1067 mei
655 1025 742 1067 arcus
771 1005 890 1066 omniuo
922 1004 1049 1086 perlecti
1074 1013 1106 1065 et
1129 1006 1204 1067 certi
1228 1006 1289 1068 sint
1313 1006 1418 1080 (sicuti
1442 1008 1531 1072 fateri

171 1095 277 1174 cogor)
301 1102 404 1154 tamen
428 1093 533 1155 vitium
557 1114 594 1155 ex
617 1095 795 1173 contagione
820 1095 1079 1156 eccentricitatum
1097 1095 1313 1158 contraxerint.
1348 1094 1381 1158 Si
1406 1114 1533 1176 corpora

171 1201 261 1262 super
289 1181 414 1250 mediae,
438 1182 627 1262 planetarum
657 1183 820 1245 distantiae
850 1183 1023 1263 superficies
1054 1182 1228 1263 sphaericos
1261 1194 1463 1260 struerentur,
1480 1259 1483 1263 ι
1498 1193 1532 1248 ut

171 1272 277 1334 eadem
300 1271 475 1349 superficies
499 1272 715 1352 circumscripti
736 1273 870 1351 corporis
892 1280 998 1333 centra
1022 1279 1052 1332 et
1070 1272 1206 1353 inscripti
1226 1273 1352 1353 angulos
1371 1282 1529 1352 tangeret:

171 1355 235 1423 tum
258 1359 330 1421 nihil
355 1360 426 1422 mihi
451 1359 492 1421 rei
517 1370 600 1421 esset
622 1381 689 1422 cum
713 1361 828 1423 orbium
851 1360 1006 1434 crassitie,
1040 1380 1127 1441 quam
1157 1362 1309 1443 requirunt
1331 1363 1399 1423 viae
1423 1363 1530 1441 plane-

171 1456 268 1511 tarum
292 1449 486 1511 eccentricae.
535 1449 609 1510 Cum
635 1458 735 1511 autem
759 1449 832 1511 illud
856 1449 919 1510 fieri
943 1467 1001 1510 nou
1025 1449 1157 1529 potuerit
1172 1455 1208 1525 ⁰),
1234 1461 1266 1512 et
1288 1452 1419 1512 noudum
1442 1451 1529 1513 simi-

171 1538 240 1600 liter
263 1557 358 1599 causa
380 1538 654 1612 eccentricitatum,
680 1547 712 1599 ut
736 1547 767 1598 et
791 1537 1040 1610 differentiarum,
1064 1539 1223 1617 explorata
1247 1539 1300 1613 sit,
1326 1539 1459 1618 oportuit
1482 1558 1530 1601 me

171 1626 285 1688 orbium
314 1625 525 1706 spissitudines
550 1647 569 1687 a
593 1625 760 1706 Copemico
785 1637 929 1707 tanquam
953 1634 1054 1688 certas
1078 1628 1220 1689 mutuari:
1246 1646 1321 1706 quas
1345 1637 1447 1689 tamen
1472 1646 1530 1690 uon

172 1714 359 1777 certissimas
384 1734 451 1776 esse
474 1714 503 1776 in
528 1717 666 1777 confesso
690 1724 747 1777 est.
796 1713 942 1790 Quamvis
967 1715 1045 1776 enirn
1075 1718 1170 1778 omnis
1199 1716 1373 1778 coelestium
1397 1725 1530 1778 motuum

172 1803 298 1866 historia
321 1803 435 1866 lubrico
459 1811 508 1865 est
531 1805 623 1878 aditu,
648 1823 702 1884 per
725 1804 880 1866 diuturnas
900 1814 931 1866 et
950 1804 1088 1869 difficiles
1108 1805 1345 1892 observationes,
1367 1805 1529 1888 praecipue

174 1901 273 1954 tamen
297 1892 354 1954 hoc
379 1892 408 1953 in
439 1893 657 1955 constituendis
686 1892 961 1954 eccentricitatibus
990 1900 1021 1953 et
1049 1893 1122 1954 locis
1151 1901 1527 1974 apogaenrumflapparet:

174 1981 289 2044 Solaria
313 1981 378 2055 (vel
402 1981 583 2055 Terrestris)
608 1982 819 2044 eccentricitas
839 1983 968 2043 omnium
987 1982 1153 2044 rectissime
1169 1983 1279 2044 habere
1294 1982 1435 2054 debebat,
1459 2001 1529 2044 nam

172 2078 202 2131 et
219 2069 405 2131 vicinissima
419 2071 576 2132 stellarum
592 2079 640 2135 est
654 2070 757 2132 Tellus
781 2070 867 2147 uobis
890 2070 1005 2140 incolis,
1031 2079 1062 2131 et
1084 2070 1273 2150 paucioribus
1298 2090 1386 2151 quarn
1410 2079 1529 2132 ceterae

173 2159 302 2221 motibus
326 2159 454 2222 vehitur.
471 2157 498 2232 d)
546 2160 578 2221 In
604 2160 713 2221 mundo
736 2179 807 2222 vero
830 2178 883 2239 per
906 2160 1068 2239 interjecta
1096 2179 1222 2239 corpora
1250 2161 1407 2233 struendo,
1439 2178 1529 2238 supra

174 2268 236 2328 cap.
261 2243 311 2310 15.
336 2248 474 2323 vidimus,
499 2257 642 2328 quantum
667 2250 775 2310 afferat
798 2257 981 2310 momentum
1005 2249 1043 2309 ad
1068 2268 1171 2310 omnes
1196 2249 1341 2329 sphaeras
1366 2248 1529 2310 arctandas

173 2346 222 2398 aut
245 2336 395 2398 laxandas
420 2338 512 2399 solius
536 2336 674 2416 sporrone
689 2338 820 2398 Lunaris
834 2337 984 2418 appositio
1000 2338 1047 2398 vel
1067 2338 1206 2411 exemti0‚
1233 2339 1281 2418 qui
1305 2339 1394 2398 valde
1420 2337 1529 2414 exigua

174 2425 359 2506 portiuncula
383 2425 549 2488 Terrestris
572 2426 654 2486 orbis
684 2426 853 2488 crassitiem
877 2426 1005 2488 excedit.
1052 2427 1109 2487 Hic
1142 2427 1233 2505 igitur
1265 2428 1363 2500 orbis,
1380 2430 1407 2499 ⁸)
1442 2444 1529 2505 quem

173 2515 338 2577 certissime
358 2514 524 2576 dimensum
546 2515 655 2575 habere
677 2515 837 2596 oportebat
861 2524 892 2576 et
915 2534 1003 2594 posse
1028 2515 1190 2576 verisimile
1215 2525 1291 2589 erat,
1315 2516 1373 2589 hic,
1398 2515 1529 2594 inquam,

173 2603 246 2675 vide,
270 2604 300 2665 in
325 2611 439 2681 quauta
461 2612 599 2665 versetur
623 2604 801 2665 difficultate
825 2605 904 2684 apud
920 2602 1128 2682 Copemicum,
1153 2604 1201 2683 qui
1225 2604 1289 2682 ipse
1314 2605 1364 2665 lib.
1382 2604 1438 2666 III.
1463 2602 1528 2664 Re-

172 2693 227 2754 vol.
249 2710 314 2772 cap.
330 2688 382 2753 20.
399 2692 540 2772 queritur,
558 2693 657 2773 ,quod
674 2712 726 2772 per
744 2693 865 2755 minima
880 2694 1025 2774 quaedam
1040 2701 1072 2754 et
1086 2693 1137 2753 vir
1152 2693 1405 2773 apprehensibilis
1418 2710 1529 2771 uragna

172 2781 343 2843 ratiocinari
374 2799 529 2860 cogamur,
565 2783 642 2860 quod
671 2782 819 2843 interdum
848 2783 904 2843 sub
933 2801 990 2843 uno
1019 2777 1205 2841 diversitatis
1228 2782 1366 2861 scrupulo
1391 2779 1410 2841 5
1434 2775 1528 2843 velli

172 2871 280 2950 gradum
299 2877 504 2949 praetereant,
528 2879 560 2931 et
574 2871 708 2931 modicus
723 2889 805 2931 error
826 2871 854 2931 iu
875 2870 1049 2932 immensum
1064 2889 1131 2930 sese
1147 2870 1366 2950 propaget.“¹)
1404 2867 1527 2939 Quanto

171 2959 255 3039 pejus
279 2958 372 3038 igitur
394 2958 549 3020 habebunt
572 2958 784 3038 spissitudines
808 2959 923 3021 orbium
947 2968 979 3021 et
1009 2958 1201 3020 remotiorum
1231 2979 1250 3019 a
1276 2958 1381 3032 uobis,
1416 2966 1446 3019 et
1477 2956 1527 3036 qui

171 3048 301 3126 pluribus
325 3049 458 3108 motuum
482 3047 681 3109 varietatibus
706 3055 776 3109 suut
800 3048 929 3108 obnoxii.
978 3046 1066 3118 Quod
1095 3046 1121 3107 si
1151 3054 1203 3108 ant
1232 3048 1348 3109 orbium
1377 3047 1430 3108 illa
1451 3067 1527 3125 πηχη

171 3135 336 3197 certissime
361 3137 536 3214 explorata,
571 3146 623 3198 aut
646 3156 756 3198 causae
780 3138 889 3198 saltem
913 3136 1084 3218 probabiles
1111 3135 1285 3213 patefactae
1314 3135 1443 3208 fuerint,
1475 3152 1527 3194 cur
1607 3215 1609 3219 y

170 3233 255 3287 tanta
279 3223 405 3303 singulis
429 3225 577 3288 attributa
600 3225 662 3286 sint
685 3224 893 3297 aCouditore,
918 3234 981 3287 tum
1005 3244 1061 3304 ego
1085 3225 1219 3302 spondeo
1243 3246 1290 3286 me
1314 3225 1526 3302 producturum

168 3313 274 3375 erbis
299 3315 474 3393 corporibus
499 3334 587 3376 arcus
610 3333 664 3394 per
688 3314 788 3376 omnia
811 3313 942 3376 motibus
957 3332 1115 3376 consonos.
1131 3316 1159 3388 ⁸)
1197 3313 1248 3376 Sic
1272 3313 1350 3375 euim
1374 3311 1525 3383 existimo,

166 3401 307 3482 quicquid
332 3410 403 3481 post
425 3403 503 3465 hanc
526 3404 750 3483 proportionem
781 3403 931 3465 coelorum
960 3402 1120 3476 iuventam,
1142 3404 1238 3464 adhuc
1270 3401 1434 3482 impediat,
1468 3416 1526 3479 quo

165 3491 263 3553 miuus
288 3492 327 3552 ad
346 3501 486 3553 exactam
506 3501 640 3553 motuum
654 3492 854 3571 coguitionem
869 3494 1006 3554 veniatur
1014 3512 1023 3566 ;
1048 3493 1076 3553 id
1101 3512 1188 3555 omne
1212 3493 1242 3552 iu
1266 3489 1526 3552 eccentricitatum

163 3581 243 3642 vitia
270 3579 543 3654 conferendum:¹·)
578 3580 684 3660 quibus
718 3579 856 3655 sublatis,
890 3600 998 3661 magno
1030 3581 1203 3657 adjumento
1232 3580 1395 3642 artificibus
1425 3578 1527 3640 lutura

160 3676 239 3748 puto
264 3668 362 3730 solida
385 3669 459 3732 haec
484 3670 611 3750 quinque
636 3671 673 3730 ad
696 3670 911 3731 correctionem
931 3678 1072 3742 motuum,
1097 3689 1185 3749 quarn
1208 3668 1321 3748 passim
1343 3667 1526 3728 meditantur

159 3775 224 3819 nou
247 3757 335 3836 pauci
371 3756 406 3831 ¹).
940 3764 946 3771 ’

255 3845 299 3909 Ut
321 3847 377 3908 hnc
400 3846 460 3909 illis
480 3845 645 3926 spondeam
664 3846 701 3907 de
723 3845 999 3908 eccentricitatibus
1023 3847 1117 3909 movit
1139 3866 1185 3908 me
1210 3855 1241 3908 ct
1262 3847 1328 3918 hoc,
1354 3842 1432 3922 quod
1456 3842 1525 3904 ubi-

161 3954 223 4013 que
247 3935 284 3996 de
312 3935 418 3998 minori
446 3935 613 4014 particula,
649 3954 738 4014 quam
768 3944 816 3996 est
843 3957 933 4016 πηχος
964 3935 1044 3997 orbis
1068 3936 1216 4013 integrum
1240 3931 1482 3995 controvertitur.
1494 3929 1524 4004 ¹¹)

159 4019 256 4103 Eripe
281 4043 408 4103 namque
432 4025 569 4086 omuibus
593 4042 648 4083 sex
672 4023 793 4085 orbibus
818 4044 872 4085 sua
894 4045 968 4105 πηχη
991 4032 1071 4099 uota,
1097 4032 1150 4085 aut
1172 4024 1263 4102 dupla
1286 4021 1411 4101 singulis
1435 4019 1526 4083 attri·
1637 4082 1645 4097 N

163 4107 243 4173 bue:
267 4113 384 4175 videbis
398 4113 539 4175 mundum
555 4120 586 4174 et
604 4116 883 4191 προσθαφαιρισιις
906 4131 1008 4174 omnes
1032 4114 1060 4174 io
1085 4112 1261 4173 immensum
1285 4111 1346 4173 illic
1370 4110 1524 4172 considere
1598 4179 1602 4184 ,

166 4205 204 4260 et
233 4202 351 4281 augeri,
387 4201 434 4264 hic
467 4201 594 4263 distrahi
628 4210 660 4263 et
688 4202 829 4263 deminui.
877 4202 919 4265 Ut
941 4202 987 4263 ita
1009 4201 1122 4263 veritas
1145 4202 1225 4262 inter
1253 4200 1324 4263 nihil
1348 4206 1380 4261 et
1404 4199 1524 4279 duplum

174 4290 323 4366 consistat,
348 4309 444 4376 neque
469 4291 661 4352 metuendum
685 4289 738 4364 sit,
765 4310 800 4351 ne
824 4290 945 4352 nimiam
968 4291 1081 4352 babeat
1104 4290 1215 4351 artilex
1238 4289 1391 4354 licentiam
1415 4307 1523 4349 eccen-

175 4375 317 4440 tricitates
340 4380 491 4454 mutandi,
516 4381 541 4440 si
566 4378 631 4459 quis
655 4378 725 4440 illas
750 4379 795 4440 bis
819 4379 929 4458 figuris·
946 4388 1051 4459 aptare
1077 4388 1209 4441 conetur.
1256 4381 1358 4458 Atque
1383 4376 1426 4437 sic
1449 4376 1523 4436 haec

181 4463 266 4528 altera
294 4467 373 4531 ratio
406 4476 473 4543 est,
508 4487 584 4549 qnae
617 4488 664 4528 me
693 4468 729 4528 de
759 4468 909 4529 discordia
939 4468 1017 4529 inter
1039 4487 1123 4530 meos
1147 4475 1179 4529 et
1202 4465 1360 4548 Coperuiei
1384 4482 1522 4526 numeros

183 4567 308 4618 excusare
330 4564 444 4636 potest.

256 4644 389 4706 Tertiam
413 4644 484 4707 mihi
507 4644 654 4724 praebent
677 4643 735 4722 ipsi
759 4645 872 4706 numeri
896 4644 1123 4706 Protenicarum
1147 4641 1308 4704 etiamnum
1332 4637 1442 4713 crassi,
1468 4657 1522 4698 nec

187 4722 220 4787 itu
231 4733 391 4813 expressi,
426 4742 459 4796 ut
487 4753 544 4796 uon
572 4733 671 4813 possit
699 4733 859 4814 aliquando
887 4733 966 4795 bona
989 4752 1057 4795 cum
1080 4732 1169 4794 venia
1191 4731 1238 4792 vel
1262 4729 1388 4792 semisse
1411 4727 1523 4806 gradm
1612 4776 1616 4797 ,
