3366 5482
762 217 925 275 m
1477 221 1520 295 et

165 376 252 441 curii:
281 378 433 458 siqnidem
456 397 582 443 necesse
604 387 654 447 cst
683 380 805 443 ntinlma
829 383 1008 446 conmotari.
1054 382 1222 447 Meministi
1253 384 1285 445 in
1309 383 1408 448 tribua
1429 402 1522 464 supe-

163 466 284 530 rioribus
317 485 367 530 me
395 467 531 533 dividere
559 469 626 542 illa,
655 487 731 549 quae
761 470 790 530 in
814 478 922 533 natura
946 492 965 533 a
988 491 1020 533 sc
1046 481 1148 534 rnntno
1176 473 1326 554 pendent,
1360 483 1524 554 propterea

161 555 240 640 qnod·
258 555 379 620 animae
401 564 512 621 natura
532 557 721 619 inimitabilis
745 567 803 620 est.
850 559 1163 641 Digressioplanetse
1188 559 1293 623 aSole
1315 560 1408 624 eflicit
1431 560 1523 625 etiam

162 644 368 710 lentitudinem
392 653 501 708 notus.
547 647 593 708 At
615 665 672 725 ego
696 646 905 719 lentitudinem
928 650 978 710 vel
1006 649 1255 730 inaequalitatem
1278 660 1376 712 motus
1399 658 1522 731 praesto
1575 644 1577 648 ⁴

160 752 210 816 per
231 733 423 814 inaequalem
448 735 668 798 denticulorum
690 736 927 814 magnitudinem
951 746 982 799 et
1000 738 1177 800 distantiam
1200 739 1230 799 in
1254 738 1331 816 rotis
1353 739 1445 801 trium
1468 757 1521 803 sn-

160 822 319 903 periornm.
367 824 483 885 Deinde
508 824 677 903 digressum
708 825 850 904 planetae
873 835 997 904 praesto
1021 846 1074 907 per
1097 827 1186 888 orbes
1210 835 1243 888 et
1264 827 1426 890 curvatilia
1448 826 1521 890 bra-

160 912 244 984 clria,
270 912 379 991 quibus
403 913 528 993 plancta
551 913 811 992 circumgestatur.
859 915 894 976 ln
911 915 1031 976 Venere
1055 927 1087 978 et
1110 919 1131 993 Q
1155 915 1265 995 duplex
1278 923 1329 983 est
1350 915 1523 994 hujusmodi
1635 934 1649 958 ¹

160 1001 363 1080 inoeqnalitas
395 1010 428 1063 et
450 1012 550 1064 motus
580 1010 614 1063 et
637 1002 816 1077 distantiae,
850 1021 910 1065 una
933 1005 1045 1082 pendet
1068 1024 1087 1066 a
1110 1004 1220 1079 Terra,
1254 1004 1353 1067 altera
1382 1004 1422 1066 ab
1446 1004 1522 1084 ipsis

161 1089 292 1152 orbibus.
340 1089 500 1165 Dubitari,
525 1091 673 1171 quomodo
698 1099 825 1171 utraque
850 1092 892 1153 sit
914 1093 1108 1172 praestanda.
1154 1092 1245 1168 Dico,
1273 1111 1329 1173 pro
1352 1093 1522 1173 inaequali·

161 1187 223 1240 tate
242 1186 343 1240 motus
368 1180 523 1259 utriusque
545 1188 704 1258 utromque
729 1180 823 1242 ctiam
847 1180 989 1244 circulum
1013 1189 1046 1244 et
1069 1181 1191 1243 actricis
1215 1191 1248 1242 et
1265 1189 1350 1244 rotae
1374 1181 1520 1262 inaequa-

162 1267 229 1331 liter
251 1267 456 1330 dividendum.
503 1268 547 1332 Ut
570 1286 642 1330 vero
667 1268 760 1330 etiam
784 1287 876 1348 supra
900 1270 929 1331 in
954 1270 1055 1350 operis
1079 1270 1157 1332 facie
1181 1270 1302 1350 gemina
1325 1270 1522 1350 digressionis

161 1356 362 1435 inaequalitas
385 1356 578 1437 respondeat,
603 1356 634 1418 id
658 1355 809 1419 difficilius
833 1367 890 1419 est.
929 1359 1126 1421 Tutissimum
1150 1367 1262 1434 umen,
1286 1366 1319 1421 ut
1339 1359 1523 1421 cohaereant
1608 1421 1611 1425 ,

161 1445 260 1507 omnia
282 1463 410 1524 corpora
433 1453 465 1507 ct
488 1445 592 1517 orbes,
615 1463 670 1507 nec
693 1446 789 1507 Terra
810 1446 1018 1511 circumvehat
1033 1447 1210 1520 interiores,
1233 1455 1268 1508 ut
1290 1447 1423 1526 proxime
1447 1467 1520 1510 ceu·

162 1553 288 1595 sueram.
335 1534 371 1596 In
394 1535 546 1597 Mercurio
577 1542 678 1596 antem
702 1535 790 1598 alteri
820 1535 998 1614 digressioni
1030 1536 1137 1599 melius
1161 1536 1293 1598 succurri
1326 1545 1444 1614 potest,
1477 1554 1521 1599 sc.

161 1641 211 1702 per
235 1622 463 1706 ampliationem
487 1633 520 1686 et
538 1623 776 1685 contractionem
801 1623 892 1685 orbis.
939 1625 1113 1693 Potuissem
1136 1624 1212 1686 baec
1229 1625 1294 1705 jam
1314 1624 1465 1699 omittere,
1490 1633 1524 1686 ut

162 1711 255 1774 adbuc
279 1711 459 1793 imperfecta
486 1720 519 1775 et
545 1712 642 1774 minus
666 1712 697 1774 in
721 1731 812 1792 opere
837 1712 903 1791 ipso
927 1714 1115 1777 necessaria:
1145 1713 1199 1775 sed
1218 1713 1342 1793 scripsi,
1374 1721 1407 1775 ut
1431 1713 1522 1775 testi-

163 1802 288 1863 monium
312 1809 418 1863 essent
438 1820 524 1864 meac
549 1820 648 1867 curae.

227 1939 263 2002 (E
281 1941 360 1993 literis
379 1942 404 1993 d.
423 1942 447 1993 d.
468 1940 511 1992 21.
531 1943 595 2009 Aug.
618 1937 707 2003 tete.)
727 1970 760 1980 -
780 1940 855 2002 Dein,
877 1941 900 1992 d.
922 1939 948 1993 9.
966 1939 1030 1994 Dec.
1053 1940 1130 2001 1598.
1149 1943 1214 1995 baec
1233 1944 1367 1994 subsecuta
1384 1949 1457 1994 sunt:

248 2155 419 2218 Mercurius
443 2165 512 2217 tuus
537 2155 660 2217 aberrat
677 2065 989 2235 consgriteprblbbare
1003 2155 1082 2229 vide,
1107 2173 1166 2233 qno
1186 2162 1278 2234 pacto
1301 2163 1400 2218 motus
1424 2155 1523 2235 longi·

165 2243 273 2305 tudinis
299 2244 477 2324 corrigatur.
524 2242 604 2306 Ecce
629 2244 707 2304 enim
732 2245 769 2304 ad
793 2244 897 2306 literas
922 2262 997 2323 quas
1021 2240 1050 2305 l.
1070 2242 1143 2305 Julii
1167 2244 1326 2323 scripsisti,
1352 2263 1418 2306 curn
1442 2240 1526 2305 es‘set

165 2333 302 2413 Angusto
336 2350 440 2394 mense
472 2333 729 2412 respondendum,
764 2350 867 2393 mense
890 2332 1050 2394 Decembri
1078 2333 1266 2412 responden;
1299 2351 1373 2412 quas
1397 2331 1523 2395 Octobri

164 2439 262 2482 mense
285 2422 390 2502 procul
415 2419 505 2482 dnbio
528 2420 688 2501 scripsisti,
714 2422 753 2483 ad
777 2440 851 2500 quas
870 2421 962 2483 etiam
981 2420 1037 2483 boc
1052 2420 1211 2483 Decembri
1226 2439 1403 2502 responsum
1421 2422 1524 2501 procul

165 2507 250 2572 dobin
273 2518 439 2590 expectas,
475 2509 634 2572 dummodo
658 2511 841 2583 reddantur,
874 2510 1105 2591 respondebitur
1133 2511 1264 2572 fortasse
1296 2510 1336 2584 (si
1360 2510 1425 2572 Deo
1453 2510 1522 2589 pla-

163 2599 254 2662 cuerit
276 2619 325 2661 me
347 2599 500 2676 tantisper
523 2600 650 2674 vivere),
674 2619 777 2661 mense
792 2599 917 2661 Martio.
934 2598 1067 2661 -Misisti
1091 2595 1122 2663 l.
1138 2596 1212 2661 Julii
1236 2601 1368 2679 scriptas
1390 2598 1522 2662 Ulmum.

163 2686 220 2748 Eas
246 2687 373 2767 pertulit
396 2687 530 2750 Jacobus
554 2696 658 2750 noster
681 2689 813 2767 ignarus,
839 2696 926 2749 erant
949 2688 1028 2750 enim
1052 2688 1224 2769 implicatae
1249 2689 1368 2762 alteris,
1395 2687 1523 2767 quaein

163 2773 350 2839 Corinthiam
365 2778 556 2857 spectabant.
590 2776 634 2840 Ut
655 2777 783 2839 venitin
799 2775 1000 2847 carinthiam,
1021 2778 1087 2858 jam
1111 2795 1212 2839 rursus
1236 2777 1307 2839 illac
1331 2794 1522 2849 ascensurus,

163 2865 377 2928 animadvertit
400 2884 541 2940 errorem,
567 2874 673 2946 aperto
698 2865 749 2928 illo
773 2866 925 2927 involucro
948 2884 1003 2946 per
1026 2885 1103 2941 eum,
1128 2865 1176 2928 cui
1194 2864 1382 2929 mittebatur.
1416 2864 1523 2944 Itaque

165 2953 266 3016 literas
291 2962 361 3016 tuas
385 2954 502 3017 remisit
530 2955 558 3016 in
582 2952 737 3037 Styriam,
770 2955 835 3034 ipse
862 2955 997 3033 perrexit
1024 2955 1054 3016 in
1078 2953 1242 3017 Sueviarn:
1276 2953 1382 3033 opinor
1412 2961 1523 3025 tamen,

165 3042 218 3104 etsi
242 3043 412 3122 legitimum
438 3062 613 3123 responsum
637 3063 694 3105 non
717 3044 885 3123 pertulerit,
910 3043 1071 3122 pertulisse
1090 3052 1192 3105 tamen
1212 3043 1329 3104 abunde
1353 3040 1522 3104 verborum.

165 3129 193 3194 si
217 3132 290 3214 qnid
315 3130 443 3194 Octobri
466 3151 569 3193 mense
593 3132 641 3193 vel
664 3133 828 3195 Novembri
853 3131 1018 3212 scripsisti,
1047 3133 1079 3194 id
1103 3133 1184 3194 scias
1206 3131 1280 3194 mihi
1301 3131 1432 3193 nondum
1455 3148 1523 3192 esse

165 3221 324 3283 redditum.
372 3221 450 3286 Nam
474 3221 669 3301 perlatorem,
695 3240 781 3301 quem
804 3218 939 3283 Jacobus
963 3221 1018 3283 tibi
1042 3221 1269 3301 designaverat,
1293 3238 1392 3282 rerum
1415 3237 1522 3281 conse-

165 3320 230 3373 cota
252 3309 450 3372 commutatio
474 3309 642 3372 absterruit
664 3310 723 3384 (uti
746 3310 866 3372 omnino
890 3312 979 3389 puto)
1003 3330 1041 3372 ns
1064 3309 1199 3393 Styriam
1222 3310 1438 3390 ingrederetur.

247 3399 282 3459 ln
306 3399 454 3479 principio
479 3396 728 3460 Germanicarum
753 3400 907 3461 literarum
931 3418 1061 3461 errorem
1085 3417 1218 3479 agnosco
1243 3399 1410 3462 verborum.
1444 3395 1524 3459 Sen-

164 3503 210 3550 sus
233 3487 358 3549 omnino
381 3487 481 3549 verbis
504 3487 565 3549 illis
589 3507 607 3548 a
631 3505 678 3548 me
701 3488 855 3569 usurpatis
878 3487 958 3549 inest
982 3488 1072 3550 talis:
1097 3488 1188 3550 Velle
1201 3507 1249 3550 me
1268 3488 1430 3549 defendere
1452 3503 1524 3567 pro-

165 3577 291 3654 positum
321 3593 417 3638 meum
451 3594 553 3638 coram
586 3583 627 3643 te,
674 3575 769 3656 Atqui
798 3576 897 3639 hercle
926 3596 983 3639 non
1015 3577 1045 3639 id
1078 3575 1150 3639 mihi
1183 3577 1241 3640 fnit
1272 3575 1381 3651 animi,
1415 3571 1524 3636 abortii

167 3663 302 3744 quicquid
326 3664 356 3727 id
381 3672 430 3727 est
452 3664 621 3726 verborum.
668 3663 796 3728 Sensum
819 3665 899 3728 enirn
922 3685 992 3727 esse
1014 3666 1114 3741 volui,
1143 3665 1337 3747 suppeditare
1361 3683 1409 3726 me
1432 3681 1523 3743 prae-

168 3753 273 3831 ceptori
297 3754 438 3832 exempla
459 3760 565 3816 vetera
587 3754 661 3826 (non
684 3755 806 3832 quidem
830 3755 916 3835 qnasi
940 3772 1090 3829 ceirsemn,
1115 3755 1169 3816 illa
1186 3755 1326 3835 ignorare
1349 3762 1390 3828 te,
1414 3752 1469 3814 sed
1493 3760 1526 3812 ut

170 3843 333 3904 teillornm
357 3842 662 3916 commonefacerem
685 3841 878 3917 Erinneren.)
902 3843 1008 3923 quibus
1029 3844 1175 3923 exemplis
1194 3861 1291 3904 meam
1306 3843 1417 3903 lamam
1430 3839 1524 3902 Stuc-

171 3931 280 3994 tardiae
304 3941 413 3994 contra
436 3931 672 4004 obtrectatores,
697 3931 797 4012 siqui
822 3933 898 3994 lorte
923 3931 1069 4005 existant,
1102 3932 1255 3994 defendat.
1303 3932 1409 4011 Itaque
1431 3928 1527 3990 verba

174 4034 201 4079 m
219 4020 338 4082 mehrer
360 4019 527 4082 Defension
551 4018 647 4081 meins
669 4020 846 4083 Ftirbabens
871 4021 915 4082 eic
938 4020 1142 4101 accipiantur,
1166 4021 1222 4082 das
1246 4022 1299 4083 der
1321 4021 1362 4082 Η.
1385 4019 1421 4081 Ρ.
1447 4017 1525 4080 mein

175 4103 309 4171 lbrbaben
342 4109 430 4170 doato
451 4104 570 4170 “besser
598 4108 753 4172 deicndirn
787 4109 915 4172 kbdnde.
963 4108 1024 4172 Sed
1057 4109 1134 4171 bene
1168 4110 1288 4183 iecisti,
1323 4109 1374 4190 qui
1404 4108 1526 4170 lituram

177 4191 300 4260 iuducere
324 4197 523 4260 incommodis
546 4197 615 4259 istis
637 4196 738 4260 verbis
762 4197 909 4261 statuisti.
958 4198 1080 4262 Utinam
1105 4217 1178 4261 sane
1207 4198 1334 4262 leceris!
1383 4188 1538 4261 centurn

178 4280 220 4345 boc
239 4305 297 4348 uno
322 4289 475 4362 σφαλματι
499 4293 640 4365 excepto,
665 4286 751 4348 vides
774 4287 849 4366 ipsc,
875 4286 1041 4350 consultius
1065 4288 1170 4360 luisse,
1192 4296 1227 4349 ut
1248 4296 1281 4350 te
1304 4288 1473 4368 alloquerer
1496 4284 1524 4347 in

178 4367 219 4433 illa
238 4375 377 4455 epistola,
402 4393 490 4456 quem
512 4375 605 4437 etiam
628 4374 767 4456 princeps
783 4376 1012 4456 alloquebatur:
1037 4384 1081 4450 ut,
1105 4377 1245 4458 quoniam
1268 4394 1325 4457 ego
1348 4397 1368 4437 a
1390 4373 1525 4456 principe

180 4471 260 4533 perte
274 4463 493 4527 internuncium
514 4464 733 4543 interrogabar,
757 4464 898 4545 princeps
921 4464 1012 4528 etiam
1035 4486 1054 4527 a
1075 4485 1122 4529 me
1137 4483 1313 4547 responsum
1326 4484 1380 4546 per
1399 4461 1525 4526 cundem

182 4551 352 4615 lebaberet.
400 4549 509 4615 Sciunt
532 4571 655 4626 omnes,
683 4571 741 4615 non
766 4571 834 4614 esse
858 4553 990 4617 literatis
1014 4554 1043 4617 in
1067 4573 1150 4617 more
1178 4553 1329 4634 positum,
1362 4549 1525 4614 vernacula

184 4651 249 4702 uera
268 4640 331 4703 uti:
366 4659 422 4703 nec
444 4641 572 4704 obscure
595 4641 776 4720 conjiciunt,
811 4642 939 4721 principi
962 4662 1008 4705 me
1033 4643 1115 4706 dicta
1138 4643 1236 4716 velle,
1270 4659 1346 4722 qnae
1371 4639 1426 4700 tibi
1450 4636 1522 4699 dixi.

184 4719 253 4797 illud
274 4729 433 4799 mmanem
455 4747 609 4801 numemm
632 4730 846 4802 clericulorum
869 4731 982 4794 attinet
1005 4732 1033 4795 in
1057 4732 1133 4794 rotis
1148 4730 1288 4807 Veneris,
1312 4727 1453 4792 existimo
1476 4745 1523 4791 me
