3366 5482
677 331 681 337 .
717 288 803 331 contra
821 281 920 332 Ursum·
1434 279 1499 345 255

142 433 217 497 dere.
265 431 340 495 Stat
366 433 468 514 itaque
498 436 627 496 assertio
652 436 722 498 Ursi
750 438 835 498 firma
863 447 894 498 et
921 437 1081 498 immobilis
1115 446 1147 498 ut
1175 457 1280 499 currus
1309 440 1398 501 unica
1427 451 1496 502 rota

142 522 255 584 scilicet
282 522 438 584 subnixus.
484 523 564 584 Nam
592 525 618 584 si
650 534 768 603 partem
791 533 901 600 totum,
934 525 960 585 si
984 526 1041 586 duo
1065 526 1171 604 viginti
1200 546 1267 588 esse
1296 530 1493 604 persuaserit,

142 611 192 672 hoc
221 629 341 689 qnoque
368 611 446 690 quod
479 613 676 673 contenderat
708 613 865 674 obtinebit.
913 613 1049 691 Denique
1078 613 1156 674 sicut
1185 625 1277 674 autea
1298 616 1495 693 Apollonium

142 699 247 779 negavi
276 698 462 777 professione
492 700 584 762 fuisse
614 710 831 773 astronomum,
872 720 962 779 quare
992 720 1086 780 neque
1114 720 1168 780 pro
1198 711 1320 763 auctore
1351 722 1496 765 novarum

142 786 352 868 hypothesium
375 787 544 849 habendum
568 791 726 849 contendi:
757 791 801 850 ita
825 790 872 849 hic
896 791 975 851 idem
1000 791 1093 850 multo
1118 790 1236 869 quidem
1259 791 1422 852 efficaciori
1445 813 1496 853 ar-

142 883 283 955 gumento
306 893 410 954 urgeo.
456 876 536 938 Nam
566 877 623 937 etsi
643 879 796 956 Apollonii
824 878 981 956 problema
1004 878 1041 938 de
1076 878 1149 939 solis
1178 879 1361 940 stationibus
1388 881 1494 959 plane-

142 975 240 1026 tarum
265 964 337 1038 fuit,
367 965 470 1024 horum
494 984 565 1024 vero
590 976 746 1027 auctorum
770 966 982 1044 cogitationes*
1000 967 1029 1026 in
1055 975 1121 1027 tota
1148 967 1304 1027 machinae
1329 969 1495 1028 mundanae

142 1051 235 1114 forma
260 1062 431 1131 vagantur:
460 1053 511 1113 ille
541 1062 643 1114 tamen
669 1074 741 1115 suae
772 1055 952 1114 inventionis
978 1057 1135 1132 (quantum
1166 1056 1223 1115 sibi
1247 1066 1401 1133 geometra
1424 1076 1494 1135 pro-

142 1143 298 1219 posuerat)
323 1151 428 1201 auctor
451 1142 563 1220 primus
587 1142 693 1202 merito
719 1143 901 1204 celebratur:
931 1143 960 1203 hi
986 1144 1100 1203 alienas
1126 1143 1162 1202 de
1187 1144 1296 1203 mundo
1320 1145 1494 1222 conceptio-

142 1248 191 1291 nes
216 1230 255 1289 de
279 1230 429 1290 industria
453 1231 666 1292 consarcinant
689 1231 783 1309 iisque
809 1252 864 1292 sua
888 1249 980 1308 opera
1006 1241 1163 1303 exornant,
1188 1250 1242 1291 nec
1263 1231 1320 1292 sibi
1340 1243 1493 1311 arrogant,
1544 1243 1546 1247 ’
1584 1265 1587 1268 «

142 1318 163 1380 si
185 1336 288 1397 pauca
311 1318 340 1377 in
364 1317 462 1378 Plinio
487 1319 640 1398 excipias,
671 1338 746 1398 qnae
773 1319 821 1379 ille
847 1340 866 1379 a
889 1320 1029 1379 Vitruvio
1054 1327 1191 1379 mutuata
1215 1338 1272 1379 non
1297 1338 1407 1398 magna
1431 1322 1495 1399 ejus

142 1406 250 1485 injuria
274 1405 452 1479 dissimulat,
477 1426 542 1467 cum
567 1416 691 1486 uterque
715 1407 871 1467 erraverit.
920 1406 1098 1486 Apollonius
1119 1406 1238 1468 laudem
1253 1407 1365 1485 ingenii
1391 1417 1422 1469 et
1437 1410 1494 1471 ad-

142 1495 331 1556 mirationem
354 1495 484 1555 omnium
508 1496 704 1555 subtilissima
728 1506 760 1555 et
783 1496 943 1555 verissima
960 1496 1164 1573 speculatione
1180 1497 1303 1557 meruit:
1328 1496 1358 1556 hi
1374 1507 1496 1559 scatent

142 1582 291 1644 erroribus
315 1591 347 1642 et
370 1582 500 1660 gratiam
523 1584 641 1662 quidem
665 1583 778 1644 habent
806 1584 1052 1644 transmissarum
1083 1583 1122 1643 ad
1146 1603 1208 1666 nos
1225 1584 1273 1643 vel
1297 1594 1495 1647 conservata-

142 1689 202 1732 mm
226 1671 347 1731 illarum
370 1671 621 1750 speculationum:
653 1673 834 1752 peculiarem
854 1690 925 1731 vero
950 1672 1076 1750 gloriam
1102 1690 1155 1732 nec
1180 1672 1237 1732 sibi
1261 1691 1315 1733 nec
1339 1673 1494 1752 magistris

142 1757 200 1820 suis
225 1759 429 1819 redemerunt.
475 1759 557 1819 Male
582 1760 736 1821 nobiscum
761 1768 884 1839 agatur,
915 1759 939 1819 si
965 1761 1126 1820 etiamnum
1151 1760 1336 1821 astronomia
1358 1760 1388 1822 in
1408 1768 1496 1825 tanta

142 1847 352 1909 incertitudine
377 1856 521 1918 versetur,
546 1849 572 1907 si
596 1857 713 1909 tantum
738 1850 899 1908 etiamnum
924 1849 952 1908 in
977 1848 1030 1909 illa
1046 1848 1278 1926 desideraretur,
1304 1848 1330 1908 si
1354 1849 1493 1911 latitudi-
1583 1872 1584 1876 ¹

142 1955 222 2008 uum,
258 1936 284 1996 si
316 1935 526 2013 evagationum
557 1937 686 1997 Veneris
721 1946 753 1995 et
781 1937 921 1996 Mercurii
955 1937 1086 2014 cognitio
1116 1956 1172 1995 nou
1203 1937 1328 1996 certior:
1363 1938 1388 1997 si
1413 1937 1494 1999 Solis

142 2023 295 2085 circuitum
319 2025 481 2084 etiamnum
505 2025 645 2085 inflexum
670 2034 702 2085 et
725 2032 892 2086 contortum
917 2033 1070 2106 putemus:
1097 2025 1122 2085 si
1138 2044 1246 2084 causas
1270 2043 1367 2085 rerum
1392 2037 1495 2088 astro-

142 2112 325 2173 nomicarum
350 2131 406 2172 non
431 2112 570 2173 meliores
594 2108 769 2186 habeamus,
792 2133 880 2192 quam
903 2113 940 2173 ab
956 2113 1017 2173 illis
1033 2113 1199 2173 didicimus.
1245 2113 1292 2173 Ac
1318 2113 1374 2173 uisi
1390 2114 1494 2194 Tycho

142 2199 194 2272 his,
220 2219 298 2279 quas
322 2200 379 2261 sibi
403 2200 508 2262 merito
532 2202 676 2273 vindicat,
701 2201 917 2281 hypothesibus
942 2201 1159 2261 astronomiam
1183 2200 1269 2260 nobis
1284 2202 1495 2278 perfectiorem

142 2288 312 2362 tradiderit,
340 2308 427 2367 quam
451 2289 493 2349 illi
519 2290 682 2367 reliquere:
716 2309 773 2349 non
798 2291 975 2367 deprecatur
1003 2290 1137 2368 quamvis
1161 2297 1256 2349 toturn
1280 2290 1329 2349 ille
1353 2291 1493 2351 mundum

142 2377 315 2457 complexus
339 2377 389 2448 sit,
415 2376 483 2455 quin
508 2379 720 2438 meditationes
745 2397 816 2437 suae
841 2378 919 2437 inter
942 2378 1081 2437 Pliniana
1105 2379 1247 2455 figmenta
1270 2377 1439 2438 referantur
1462 2389 1494 2440 et

142 2464 267 2546 indigna
289 2464 468 2536 habeantur,
494 2467 599 2543 quibus
623 2466 828 2546 hypotheseon
854 2468 1119 2528 astronomicarum
1144 2485 1251 2526 nomen
1275 2465 1433 2528 tribuatur.

229 2552 292 2614 Sed
317 2553 393 2613 alios
417 2554 538 2631 insuper
560 2555 698 2633 producit
722 2564 860 2614 auctores
885 2555 1095 2634 Tychonianae
1120 2554 1335 2634 hypothese0s;
1360 2574 1417 2614 non
1438 2575 1491 2616 so·

141 2643 185 2703 los
208 2641 255 2702 illi
279 2651 461 2719 geometras,
484 2643 634 2721 physicos,
660 2643 853 2713 architectos,
879 2642 1023 2703 historiae
1043 2643 1160 2703 navalis
1176 2643 1348 2722 scriptores,
1372 2651 1489 2720 poetas,

142 2729 365 2809 grammaticos,
391 2732 591 2790 astronomiae
616 2731 769 2810 imperitos
794 2730 913 2807 objicit:
939 2749 1012 2808 quos
1028 2740 1133 2791 contra
1153 2731 1395 2790 dissimilitudine
1419 2752 1491 2811 pro-

142 2818 282 2881 fessionis
311 2818 460 2896 excipiat:
491 2819 626 2897 sequitur
655 2828 687 2878 et
710 2826 966 2891 astronomus,
1001 2829 1239 2879 astronomorum
1259 2819 1388 2879 omnium
1420 2832 1492 2898 pust

142 2905 349 2968 Ptolemaeum
372 2907 600 2978 celeberrimus,
627 2928 680 2967 nec
706 2907 833 2966 scientia
852 2915 986 2976 tantum,
1020 2907 1073 2966 sed
1099 2917 1129 2965 et
1154 2914 1262 2966 eventu
1287 2908 1385 2966 clarus
1410 2911 1491 2969 edito

142 2995 425 3057 Revolutionum
454 2996 676 3055 coelestium
699 3013 803 3073 opere,
833 2995 909 3054 unde
939 2995 1059 3054 tabulae
1091 2995 1245 3053 derivatae
1270 3005 1353 3065 sunt,
1383 2997 1490 3073 quibus

142 3084 227 3145 hodie
252 3083 283 3143 in
309 3103 379 3144 usus
403 3082 636 3162 Ephemeridnm
661 3085 791 3161 receptis
814 3083 944 3161 priorum
964 3083 1085 3142 tabulae
1102 3082 1277 3160 antiquatae
1292 3091 1371 3141 sunt.
1410 3086 1488 3161 Age,

142 3172 225 3246 Urse,
250 3172 346 3231 virum
370 3180 400 3231 te
424 3180 562 3249 praesta:
592 3182 705 3233 rectam
730 3173 806 3231 enim
831 3171 909 3230 viam
934 3170 1059 3230 insistis.
1107 3170 1177 3244 Dic,
1204 3190 1274 3248 age,
1300 3170 1394 3231 fuitne
1419 3171 1489 3233 Co-

142 3260 318 3339 pernicus
347 3261 480 3339 Tychoni
515 3270 772 3338 praemonstrator
805 3279 876 3319 suae
911 3259 1132 3338 hypotheseos?
1178 3257 1239 3319 Sed
1272 3278 1338 3319 cum
1369 3260 1489 3333 dixeris,

142 3348 324 3422 memineris,
359 3356 456 3408 tecum
485 3349 557 3410 mihi
586 3369 647 3409 rem
675 3350 805 3409 futuram
833 3348 951 3426 tuisque
985 3368 1051 3408 cum
1075 3348 1191 3415 verbis,
1225 3367 1284 3408 non
1315 3367 1381 3407 cum
1410 3350 1488 3411 aliis.

142 3437 217 3498 Nam
240 3445 276 3496 ut
298 3455 390 3514 supra
412 3454 527 3516 quoque
552 3438 652 3498 innui:
682 3445 753 3515 post
777 3437 916 3512 vulgatas
942 3434 1099 3514 Copernici
1124 3436 1307 3517 hypotheses
1331 3456 1388 3497 non
1412 3456 1489 3516 nego

142 3544 204 3586 esse
228 3533 262 3585 et
285 3525 377 3585 fuisse
400 3526 521 3599 multos,
547 3545 620 3604 quos
645 3525 722 3586 inter
745 3543 778 3584 se
802 3525 1081 3585 Rothomannus
1104 3527 1275 3604 profitetur:
1302 3524 1488 3603 quibusco-

142 3614 320 3693 pernicanae
347 3613 550 3693 hypotheseos
580 3613 794 3691 contemplatio
819 3613 945 3690 digitum
975 3614 1105 3673 intendit
1128 3614 1165 3672 ad
1191 3613 1315 3672 eandem
1339 3632 1406 3673 cum
1425 3614 1488 3693 Ty-

142 3703 232 3764 chone
256 3702 339 3762 viam
362 3702 603 3780 ingrediendam:
629 3720 751 3779 quorum
775 3701 923 3760 neminem
947 3722 1002 3761 sua
1018 3702 1105 3762 laude
1119 3701 1293 3780 privandum
1310 3702 1487 3775 existimem,

142 3791 195 3852 etsi
219 3791 287 3871 quis
318 3789 348 3849 iu
373 3789 429 3850 hoc
453 3790 594 3870 Tychone
622 3799 818 3868 praeceptore
847 3809 904 3849 non
930 3790 1019 3849 fuerit
1048 3809 1129 3849 usus.
1177 3787 1321 3857 Quamvis
1345 3789 1488 3870 Tychoni‚

142 3897 201 3940 cum
230 3896 319 3940 snam
350 3887 508 3956 quaereret
530 3878 725 3962 hypothesin,
760 3897 817 3937 non
848 3877 938 3938 fuerit
967 3878 996 3937 in
1026 3877 1123 3937 animo
1148 3875 1422 3954 Copernicanarum
1450 3880 1487 3938 ad

142 3965 245 4028 Terrae
276 3965 515 4027 immobilitatem
542 3967 704 4037 traductio,
732 3966 775 4026 nti
800 3964 881 4039 aliis,
912 3966 966 4025 sed
994 3964 1116 4026 hiartis'
1133 3965 1162 4025 in
1191 3965 1377 4042 oppositione
1406 3964 1488 4034 Solis

143 4055 176 4116 ed
203 4056 331 4117 Terram
360 4055 627 4134 appropinquatio,
659 4054 858 4134 epicyclorum
892 4055 929 4113 ad
955 4052 1057 4114 Solem
1089 4052 1225 4131 alligatio
1255 4060 1287 4112 et
1314 4053 1343 4114 in
1372 4074 1488 4117 summa

144 4144 243 4205 cadem
267 4162 354 4227 pene,
380 4161 455 4221 qnae
472 4141 638 4220 Copernico
657 4143 739 4221 prius
764 4144 881 4202 fuerant
904 4141 1068 4220 proposita.
1115 4142 1162 4202 Ac
1182 4160 1248 4200 cnm
1263 4140 1321 4219 ipsi
1344 4143 1424 4204 viam
1449 4144 1487 4204 ad

145 4247 222 4294 suam
250 4231 431 4313 hypothesin
464 4231 693 4308 intersepsisset
721 4230 835 4291 orbium
865 4232 940 4290 falso
966 4231 1087 4309 jactata
1115 4229 1267 4302 soliditas,
1301 4232 1487 4292 commodum

146 4315 324 4381 homnem
349 4328 494 4393 cometae,
520 4320 569 4398 qui
593 4326 767 4379 transcursu
791 4338 844 4379 suo
870 4319 937 4379 illas
961 4318 1123 4379 solidorum
1139 4316 1252 4378 orbium
1272 4319 1397 4379 nebulas
1422 4321 1487 4380 dis-

147 4414 275 4471 cuterent
308 4417 339 4468 et
367 4407 580 4486 impedimenta
609 4406 821 4486 Tychonianae
853 4407 1056 4486 hypotheseos
1091 4406 1240 4466 tollerent.
1289 4408 1376 4467 Adde
1410 4409 1486 4486 quod

146 4495 195 4556 don
225 4497 292 4558 sola
324 4496 354 4556 iu
384 4496 564 4576 Tychonicis
594 4494 720 4555 mutatio
754 4504 785 4554 et
818 4495 1013 4572 transpositio
1043 4493 1315 4571 Copernicauarum
1339 4502 1400 4565 est,
1433 4495 1487 4555 sed

146 4583 229 4646 multa
251 4603 332 4645 nova
354 4584 576 4662 peculiariaque
606 4602 643 4641 ex
672 4583 856 4660 apparentiis
880 4583 953 4659 ipsis
983 4582 1126 4654 deducta,
1157 4581 1278 4660 quaesi
1302 4579 1487 4659 Cupernicus

148 4683 278 4752 usurpare
301 4672 385 4746 velit,
411 4691 496 4733 suam
518 4672 583 4750 ipsc
608 4671 786 4750 hypothesin
811 4670 944 4749 corrigat
967 4677 999 4729 et
1017 4671 1154 4730 immutet
1177 4687 1301 4729 necesse
1321 4676 1387 4742 est,
1408 4670 1486 4747 quod

149 4770 193 4837 tgo
213 4761 345 4841 quidem,
370 4760 420 4840 qni
444 4757 642 4840 Copemicum
666 4759 695 4820 in
720 4758 904 4837 capitalibus
926 4778 1042 4838 sequor,
1069 4757 1237 4819 faciendum
1255 4775 1373 4818 censeo.

1216 4857 1275 4911 18*
