3366 5482
691 234 991 303 rememoreramus.
1200 256 1214 271 ν
1299 262 1302 267 ·
1457 228 1521 308 327

158 389 242 468 pldtn
267 395 369 450 umen
392 389 478 469 ponit
501 398 600 467 elbum,
624 390 713 471 idque
736 394 816 454 iuter
838 395 954 456 rariora
975 386 1115 478 prodigia
1135 401 1238 463 refert.
1285 400 1389 480 Nuper
1412 407 1444 462 st
1466 412 1521 465 co·

160 484 227 537 mes
253 476 293 537 ab
316 476 456 539 Hoenlos
474 478 576 556 Juoior
599 481 780 565 affirmavit,
806 500 838 543 se
862 483 960 564 ipsum
984 502 1041 547 non
1066 487 1112 550 ita
1133 480 1249 569 pridem
1272 494 1428 569 expertum
1452 500 1521 553 e‘sse

159 572 262 626 reuse
285 573 400 627 motum
423 567 453 628 iu
478 567 650 630 Hellandia.
698 570 744 630 Dc
767 572 861 632 cauea
882 580 984 634 terrae
1008 582 1139 638 motuum
1165 570 1219 640 libi
1243 584 1301 639 hbn
1320 579 1441 658 penitus
1466 592 1520 642 es·

158 653 286 716 sentior.
335 655 445 716 Forma
470 654 538 734 ipsa
561 666 670 729 motus,
696 678 783 738 quam
807 661 975 740 perhibent,
1001 664 1157 727 reclamat.
1204 665 1428 729 Concussiones
1452 676 1521 730 esse

160 742 314 816 dicuntur,
349 762 462 827 eaeque
491 744 678 825 frequentes,
713 749 862 829 etiamque
892 759 1037 813 tremores
1061 740 1211 816 interdurn
1236 772 1346 817 aenum
1368 755 1519 836 integrum

159 832 315 894 durantes.
364 830 445 894 Sane
469 846 617 896 cavernas
642 838 786 898 accedere
810 839 848 898 ad
872 848 981 900 causas
1010 841 1134 919 partim,
1169 862 1227 904 non
1259 850 1307 905 est
1335 844 1519 921 incredibile,

159 921 216 981 sed
248 919 311 996 lta,
345 929 379 982 nt
409 921 610 984 cunitulornm
644 926 858 987 arteiactorum
891 944 1038 989 cavernae
1072 941 1253 993 concurrunt
1285 932 1323 994 ad
1348 934 1521 996 eversiones

158 1009 283 1084 ardum,
309 1019 368 1073 neu
392 1010 470 1090 quod
496 1012 654 1074 materiam
679 1013 757 1074 areis
783 1016 920 1094 excipere
944 1016 1092 1093 debeant,
1123 1021 1176 1080 sed
1202 1029 1234 1081 ut
1258 1021 1412 1100 pulverem
1437 1021 1519 1083 accl-

159 1096 248 1247 p'iuqlt
270 1106 303 1160 et
326 1099 525 1248 qlqtrcludant:
561 1109 661 1163 terrae
687 1111 819 1164 motuum
844 1115 915 1165 vero
940 1112 971 1166 et
995 1107 1195 1169 cuniculorum
1220 1110 1290 1170 mihi
1315 1117 1425 1171 causae
1448 1115 1521 1190 pere

159 1194 274 1248 eiures
298 1188 328 1249 vi
369 1195 448 1248 ntur.

231 1289 416 1342 Fabricius:
447 1293 484 1342 Ex
501 1294 626 1343 montanis
645 1293 707 1344 loeis
726 1294 780 1357 plns
798 1301 915 1360 'vaporum
940 1296 973 1346 ad
997 1296 1075 1348 nubes
1099 1298 1285 1350 constituendas
1308 1300 1423 1364 predati,
1449 1300 1523 1367 quaid

158 1376 191 1412 ex
208 1364 285 1416 mari,
310 1365 337 1412 in
361 1374 391 1412 eo
415 1364 460 1413 ubi
478 1373 528 1413 non
553 1366 683 1414 assentior.
721 1364 810 1415 Nonne
829 1376 896 1431 aqua
914 1370 986 1417 citius
1005 1371 1030 1418 iu
1049 1375 1131 1420 ae'rsm
1149 1371 1265 1434 rapidum
1283 1373 1422 1429 resolvitur,
1448 1376 1522 1436 qdffl

159 1434 233 1484 aeda
250 1433 295 1483 uia
313 1435 369 1484 locs
386 1435 502 1500 quidquid
521 1435 637 1485 exhalare
656 1437 778 1498 possunt?
816 1438 844 1487 ln
863 1442 988 1489 montanis
1006 1441 1067 1490 loeis
1086 1448 1130 1491 sut
1143 1443 1245 1492 vallibus
1257 1448 1360 1507 repares
1378 1445 1450 1493 citius
1463 1448 1520 1494 ccd-

158 1511 309 1570 gregantnr,
328 1520 403 1570 qnam
421 1507 447 1555 in
466 1520 546 1569 aquae
565 1507 701 1569 superficie.

235 1575 308 1636 Quod
326 1577 352 1626 in
371 1577 457 1626 Deoia
477 1576 598 1626 antiocia
616 1578 746 1626 maritimis
764 1578 818 1642 plus
837 1581 979 1630 serenitatis
998 1583 1038 1638 sit,
1058 1597 1132 1647 quem
1150 1585 1175 1632 iu
1188 1581 1317 1640 Bohsmia,
1336 1582 1401 1633 hauc
1421 1582 1523 1656 οιιιιψῖ

160 1648 215 1698 ssu
232 1645 307 1710 puto,
336 1647 400 1712 qaod
427 1650 471 1696 sut
494 1648 589 1697 emarl
607 1643 699 1697 subisti
721 1662 825 1712 vapores
843 1654 971 1700 renmrom
996 1653 1224 1716 septentrionalium
1242 1656 1266 1703 ri
1292 1653 1340 1705 allo
1359 1650 1522 1712 abducantur,

160 1722 205 1768 flet
222 1720 244 1767 si
261 1724 338 1767 nocta
363 1728 459 1768 mnam
483 1718 602 1768 decldaot
625 1721 652 1767 in
675 1721 756 1782 ipsam
780 1734 860 1784 aquae
879 1723 1035 1785 superficiem
1053 1725 1174 1774 incidant.
1211 1725 1240 1774 In
1260 1726 1385 1774 montanis
1403 1728 1460 1775 rere
1479 1727 1521 1776 dt*-

160 1789 273 1840 sidentes
291 1803 394 1854 vapores
412 1805 456 1854 per
473 1796 622 1839 nocturnum
640 1791 717 1856 irigns
735 1806 785 1840 nun
803 1794 921 1842 uniuntur
938 1796 1028 1843 monus
1046 1796 1199 1858 superficiei,
1220 1802 1318 1860 propter
1336 1797 1458 1849 diverssm
1475 1810 1521 1847 ns·

161 1869 252 1916 turam
272 1874 330 1927 ergo
349 1861 383 1911 ibi
402 1860 482 1926 colligi
503 1868 528 1909 et
546 1875 648 1911 manere
666 1875 769 1911 neeesse
789 1870 834 1912 est.

231 1928 339 1994 Deinde,
357 1934 467 1996 quamvis
487 1946 553 1996 aqua
571 1934 650 1997 magis
670 1940 730 1996 apta
749 1933 781 1981 sd
800 1935 886 1991 nabes,
906 1949 980 1998 quam
998 1943 1113 1987 montosa
1131 1937 1201 1994 loca,
1227 1944 1286 2000 puto
1304 1945 1390 1987 tamen
1407 1936 1471 1988 haee
1489 1936 1522 1988 ab

161 2002 233 2052 athis
251 2002 337 2052 torem
357 2000 436 2059 alflci,
464 2013 538 2065 quam
562 2011 666 2067 squam,
698 2004 757 2067 qaia
782 2005 843 2054 radii
863 2006 926 2056 Solis
952 2002 990 2056 rel
1010 2013 1131 2057 astrorum
1153 2010 1179 2058 in
1203 2015 1271 2058 terra
1293 2009 1386 2058 firmius
1408 2002 1521 2065 haereti,

161 2081 236 2138 qm
253 2075 281 2122 in
299 2080 372 2138 aqua.

249 2160 453 2243 Keplerus:
492 2165 662 2225 Meteora
684 2162 875 2245 potissimum
899 2183 937 2225 ex
961 2165 1113 2226 montanis
1138 2165 1328 2238 deduxerum,
1353 2165 1471 2226 ratione
1491 2170 1523 2226 et
1571 2182 1575 2188 ’

163 2252 349 2331 medentis
381 2253 636 2313 concurrentibus.
683 2252 797 2330 Negas.
845 2253 966 2314 Montes
1001 2254 1047 2315 aie
1072 2253 1228 2332 lapideos:
1263 2252 1396 2332 accipio}
1432 2261 1521 2315 tauto

165 2341 296 2420 aptiores
329 2340 420 2419 igitur
453 2342 490 2402 ad
525 2342 654 2401 calorem
689 2340 861 2419 demiurgou
886 2342 1117 2415 continendum,
1153 2361 1241 2422 quam
1275 2342 1381 2402 molles
1414 2354 1520 2422 aquas.

164 2430 242 2490 Nem
265 2428 330 2491 sine
355 2429 454 2490 calore
477 2430 582 2509 opifice
608 2444 664 2489 non
681 2429 818 2489 elicietur
834 2431 1003 2492 exsudatio.
1034 2428 1179 2492 Concedo
1203 2430 1258 2490 tibi
1282 2440 1371 2503 sane,
1398 2431 1424 2491 si
1449 2449 1517 2490 mo-

165 2517 264 2578 dulum
297 2537 441 2597 vaporum
473 2518 719 2589 consideramuS,
753 2535 840 2597 quem
864 2518 915 2580 Sol
942 2519 1037 2593 elicit,
1069 2518 1138 2597 plns
1172 2518 1281 2580 elicere
1311 2518 1340 2579 iu
1365 2517 1520 2598 superficie

164 2606 265 2668 matis.
314 2606 376 2680 At,
412 2615 555 2687 quantum
580 2615 645 2677 est,
683 2605 879 2686 perexiguum
903 2615 969 2683 est,
1002 2625 1060 2668 non
1091 2606 1207 2686 tangit,
1243 2606 1299 2667 uisi
1323 2606 1519 2685 superficiem.

165 2684 253 2766 Quod
277 2713 349 2756 vero
375 2696 485 2756 sudant
509 2703 645 2766 montes,
683 2702 748 2755 tote
773 2700 898 2774 corpore
930 2694 1059 2763 sudant,
1093 2692 1267 2760 stimulante
1292 2695 1386 2756 totius
1410 2692 1521 2756 Terrae

165 2780 281 2862 corpori
305 2784 406 2845 calore
431 2783 545 2856 innato,
572 2782 671 2843 omnia
694 2776 879 2863 pervadente
904 2782 1090 2863 penetralia,
1117 2802 1174 2844 non
1198 2791 1233 2844 ut
1256 2782 1337 2844 Solis
1362 2774 1445 2844 calor
1467 2790 1521 2861 su-

164 2864 313 2952 perficiem
338 2872 550 2951 depopulante.
599 2866 680 2932 Nihil
706 2868 753 2932 hic
778 2878 881 2945 astra,
916 2872 973 2933 nisi
1008 2868 1086 2950 quod
1117 2871 1310 2932 modulantur
1340 2868 1521 2933 cantilenam

165 2969 265 3041 eptem
290 2960 359 3021 huic
383 2959 500 3021 animae
524 2960 677 3034 terrestri,
703 2960 795 3020 talem
818 2967 933 3045 tamen,
959 2968 1001 3033 ut,
1028 2960 1085 3021 uisi
1110 2958 1210 3021 anima
1235 2960 1302 3037 ipsa
1325 2957 1385 3019 vim
1409 2952 1523 3021 habear

165 3048 302 3110 adhaec
328 3048 510 3110 cantilenam
536 3066 604 3109 sese
633 3049 856 3116 commovendi,
891 3048 1003 3109 frustra
1036 3064 1103 3109 earn
1137 3047 1175 3107 ab
1209 3047 1301 3108 astris
1335 3051 1520 3126 expectaret.

164 3136 268 3239 Neque
293 3157 434 3218 quaeras,
470 3139 546 3199 unde
572 3145 659 3197 tauta
693 3136 752 3197 illis
776 3137 927 3197 montibus
960 3136 1047 3214 copia
1071 3134 1234 3215 aquarum?
1281 3133 1367 3196 Unde
1392 3150 1520 3214 namque

163 3230 249 3306 copia
272 3225 333 3287 illis
357 3225 395 3287 ad
419 3224 564 3306 perennia
588 3224 734 3287 flumina?

250 3311 365 3389 Citius,
399 3314 512 3394 inquis,
546 3333 625 3393 aqua
649 3314 808 3375 resolvitur
838 3314 864 3374 in
891 3324 1046 3392 vaporem,
1079 3330 1168 3393 quarn
1198 3313 1298 3373 terra!
1350 3310 1412 3371 lmo
1436 3328 1519 3385 vere,

162 3402 294 3475 Fabrici,
321 3411 403 3465 terra
426 3421 574 3483 nunqua-m
599 3403 761 3464 resolvitur
785 3403 812 3462 in
838 3416 981 3483 vapores,
1017 3401 1182 3482 sedeque,
1208 3408 1240 3461 et
1263 3421 1300 3461 ea
1324 3399 1443 3480 quidem
1469 3398 1518 3459 im

161 3491 279 3554 tardum
302 3492 464 3568 sullbrata,
490 3492 662 3571 purulenta,
688 3493 769 3551 ranis
795 3498 847 3551 aut
871 3490 1006 3570 frugibus
1031 3499 1085 3551 ant
1108 3488 1257 3568 lapidibus
1281 3496 1405 3558 onusta,
1441 3494 1517 3567 quat

161 3574 334 3660 prodigiosa
358 3589 436 3642 sunt.
485 3576 573 3651 Quod
605 3582 631 3641 si
665 3580 755 3641 maris
790 3580 884 3640 moles
919 3580 946 3640 in
978 3575 1136 3659 complexu
1168 3577 1248 3639 illiue
1281 3577 1400 3639 animae
1425 3580 1517 3648 esset,

163 3669 261 3730 nescio
286 3689 324 3730 sn
349 3669 416 3749 plus
440 3667 480 3730 sit
505 3666 698 3743 exhalatura,
729 3687 816 3748 qnam
836 3669 902 3746 jam
926 3669 1050 3729 exhalat
1073 3667 1191 3729 marina
1215 3686 1303 3746 aqua,
1330 3683 1385 3744 per
1407 3682 1516 3727 caver-

162 3776 213 3819 nas
237 3764 338 3819 terrae
363 3758 525 3820 sublimata
556 3767 588 3818 et
612 3759 640 3818 in
665 3758 817 3819 fluminum
841 3758 988 3836 originem
1018 3756 1194 3818 constillare
1215 3764 1335 3834 parata.
1384 3753 1428 3813 Te
1452 3752 1517 3832 ipse

161 3845 315 3907 convictus
333 3846 450 3920 fateris,
476 3847 578 3908 nubila
602 3856 636 3907 nt
658 3847 814 3925 plurimum
839 3847 868 3906 in
889 3846 1040 3907 montibus
1060 3865 1138 3905 esse.
1188 3841 1323 3905 Causam
1346 3860 1404 3902 non
1421 3844 1542 3921 quas-'

159 3934 199 3997 ris
222 3934 417 3996 necessario:
450 3936 549 4015 potuit
573 3935 650 3996 enim
674 3935 729 3995 tibi
753 3936 890 3996 sufficere
914 3936 989 3996 haec
1013 3933 1200 4015 hypothesis.
1249 3933 1382 3999 Montes,
1407 3929 1516 4010 inquis,

162 4023 250 4085 calidi
275 4032 356 4086 sunt.
402 4024 502 4101 Euge!
536 4025 714 4095 Metueram,
739 4033 773 4084 ut
796 4024 852 4084 hoc
876 4042 1012 4102 negares.
1060 4022 1170 4082 Addo:
1206 4038 1278 4099 ergo
1302 4017 1415 4080 humidi
1438 4026 1518 4080 sunt.

161 4109 288 4190 Negas?
326 4112 413 4175 Unde
437 4131 509 4192 ergo
533 4112 676 4174 flumina?
715 4110 831 4182 Quodsi
856 4121 888 4172 et
910 4112 1000 4173 calidi
1025 4120 1056 4175 et
1071 4109 1192 4183 humidi,
1217 4128 1269 4170 cur
1284 4127 1353 4180 nou,
1378 4107 1515 4181 atellae,

163 4218 289 4285 vapores
313 4202 475 4264 exhalent?
523 4199 602 4271 Quid
628 4201 674 4261 vis
698 4201 850 4280 amplius?
897 4200 959 4261 Sed
987 4201 1049 4274 dic,
1085 4199 1161 4277 agel
1200 4197 1270 4278 quid
1295 4196 1369 4277 ipsis
1392 4196 1519 4280 prodest

162 4288 261 4352 solor?
309 4289 417 4365 Calor,
452 4291 566 4370 inquis,
601 4308 708 4353 crassa
730 4288 833 4350 nubila
857 4289 984 4351 attrahit
1008 4287 1046 4350 ad
1071 4306 1158 4360 sese3
1192 4288 1237 4348 ita
1260 4285 1406 4367 loqueris,
1432 4303 1467 4344 ac
1491 4284 1517 4345 si

162 4378 263 4440 {ubils
284 4392 339 4458 perr
364 4376 429 4442 tou
452 4377 592 4440 milliaria
616 4396 634 4438 a
657 4377 807 4439 montibus
832 4385 939 4439 exorta
963 4375 1222 4458 peregrinationes
1245 4377 1274 4438 in
1296 4375 1518 4436 mediterranea

162 4466 337 4543 mutuant,
371 4475 520 4548 noctuque
560 4467 638 4546 apud
673 4466 827 4527 convalles
863 4467 890 4526 ih
924 4467 1081 4546 complexu
1110 4464 1253 4526 mbhtidrh
1278 4464 1361 4524 uelut
1384 4458 1516 4540 hospitio

163 4550 358 4636 e'x'ci‘piantnr.
405 4544 461 4619 iiic
486 4575 575 4635 ergo,
600 4563 675 4636 quot
697 4548 809 4616 dierum
835 4554 963 4638 nubibus
980 4554 1046 4625 ‚iter
1069 4558 1117 4615 est
1140 4562 1177 4612 ex
1201 4544 1307 4633 Belgio
1331 4550 1360 4611 in
1385 4540 1515 4623 Sutviae

163 4642 301 4707 omres?
332 4662 403 4724 ergo
427 4652 461 4706 et
482 4652 545 4706 tam
569 4643 618 4705 diu
643 4642 804 4705 sitiendum
827 4641 977 4717 Susviae,
1001 4644 1096 4705 donec
1120 4640 1194 4702 haec
1218 4637 1324 4721 hydria
1347 4658 1384 4700 ex
1407 4636 1514 4716 Belgio

162 4731 300 4796 remur·
329 4733 425 4796 riano
459 4733 556 4796 nudus
587 4738 654 4793 stas
686 4732 725 4793 mi
749 4732 889 4808 Fabrici3
927 4748 1056 4814 vapores
1089 4730 1171 4790 intre
1197 4728 1284 4790 unius
1307 4740 1400 4809 saepe
1423 4726 1515 4789 horas
