3366 5482
163 237 228 303 sto
715 238 837 303 sporogn
855 237 978 299 menan

163 399 223 458 rint
246 396 507 470 accommodatae,
541 415 652 456 morem
680 396 757 456 hunc
782 415 884 456 verum
917 396 1111 457 concludendi
1142 416 1199 456 non
1229 396 1376 471 retinent,
1413 394 1469 455 sed
1494 413 1527 455 ss

163 488 244 564 ipsas
268 486 406 565 produnt.
455 486 504 545 lta
526 485 649 544 tandem
674 485 721 558 fit,
746 492 870 562 propter
894 484 1134 564 syllogismorum
1158 485 1188 545 in
1213 482 1525 546 demonstrationibus

115 651 118 655 Ι
163 574 340 653 Implexnm,
375 583 408 634 ut
431 591 488 632 uno
512 572 731 632 inconvenienti
756 574 827 632 dato
852 581 1016 651 sequantur
1044 574 1160 634 infiniti.
1209 571 1285 635 Cum
1310 573 1415 652 itaque
1439 588 1526 653 nemo

162 682 274 734 eorum,
298 680 372 741 qnos
386 661 598 742 hypothesium
613 669 751 726 auctores
776 661 971 733 celebramus
1002 662 1033 721 in
1056 662 1189 740 periculo
1206 661 1320 722 versari
1344 656 1419 722 uelit
1444 678 1527 720 erro-

163 753 204 812 ris
234 751 315 811 circa
343 750 563 818 conclusiones
598 759 632 809 nt
661 758 731 810 ante
761 749 822 809 dixi
863 749 1011 828 sequitur,
1047 758 1080 809 ut
1109 768 1205 828 neque
1238 750 1396 828 quisquam
1427 766 1528 808 eorum

163 839 242 900 inter
264 839 448 919 hypotheses
472 857 542 898 suas
571 836 682 917 aliquid
711 837 786 897 velit
814 837 947 914 recipere
977 838 1091 911 sciens,
1126 838 1204 915 qnod
1232 838 1326 898 errori
1358 836 1401 897 sit
1430 836 1527 896 obno-

162 927 254 988 xium.
302 927 447 1005 Adeoque
472 945 529 986 non
554 934 671 995 tanturn
697 926 733 985 de
757 925 1046 986 demonstrationum
1071 933 1180 986 eventu
1212 932 1244 985 et
1273 924 1528 997 conclusionibus,

137 1016 218 1098 ,sed
242 1033 332 1093 saepe
356 1014 452 1093 magis
477 1015 514 1074 de
539 1014 681 1074 assumtis
705 1013 922 1094 hypothesibus
952 1013 1074 1074 solliciti
1099 1021 1188 1074 sunt:
1219 1014 1295 1074 adeo
1320 1013 1407 1088 illas,
1439 1019 1529 1093 quot·

165 1112 238 1184 quot
266 1103 362 1163 adhuc
394 1104 455 1163 fere
481 1103 601 1164 fuerunt
633 1110 773 1162 auctores
797 1102 948 1174 celebres,
984 1121 1050 1162 cum
1079 1102 1271 1180 geometricis
1305 1111 1369 1163 tum
1393 1100 1529 1183 physicis

164 1192 331 1253 rationibus
355 1192 526 1270 expendunt
551 1198 582 1251 et
606 1191 795 1270 undiquaque
820 1190 997 1250 conciliatas
1022 1191 1153 1270 cupiunt.

253 1277 333 1349 Quid
356 1279 448 1357 igitur
472 1286 535 1351 est,
562 1279 665 1352 dicas,
701 1279 779 1357 quod
803 1297 869 1338 cum
893 1297 995 1338 omnes
1020 1279 1142 1339 eosdem
1173 1286 1274 1339 motus
1298 1279 1450 1339 coelestes
1473 1277 1529 1338 de·

164 1375 351 1437 monstrent,
386 1375 474 1427 tanta
506 1376 608 1428 tamen
642 1367 683 1426 sit
715 1366 928 1446 hypothesium
959 1367 1142 1437 diversitas?
1189 1360 1257 1428 Nori
1291 1385 1365 1427 sane
1398 1366 1430 1427 id
1460 1365 1529 1431 iude

164 1459 284 1518 evenire
309 1456 541 1517 existimandum
567 1463 629 1528 est,
664 1456 741 1533 quod
766 1474 804 1514 ex
828 1455 905 1514 falso
930 1474 1033 1515 verum
1061 1474 1116 1534 per
1139 1454 1278 1515 accidens
1308 1454 1391 1534 sequi
1418 1455 1528 1515 soleat.

164 1547 257 1619 Nam,
289 1553 322 1605 nt
346 1552 417 1604 ante
443 1544 523 1613 dixi,
555 1544 584 1605 in
610 1545 699 1620 longo
724 1543 1012 1603 demonstrationum
1042 1562 1096 1622 per
1119 1544 1219 1604 varios
1249 1543 1446 1624 syllogismos
1472 1562 1529 1603 an-

163 1633 275 1707 fractu,
309 1633 413 1713 quales
442 1633 542 1693 solent
563 1632 592 1692 in
623 1632 808 1692 astronomia
831 1629 979 1699 existere,
1012 1633 1074 1692 fieri
1099 1631 1149 1691 vix
1178 1651 1307 1712 uuquam
1340 1639 1459 1710 potest,
1494 1649 1529 1692 ac

163 1722 234 1782 mihi
258 1741 330 1782 sane
355 1722 523 1801 exemplum
547 1740 604 1781 non
629 1720 768 1793 occurrit,
795 1728 827 1779 ut
852 1738 888 1779 ex
913 1728 1051 1780 assumta
1074 1738 1132 1781 non
1152 1740 1228 1780 sana
1241 1719 1404 1799 hypothesi
1429 1710 1529 1781 exitus

163 1810 353 1890 undiquaque
378 1829 470 1870 sanus
495 1817 527 1870 et
550 1808 626 1869 coeli
651 1808 781 1868 motibus
807 1807 963 1886 analogus,
989 1817 1041 1869 aut
1065 1809 1146 1878 talis,
1171 1810 1289 1888 qualem
1312 1809 1378 1869 vult
1402 1808 1529 1869 demon-

163 1908 302 1969 stratum,
327 1905 479 1978 sequatur.
528 1896 590 1958 Sed
614 1916 669 1956 nec
694 1916 813 1975 semper
836 1897 914 1956 idem
938 1896 1067 1957 efficitur
1095 1916 1149 1975 per
1172 1898 1309 1958 diversas
1333 1896 1529 1978 hypotheses,

163 1988 281 2067 quoties
305 1986 472 2065 imperitior
496 1985 604 2064 aliquis
629 1985 709 2044 idem
734 1985 811 2044 effici
835 1993 933 2061 putat.
966 1982 1068 2065 ‘Quae
1090 2005 1127 2045 ex
1143 1983 1340 2064 Cupernici
1365 1995 1531 2064 sequuntur

164 2075 396 2156 hypothesibus,
423 2093 460 2134 ea
481 2073 654 2151 Maginus
680 2092 716 2133 ex
741 2072 808 2132 aliis
832 2073 984 2146 similiter,
1010 2074 1107 2151 quoad
1132 2092 1283 2146 numeros,
1309 2073 1531 2134 demonstravit

163 2163 390 2242 hypothesibus,
417 2179 492 2239 quae
518 2160 710 2220 Ptolemaicis
735 2167 838 2220 essent
861 2161 1066 2239 utplurimum
1081 2163 1258 2222 conformes.
1274 2156 1299 2234 'l
1345 2162 1427 2224 Num
1450 2162 1529 2222 idem

163 2260 286 2330 uterque
309 2248 473 2329 praestat?
519 2248 643 2308 Minime
667 2249 812 2326 gentium.
862 2247 1046 2327 Cupernicus
1069 2250 1187 2329 quidem
1212 2269 1334 2310 causam
1359 2250 1449 2311 simul
1474 2250 1529 2311 de·

165 2348 337 2401 monstrare
361 2337 458 2397 voluit
482 2345 514 2396 et
536 2337 759 2410 necessitatem,
785 2355 837 2397 cur
859 2337 1000 2415 planetae
1015 2339 1184 2416 superiores
1208 2339 1237 2399 in
1254 2339 1444 2417 oppositione
1464 2357 1529 2399 cum

165 2427 236 2488 Sole
260 2444 379 2506 semper
403 2432 507 2486 essent
530 2425 632 2485 Terris
655 2425 793 2504 proximi,
818 2434 1029 2508 praeterquam
1053 2418 1131 2504 qu'od
1153 2426 1282 2488 numeris
1307 2445 1409 2488 eorum
1429 2434 1529 2488 motus

165 2517 193 2576 in
218 2525 372 2595 posterum
396 2513 525 2574 voluerit
549 2522 787 2592 repraesentare.
836 2513 977 2592 Maginns
1002 2516 1113 2575 omisso
1138 2516 1204 2588 illo,
1239 2515 1317 2595 quod
1341 2513 1530 2594 Cupernicus

166 2605 193 2664 in
217 2602 412 2665 Ptolemaicis
438 2602 621 2663 desideravit
650 2602 733 2662 etin
758 2602 821 2662 suis
850 2601 1105 2679 suppositionibus
1130 2622 1186 2664 non
1210 2604 1296 2683 parvi
1324 2605 1412 2678 fecit,
1448 2603 1530 2664 solos

165 2710 302 2753 numeros
328 2689 486 2769 Cupernici
512 2691 568 2751 fuit
591 2691 737 2752 imitatus.
786 2690 819 2750 In
846 2689 1012 2767 Copernico
1036 2692 1186 2770 sequitur,
1211 2693 1343 2753 Martem
1367 2692 1530 2754 admittere

163 2780 332 2859 parallaxin
357 2779 502 2857 majorem
526 2778 609 2851 Sole,
632 2779 660 2839 in
677 2778 802 2856 Magino
828 2779 1027 2839 hocminime
1053 2780 1197 2859 sequitur.
1245 2780 1345 2841 Multa
1368 2781 1417 2841 hic
1436 2798 1530 2859 prae-

164 2877 257 2930 tereo.
305 2870 352 2930 Ac
377 2869 435 2928 etsi
460 2868 597 2928 diversae
622 2867 741 2945 aliquae
766 2867 949 2946 hypotheses
973 2868 1053 2928 idern
1068 2869 1187 2929 omnino
1203 2875 1361 2947 praestent
1376 2870 1406 2930 in
1427 2877 1531 2931 astro·

164 2957 303 3029 numicis,
329 2956 408 3036 quod
433 2957 472 3016 de
507 2975 563 3016 sua
588 2953 860 3034 Copernicanarnm
884 2956 1049 3017 mutatione
1068 2956 1320 3017 Rothmannus
1344 2956 1373 3018 in
1399 2957 1533 3036 epistola

164 3047 202 3107 ad
225 3046 264 3108 D.
290 3045 462 3125 Tychonem
481 3044 627 3123 jactavit,
662 3044 833 3104 differentia
863 3051 962 3104 tamen
988 3064 1078 3124 saepe
1104 3052 1152 3105 est
1184 3046 1411 3107 conclusionum
1435 3065 1531 3107 causa

162 3135 289 3212 alicujus
305 3133 556 3194 considerationis
571 3131 724 3212 physicae.
737 3124 764 3209 ⁸)
813 3131 864 3192 Sic
888 3132 946 3192 etsi
964 3133 1082 3193 omuino
1098 3135 1220 3195 eosdem
1235 3134 1361 3213 Tycho
1386 3152 1529 3197 numeros

163 3222 379 3304 hypothesibus
403 3222 465 3282 suis
489 3221 679 3299 exprimeret,
701 3238 774 3298 quos
798 3219 892 3290 habet
908 3219 1104 3298 Copernicus,
1129 3222 1178 3301 qui
1198 3232 1299 3283 tamen
1325 3222 1429 3284 uitiosi
1446 3230 1528 3296 sunt,

162 3313 192 3373 in
216 3313 272 3372 hoc
297 3318 396 3370 tamen
422 3310 556 3370 differret
586 3309 733 3369 intentum
762 3309 1049 3371 demonstrationum
1074 3310 1225 3391 Tychonis
1255 3331 1273 3371 a
1298 3310 1529 3390 Copernicanis,

161 3400 239 3479 quod
262 3406 384 3478 praeter
406 3398 641 3476 praedictionem
674 3397 838 3457 futurorum
872 3405 1005 3458 motuum
1030 3398 1113 3476 cupit
1136 3401 1228 3460 etiarn
1253 3401 1368 3461 evitare
1397 3400 1529 3462 immen-

162 3489 284 3550 sitatem
308 3487 389 3548 illam
413 3486 537 3547 fixarum
563 3485 680 3564 aliaque
705 3504 782 3564 quae
798 3483 981 3562 Copernicus
997 3487 1132 3548 admittit
1154 3488 1183 3548 in
1200 3508 1254 3549 sua
1269 3488 1443 3569 hypothesi.
1482 3490 1531 3549 lta

163 3576 352 3639 conclusione
381 3582 499 3636 mutata
530 3574 712 3655 hypotheses
735 3573 838 3633 varias
862 3574 992 3635 existere
1021 3593 1145 3636 necesse
1170 3584 1227 3637 est.
1276 3577 1528 3639 Incousideratus

163 3683 233 3726 vero
258 3665 384 3744 aliquis,
420 3664 459 3724 ad
493 3663 573 3723 solos
607 3681 745 3722 numeros
778 3661 958 3741 respiciens,
1002 3663 1080 3725 idem
1113 3684 1149 3724 ex
1180 3666 1274 3727 variis
1304 3665 1527 3747 hypothesibus

163 3756 296 3833 adeoque
319 3772 422 3813 verum
447 3771 485 3812 ex
509 3751 594 3812 falsis
619 3751 702 3829 sequi
727 3749 927 3811 existimabit.

251 3840 311 3912 Qui
340 3842 378 3902 ad
402 3841 479 3901 hanc
508 3858 643 3900 normam
667 3839 767 3899 omnia
792 3838 982 3918 expenderit,
1017 3858 1090 3898 sane
1120 3840 1221 3901 nescio
1255 3860 1293 3901 an
1322 3840 1367 3902 illi
1400 3841 1465 3903 ulla
1489 3841 1530 3902 sit

162 3949 324 3993 occursura
346 3929 539 4010 hypothesis,
575 3947 627 3989 seu
651 3928 780 4006 simplex
804 3947 857 3988 seu
881 3927 1064 4006 composita,
1099 3948 1174 4007 quae
1205 3947 1265 3989 uon
1287 3929 1476 4007 peculiarem
1499 3936 1529 3991 et

162 4020 200 4080 ab
225 4019 362 4081 omnibus
386 4019 454 4079 aliis
480 4023 652 4096 separatam
687 4024 777 4095 atque
808 4016 996 4078 differentem
1027 4016 1068 4076 sit
1092 4017 1262 4078 exhibitura
1292 4018 1527 4082 conclusionem.

161 4110 241 4171 Nam
264 4107 290 4170 si
312 4108 343 4169 in
367 4106 559 4186 geometricis
584 4105 699 4165 duabus
722 4104 943 4184 hypothesibus
968 4105 1174 4166 conclusiones
1197 4105 1377 4181 coincidant,
1404 4106 1434 4168 in
1449 4108 1527 4188 phy-

161 4197 233 4259 sicis
257 4206 359 4259 tamen
384 4195 534 4276 quaelibet
568 4192 693 4269 habebit
720 4212 807 4253 suam
835 4193 1017 4270 peculiarem
1049 4194 1253 4272 appendicem.
1302 4193 1365 4256 Sed
1390 4197 1464 4275 quia
1491 4195 1528 4256 ab

161 4287 325 4348 artificibus
350 4285 403 4346 illa
425 4284 456 4345 in
480 4282 615 4364 physicis
639 4281 775 4342 varietas
800 4300 857 4341 non
884 4300 1002 4360 semper
1025 4283 1210 4343 considerari
1235 4283 1324 4358 solet,
1349 4283 1454 4364 illique
1470 4282 1528 4363 ipsi

160 4376 282 4457 saepius
313 4372 514 4452 cogitationes
543 4389 613 4431 snas
642 4370 723 4431 iutra
751 4370 933 4447 geometriae
957 4372 1006 4431 vel
1031 4371 1232 4431 astronomiae
1262 4371 1407 4433 terminos
1442 4372 1534 4447 cohi·‚

159 4465 234 4526 bent
260 4464 349 4543 inque
373 4481 433 4522 una
461 4461 563 4540 aliqua
592 4458 720 4519 scientia
753 4458 789 4518 de
814 4459 1049 4537 aequipollentia
1079 4460 1290 4541 hypothesium
1315 4459 1525 4541 quaestionem

158 4553 337 4621 instituunt,
362 4548 546 4629 posthabitis
571 4547 698 4609 diversis
722 4547 869 4626 sequelis,
907 4566 982 4626 quae
1007 4556 1146 4627 respectu
1170 4547 1304 4609 affinium
1329 4548 1525 4612 scientiarum

157 4642 337 4705 ventilatam
353 4637 618 4720 aequipollentiam
629 4635 797 4697 diminuunt
812 4643 843 4696 et
854 4632 1027 4697 destruunt:
1052 4645 1181 4715 purast,
1202 4645 1236 4697 ut
1249 4657 1305 4699 nos
1321 4656 1439 4718 quoqne
1459 4657 1527 4700 ser·

158 4750 276 4796 monem
299 4739 331 4793 et
354 4729 580 4810 responsionem
602 4732 737 4786 nostram
761 4724 799 4786 ad
823 4723 954 4804 ipsorum
970 4725 1109 4806 loquendi
1124 4744 1236 4789 morem
1253 4727 1525 4791 accommodemus.
