3366 5482
643 219 646 225 ’
754 203 948 272 &sulm
1319 224 1321 228 ’
1463 205 1526 277 ltr

160 361 315 431 andans
337 385 359 429 a
382 365 493 440 Tarra,
522 383 599 445 quae
624 364 791 429 Ptolemaei
822 367 923 431 seculo
952 374 985 428 et
1012 384 1088 447 qnae
1115 372 1220 431 nostro
1248 365 1387 442 luerunt,
1418 370 1524 433 eodem

159 453 308 516 deducere
332 461 425 534 etque
449 472 488 517 ex
509 454 643 534 utrisque
669 454 795 517 eandem
810 476 829 518 a
844 454 915 518 Sole
931 455 1188 518 eccentricitatem
1204 455 1392 522 concludere.
1412 457 1523 539 ¹Atqui

160 542 309 605 calculum
331 541 475 615 consule,
504 542 621 604 videbis
645 544 700 604 hoc
724 563 801 618 non,
831 553 865 607 ut
888 564 944 624 par
967 553 1049 619 erat,
1081 543 1153 606 fieri.
1201 543 1418 625 Discrepantes
1443 547 1523 610 enirn

158 631 287 694 invicem
320 631 501 710 provenient
532 632 626 694 etiam
658 630 776 709 dqqtros
808 634 1062 696 eccentricitates.
1109 633 1194 694 Idem
1222 633 1258 695 de
1287 633 1361 696 locis
1391 630 1523 714 doqhne

158 719 272 783 dictum
296 729 380 789 esto,
405 720 475 800 qnia
498 721 572 783 haec
596 729 700 782 mutuo
724 740 860 784 connexa
883 731 963 786 sunt.
1010 723 1113 801 Atque
1137 720 1192 782 hoc
1217 741 1304 784 uuum
1328 731 1385 786 est.

246 808 366 871 Deinde
391 807 480 872 laeile
504 809 655 890 colligitur
678 828 715 871 ex
738 819 864 890 aspectu
888 807 1020 884 tabulae,
1045 829 1112 873 cum
1134 810 1333 889 inaequaliter
1356 812 1523 892 procedant

157 904 192 960 et
212 896 326 976 ἀφηλια
348 906 381 960 et
403 896 534 976 dnoyarn,
560 918 701 978 magnam
724 900 793 962 inde
817 919 959 962 successu
983 900 1151 963 seculorum
1175 899 1354 962 exstituram
1376 899 1522 982 irrumpo·

157 1007 252 1064 mes
282 986 504 1050 diversitatem.
555 988 653 1050 Hodie
683 986 809 1051 Saturni
841 996 873 1052 et
901 989 1030 1051 Telluris
1063 989 1183 1051 absides
1216 1006 1309 1068 prope
1342 990 1520 1068 conjunctae

157 1083 238 1149 sunt,
263 1094 357 1156 quare
380 1075 501 1154 integra
525 1076 654 1139 Telluris
678 1077 904 1140 eccentricitate
929 1077 1025 1139 minor
1048 1086 1097 1139 est
1121 1076 1245 1140 Saturni
1269 1097 1289 1138 a
1312 1087 1414 1140 centro
1439 1077 1519 1143 orbis

157 1164 335 1238 Terrestris,
360 1183 449 1246 quam
473 1186 492 1226 a
515 1163 598 1239 Sole,
623 1167 780 1229 distantia.
826 1167 886 1230 Ubi
911 1168 1077 1247 quadrante
1101 1165 1277 1240 distiterint,
1303 1166 1439 1247 aequalis
1463 1166 1521 1230 erit

158 1261 285 1332 utraque
309 1261 342 1315 et
367 1275 387 1315 a
410 1252 481 1316 Sole
510 1262 541 1314 et
569 1275 588 1315 a
612 1256 719 1328 Terra,
753 1264 870 1318 crescet
898 1276 1004 1336 nempe
1029 1254 1195 1336 Oopemico
1224 1274 1281 1316 sua
1308 1255 1519 1318 eccentricitas

156 1340 304 1405 Saturnia
327 1361 422 1423 nsque
445 1343 515 1404 dum
539 1354 729 1421 opponentur
752 1344 880 1407 invicem
900 1344 1022 1406 Saturni
1046 1352 1078 1405 et
1097 1343 1226 1406 Telluris
1250 1343 1382 1406 absides.
1422 1341 1519 1417 Quem

157 1431 197 1493 ad
218 1438 362 1493 eventum
385 1431 444 1493 etsi
468 1432 593 1493 mundus
619 1452 675 1493 non
701 1432 839 1495 durabit:
870 1443 970 1496 tamen
1000 1435 1026 1495 si
1053 1435 1190 1513 perfecta
1214 1441 1298 1495 esset
1320 1432 1517 1510 astronomia,

157 1519 234 1583 tales
259 1519 392 1581 debebat
418 1519 601 1600 hypotheses
630 1540 790 1599 usurpare,
825 1541 902 1603 quae
931 1523 1017 1603 qnasi
1046 1532 1168 1584 aeterno
1197 1520 1306 1583 mundo
1334 1521 1516 1584 sufficerent

155 1607 251 1687 Atqui
274 1607 349 1670 nihil
372 1609 476 1671 horum
500 1619 603 1671 monet
625 1630 720 1690 neque
744 1609 928 1689 Copernicns
952 1630 1047 1692 neque
1070 1610 1291 1672 Rheinholdus.
1333 1607 1402 1671 Non
1425 1609 1518 1688 igitur

157 1696 369 1774 perfectissimi
393 1704 464 1759 sunt
487 1716 588 1759 eorum
612 1699 740 1773 numeri,
770 1719 865 1780 neque
890 1700 1024 1779 integras
1048 1700 1237 1779 planetarum
1260 1698 1407 1777 sphaeras
1430 1698 1516 1760 nobis

157 1784 323 1866 explicant,
349 1786 456 1866 quibus
480 1786 547 1847 illos
571 1806 657 1849 seros
680 1797 779 1850 motus
803 1789 940 1850 accidere
963 1807 1053 1866 posse
1078 1787 1293 1868 intelligamus.

243 1874 328 1937 llaec
351 1883 385 1936 et
406 1875 576 1955 hujusmodi
603 1876 714 1938 similia
741 1896 807 1938 cunr
835 1897 881 1939 me
910 1877 1041 1939 nonnihil
1074 1877 1307 1946 conturbarent,
1340 1882 1431 1955 atque
1460 1893 1516 1955 ego

156 1963 310 2027 haererem
337 1964 424 2043 inops
452 1964 582 2038 consilii,
618 1965 703 2045 quasi
737 1966 787 2045 qui
820 1966 965 2046 disjectas
994 1965 1157 2028 autumatis
1188 1965 1304 2028 rotulas
1328 1964 1357 2025 in
1382 1962 1515 2029 ordinem

154 2052 293 2131 redigere
316 2054 429 2129 nescit,
460 2053 643 2115 Maestliuus
667 2074 713 2115 me
737 2056 924 2130 consolatus,
954 2055 1012 2116 imo
1036 2055 1213 2116 dehortatus
1237 2062 1285 2115 est
1308 2051 1346 2113 ab
1369 2051 1416 2113 his
1441 2051 1514 2115 sub-

151 2140 339 2205 tilitatibus:
369 2143 437 2204 Non
455 2160 546 2221 posse
566 2161 630 2217 nos,
655 2143 768 2222 ajebat,
793 2164 897 2207 omnes
921 2153 1046 2205 naturae
1071 2144 1229 2205 thesauros
1254 2140 1431 2204 exhaurire:
1457 2158 1515 2201 non

148 2230 332 2293 merendum
357 2250 424 2292 esse
449 2231 560 2293 malum
583 2231 659 2293 hene
688 2233 860 2295 conditum:
886 2241 917 2294 et
940 2233 1127 2295 tolerandam
1152 2231 1260 2311 potius·
1277 2238 1366 2310 atque
1391 2238 1514 2291 susten-

142 2317 277 2383 eandam
300 2319 499 2382 levaminihus
523 2319 700 2400 quibusdam
725 2321 801 2384 hanc
824 2321 917 2384 veluti
941 2329 1095 2400 rupturam
1114 2319 1234 2382 humani
1254 2318 1398 2398 corporis,
1425 2336 1513 2398 quam

142 2415 186 2471 mt
208 2414 273 2469 mm
295 2408 449 2488 exquisita
471 2417 611 2470 anatome
640 2409 818 2488 conjiciatur
844 2430 937 2490 aeger
964 2412 993 2472 in
1021 2409 1301 2491 praesentissimum
1325 2406 1406 2468 vitae
1430 2406 1512 2485 peri-

142 2496 260 2559 culum.
299 2495 479 2559 Prolerebat
502 2496 572 2558 mihi
596 2500 764 2577 exemplum
787 2499 919 2571 Rhetioi,
943 2518 1102 2580 curamque
1127 2498 1191 2576 ejus
1215 2498 1253 2559 ad
1278 2514 1405 2575 unguem
1429 2513 1513 2557 meae

142 2583 292 2647 similiter
320 2586 471 2647 cenosam
500 2595 530 2648 et
559 2586 765 2666 increpantem
795 2608 848 2667 pro
878 2608 910 2651 se
936 2586 1144 2669 Cupernicum.
1191 2585 1333 2666 Epistola
1356 2591 1405 2645 est
1426 2582 1512 2646 Rhe·

142 2673 205 2735 tici
226 2673 422 2752 Ephemeridi
451 2675 521 2736 anni
548 2671 628 2738 1551
661 2677 809 2754 praelixa,
841 2697 917 2758 quae
946 2678 1016 2756 quia
1043 2696 1102 2739 non
1130 2676 1244 2756 passim
1273 2683 1323 2736 est
1350 2671 1452 2746 obvia,
1483 2678 1514 2732 et

142 2768 250 2824 tntum
273 2763 330 2825 hoc
353 2773 445 2842 caput
468 2763 571 2824 multis
595 2764 669 2825 locis
697 2764 818 2827 mirifice
842 2767 950 2845 juvat,
983 2767 1147 2846 praecipua
1173 2765 1243 2827 inde
1271 2782 1324 2842 pro
1349 2761 1512 2842 colophone

142 2849 219 2914 huic
243 2851 336 2930 capiti
361 2852 551 2930 subjungam.
590 2851 642 2914 Sic
662 2853 753 2932 igitur
767 2853 915 2917 Rheticus
936 2855 974 2916 ad
998 2856 1142 2918 lectorem
1162 2855 1239 2915 inter
1259 2860 1381 2912 cetera:
1412 2847 1513 2923 „Sues

142 2948 252 3001 autem
277 2938 495 3019 (Gopernicus)
520 2941 734 3019 exquisitiones
757 2943 934 3013 mediocres,
959 2963 1018 3005 non
1041 2943 1148 3007 nimias
1173 2961 1240 3003 esse
1262 2939 1367 3002 voluit.
1405 2940 1512 3018 ltaque

142 3030 307 3101 =ousnlto,
335 3048 395 3091 non
428 3029 538 3090 inertia
571 3038 624 3091 aut
651 3031 752 3092 taedio
782 3032 1010 3112 defatigationis
1039 3052 1091 3092 eas
1120 3028 1367 3093 comminutiones
1392 3025 1511 3099 vitarit,

142 3135 225 3197 quas
248 3118 382 3179 nonnulli
407 3118 498 3178 etiam
522 3120 720 3193 affectarunt,
752 3131 782 3181 et
809 3129 878 3182 sunt
903 3122 952 3200 qui
980 3121 1123 3199 exigant,
1153 3118 1250 3199 qualis
1275 3124 1324 3178 est
1347 3113 1509 3176 Purbachii

142 3225 180 3267 :11
198 3206 357 3285 eclipsium
380 3207 493 3268 tabulis
512 3208 676 3270 subtilitas.
713 3209 828 3271 Videas
849 3219 949 3271 autem
974 3210 1120 3289 quosdam
1143 3209 1172 3270 in
1197 3207 1244 3268 his
1268 3224 1386 3266 omnem
1409 3222 1510 3265 curam

142 3311 269 3371 ponere,
295 3304 328 3357 ut
351 3297 439 3374 plane
464 3297 638 3375 scrupulose
663 3298 730 3359 loca
752 3298 883 3361 siderum
905 3307 1083 3372 scrutentur,
1110 3299 1158 3378 qui
1183 3297 1252 3357 dum
1275 3292 1456 3355 secundanis
1480 3302 1511 3352 et

142 3383 301 3457 tenianis,
326 3385 493 3464 quartanis,
519 3386 670 3464 quintanis
694 3387 825 3449 minutiis
850 3388 976 3462 inhiant,
1002 3387 1136 3467 integras
1151 3384 1273 3446 interim
1291 3391 1395 3462 partes
1418 3399 1509 3460 prae·

142 3481 270 3534 tereunt
300 3491 396 3552 neque
420 3474 603 3552 respiciunt;
637 3482 669 3536 et
691 3476 721 3536 in
746 3477 904 3538 momentis
928 3498 986 3538 soor
1010 3497 1193 3553 anronasor
1216 3492 1307 3553 saepe
1330 3470 1426 3544 horis,
1451 3488 1510 3530 nou

142 3560 242 3621 aaran
264 3581 415 3641 nunquam
438 3562 544 3624 diebus
571 3565 645 3624 totis
674 3564 827 3626 aberrant.
875 3567 940 3627 Hoc
969 3565 1107 3627 nimirum
1134 3573 1200 3632 est,
1234 3562 1312 3643 quod
1340 3561 1371 3621 in
1400 3556 1509 3620 fabulis
1598 3581 1600 3583 ’

142 3646 309 3730 Aesopicis
332 3650 367 3712 fit
389 3650 427 3712 ab
451 3670 496 3724 eo,
523 3653 571 3730 qui
595 3654 694 3731 jussus
718 3652 825 3715 hovem
848 3655 992 3716 amissum
1015 3655 1172 3727 reducere,
1199 3653 1268 3713 dnm
1292 3648 1417 3711 aviculis
1441 3646 1508 3726 qui·

142 3734 274 3801 busdam
297 3740 459 3819 captandis
483 3741 603 3814 studet,
637 3761 732 3822 neque
761 3743 808 3803 his
839 3743 953 3823 potitur
986 3751 1018 3805 et
1049 3743 1126 3804 bove
1158 3743 1250 3803 etiam
1272 3740 1339 3818 ipso
1362 3737 1508 3815 privatur.

142 3820 303 3889 Recordor
327 3848 395 3891 cum
419 3836 451 3890 et
474 3829 538 3910 ipse
557 3831 685 3907 juvenili
710 3832 886 3893 curiositate
911 3832 1097 3911 impellebar,
1123 3840 1154 3893 et
1178 3828 1264 3910 quasi
1288 3827 1317 3887 in
1341 3823 1511 3905 penetralia

144 3910 279 3980 siderum
306 3918 464 3997 pervenire
493 3919 659 3998 cupiebam.
707 3920 813 4002 ltaque
847 3921 882 3981 de
915 3921 973 3982 hac
1006 3919 1203 4000 exquisitione
1234 3914 1384 3979 interdurn
1417 3911 1510 3974 etiam

148 3999 270 4067 rixabar
293 4027 362 4069 cum
385 4008 497 4087 optimo
521 4017 553 4068 et
576 4008 706 4070 maximo
721 4009 785 4071 viro
802 4007 978 4089 (lopernico.
1017 4007 1079 4072 Sed
1102 4009 1164 4078 ille,
1188 4026 1253 4068 curn
1278 4004 1396 4086 quidem
1420 4000 1511 4063 animi

156 4092 216 4153 mei
233 4094 360 4159 honesta
383 4096 548 4175 cupiditate
574 4099 792 4171 delectaretur,
824 4099 907 4160 molli
935 4098 1057 4161 brachio
1082 4098 1241 4177 objurgare
1265 4113 1311 4155 me
1341 4100 1372 4154 et
1393 4090 1509 4153 hortari

162 4178 282 4258 solebat,
312 4195 346 4247 nt
370 4204 491 4248 manum
515 4187 608 4248 etiam
631 4187 668 4249 de
692 4187 798 4249 tabula
826 4187 933 4250 tollere
959 4187 1122 4249 discerem:
1160 4184 1246 4264 Ego,
1276 4181 1391 4263 inquit,
1421 4180 1448 4241 si
1472 4179 1510 4241 ad

166 4276 315 4341 manes.
340 4292 418 4354 quae
443 4285 514 4335 sunt
536 4276 677 4354 scrupula
700 4277 813 4349 decem,
839 4277 999 4338 veritatem
1019 4275 1167 4337 adducere
1189 4281 1305 4353 potero,
1330 4289 1389 4333 nun
1412 4267 1509 4330 minus

171 4357 291 4423 exultabo
315 4362 433 4437 animle,
458 4383 547 4443 quam
571 4364 688 4426 ratione
712 4385 835 4426 normae
859 4374 981 4444 reperta
999 4365 1204 4445 Pythagoram
1228 4361 1408 4440 accepimus.
1447 4355 1510 4417 Mi-

173 4444 248 4508 ltute'
269 4471 315 4514 me
344 4460 376 4513 et
406 4452 601 4514 annitendum
629 4472 698 4515 esse
727 4455 764 4514 ad
789 4455 921 4516 certiora
944 4454 1082 4528 dicente,
1115 4453 1172 4514 buc
1197 4449 1314 4531 quidem
1339 4466 1404 4509 cum
1429 4444 1509 4506 diffi-

175 4530 264 4598 ruhte
286 4542 379 4603 etiam
402 4548 581 4620 perventum
605 4543 639 4604 iri
660 4537 903 4616 demonstrabat,
928 4562 994 4605 cum
1019 4542 1096 4617 aliis,
1122 4548 1184 4603 tum
1201 4539 1296 4601 tribus
1319 4535 1509 4616 potissimum

177 4612 321 4690 decausis.
359 4629 475 4692 Hamm
499 4629 627 4711 primam
651 4651 720 4692 esse
744 4632 856 4711 ajebat,
883 4632 961 4711 quod
981 4631 1243 4702 animadverteret,
1268 4625 1428 4706 plerasque
1452 4620 1508 4683 ob-

178 4715 338 4780 sanationes
352 4727 491 4783 veterum
510 4720 646 4782 sinceras
667 4738 725 4781 non
741 4740 818 4796 esse,
844 4722 898 4783 sed
922 4721 1165 4783 accommodatas
1190 4716 1229 4778 sd
1254 4732 1320 4777 eam
1343 4711 1509 4774 doctrinam
