3366 5482
115 207 218 322 a,
768 164 929 304 inam.

163 417 235 491 dis,
269 415 403 478 adhibito
431 414 578 486 Herculeo
607 414 719 493 lapide.
765 413 808 475 Et
829 423 930 476 tamen
954 413 1043 475 hodie
1066 411 1154 474 modo
1177 411 1249 473 mihi
1271 418 1375 474 uatum
1398 421 1447 473 est
1470 412 1525 474 hoc

172 505 346 581 consilinm,
381 525 448 567 cras
477 504 606 566 fortasse
635 502 816 583 displicebit.
863 502 1083 583 Longitudines
1111 520 1148 561 ex
1179 500 1337 581 posteriori
1360 500 1525 581 capiendae

172 603 261 657 eruut
293 613 331 656 ex
362 594 479 656 ratione
512 592 677 655 itineraria.
726 589 868 677 Ceterum
896 593 1005 673 vulgus
1021 591 1217 653 ‘minutiomm
1238 607 1382 671 pagorum
1407 608 1444 650 ex
1467 609 1525 650 nu-

171 703 254 755 mero
277 676 420 765 passuum
442 681 472 744 iu
495 683 594 763 plano,
623 698 660 741 ex
682 688 844 762 prospectu
867 674 1055 763 fastigiorum
1077 680 1108 740 in
1131 679 1203 741 altis
1222 678 1373 740 montibus
1396 678 1523 757 capiam,

172 782 206 837 ut
235 765 454 846 Monsterus')
487 773 586 841 docet.
632 769 698 834 Nec
720 781 793 851 puto
820 771 1034 849 'necessariam‘
1058 769 1148 830 ullam
1172 770 1209 830 de
1233 768 1387 847 superficie
1412 768 1523 850 ephae-

171 862 236 925 ri'ca
257 861 472 942 cogitationem
496 861 525 922 in
549 861 689 940 regione,
717 859 803 939 cujus
836 867 885 922 est
917 860 996 940 long.
1029 856 1087 933 40,
1118 859 1172 920 lat.
1197 854 1241 920 20
1272 858 1321 918 rel
1344 854 1387 920 30
1409 856 1524 919 millis-

170 951 257 1013 rium.
313 952 397 1013 Haec
426 949 495 1032 quin
525 949 687 1012 scriberem
714 949 878 1032 praeterire
911 968 968 1011 non
1000 947 1094 1028 potui.
1142 946 1232 1009 Vale.
1279 941 1331 1008 20.
1366 943 1418 1009 30.
1452 943 1525 1008 Oct.

169 1060 217 1103 an.
246 1035 365 1104 1595.Δ
661 1082 664 1086 2
931 1102 936 1111 ,

624 1127 714 1193 num.
739 1125 774 1187 T.
799 1123 999 1190 (iratissimus
1023 1126 1097 1188 disc.
1209 1200 1212 1204 ¹
1414 1164 1419 1169 -

1161 1211 1208 1274 Μ.
1232 1210 1283 1274 Jo.
1307 1209 1435 1294 Kepler.

173 1404 175 1409 »
230 1371 432 1425 =h1sestlinus
449 1373 616 1438 responditd
637 1370 679 1421 272
699 1373 770 1424 Febr.
790 1391 813 1425 r.
833 1372 870 1426 St.
894 1371 961 1423 lbllss
980 1371 1103 1436 (Hauseh.
1121 1387 1145 1436 p.
1164 1368 1283 1433 4-1r):

240 1444 343 1505 Quoties
362 1446 393 1496 de
411 1447 460 1496 tuis
479 1444 742 1503 demonstrationibus,
766 1446 860 1517 quihus·
872 1445 1000 1510 Goperniei
1018 1445 1166 1508 hypotheses
1184 1457 1201 1492 a
1218 1445 1290 1507 priori
1308 1443 1450 1492 doctissime
1466 1458 1522 1506 pro·

168 1518 231 1574 bus,
256 1518 355 1582 cogito,
380 1517 538 1571 vehementer
555 1517 615 1566 mihi
634 1517 752 1582 gramine,
771 1518 835 1581 quod
852 1519 955 1568 taudem
973 1518 1061 1581 uliquis
1080 1518 1115 1565 rir
1132 1516 1219 1565 doctus
1236 1515 1393 1572 inveniatur,
1421 1517 1462 1579 qui
1481 1516 1522 1564 isti

167 1588 358 1652 imprudentium
375 1589 605 1642 mathematicomm
623 1588 711 1637 turbae
730 1588 768 1638 his
781 1588 909 1653 Ceperuici
927 1588 1103 1652 hypothesibus
1121 1586 1303 1650 obloquentium
1323 1600 1366 1636 ors
1379 1586 1521 1636 obtundere

168 1661 251 1710 sudet
289 1659 366 1725 quue
383 1666 455 1710 tanto
472 1661 565 1725 magis,
594 1659 658 1725 quod
683 1660 759 1709 etiem
778 1666 895 1711 creatoris
914 1661 1041 1710 consilium
1060 1662 1085 1709 iu
1103 1657 1187 1707 muudi
1205 1660 1330 1707 creatione
1347 1659 1467 1721 patescit:
1497 1664 1522 1707 st

168 1731 232 1797 quod
250 1731 409 1796 sphaerarum
429 1732 563 1789 dimensio,
582 1746 646 1796 qnae
664 1734 764 1780 summis
783 1733 932 1792 artificibus,
959 1733 1003 1795 ipsi
1022 1746 1117 1796 quoque
1137 1728 1270 1792 Cuperuico
1289 1745 1332 1793 pro
1351 1729 1522 1792 computandis

144 1802 427 1868 ,prosshaphssreribm
445 1804 596 1853 solummodo
615 1818 631 1853 a
649 1804 775 1866 posteriori
793 1819 837 1868 per
855 1805 1036 1855 obseruationes
1055 1798 1199 1867 indaganda
1208 1801 1271 1859 init.
1286 1803 1341 1864 jam
1354 1815 1370 1850 a
1382 1801 1454 1864 priori
1468 1800 1520 1849 adi·

166 1881 220 1924 tum
236 1874 391 1940 patefactum
407 1874 499 1924 hahere
517 1875 621 1924 ridetur.
657 1873 759 1924 Interim
786 1882 871 1925 tamen
897 1876 954 1924 dum
980 1875 1011 1925 de
1031 1875 1079 1924 tuis
1102 1873 1209 1921 numeris
1227 1871 1300 1934 paulo
1319 1871 1460 1937 diligentius
1479 1886 1520 1921 co·

165 1947 226 2011 gito,
243 1945 314 1996 rideo
333 1959 394 1996 saue
412 1947 438 1995 iu
456 1955 584 2009 corporum
601 1945 750 2011 regularium
769 1948 877 1996 numeris
894 1946 955 1996 nihil
974 1946 1122 2003 desiderari,
1146 1949 1174 1992 st
1192 1945 1218 1992 in
1236 1945 1343 1993 numeris
1361 1943 1521 2007 sphaerarum

158 2016 248 2067 muudi
265 2015 336 2067 rideo
355 2024 381 2066 te
405 2018 558 2081 potissimum
586 2030 700 2066 numeros
727 2031 799 2067 meae
822 2017 931 2068 tsheilse
953 2025 1064 2067 secutum
1083 2030 1153 2073 esse,
1180 2021 1206 2063 et
1224 2028 1255 2064 ea
1273 2029 1337 2079 quae
1355 2016 1431 2063 totius
1447 2013 1521 2078 hujus

163 2084 256 2152 negotii
274 2088 410 2152 praecipua
427 2095 493 2147 sunt,
511 2087 569 2141 iude
587 2088 745 2138 exstruxisse.
783 2089 929 2138 Existimari
947 2097 1040 2141 autem.
1060 2103 1107 2137 uec
1127 2086 1198 2136 aliter
1212 2085 1271 2135 mihi
1282 2086 1431 2150 persuadere
1443 2086 1521 2150 potui,

162 2165 298 2223 autequam
316 2157 363 2209 hcc
380 2159 461 2222 ipsum
479 2158 543 2214 ridi,
567 2167 592 2208 te
610 2159 665 2206 illos
678 2160 888 2222 magnitudinum.
899 2159 1059 2224 sphaerarum
1077 2173 1190 2208 numeros
1209 2157 1246 2206 rel
1265 2172 1295 2208 ex
1313 2159 1365 2222 ipso
1384 2157 1520 2222 Copemiec

164 2226 201 2293 (in
221 2231 291 2292 cujus
308 2230 414 2280 leudone
432 2235 459 2280 te
474 2229 571 2293 optime
590 2235 715 2279 uersatum
733 2244 787 2280 esse
806 2226 927 2295 agnosco)
946 2230 984 2279 vel
1003 2246 1033 2280 ex
1051 2229 1201 2280 resolutione
1214 2243 1368 2278 umnerorum
1381 2228 1521 2278 tabularum

161 2298 350 2353 Pruteulcarum
377 2302 501 2351 sumsisse.
537 2300 631 2350 Verum
658 2304 758 2364 praeter
784 2304 994 2365 exspectationem
1019 2308 1107 2351 contra
1134 2300 1204 2349 rideo
1228 2300 1322 2349 iachim
1341 2314 1404 2350 esss.
1440 2300 1519 2349 iuter·

163 2373 262 2422 mittere
284 2373 362 2438 igitur
383 2386 433 2422 nou
458 2373 541 2437 potui,
571 2373 629 2437 quin
652 2379 678 2421 te
696 2371 744 2422 hac
763 2373 868 2436 epistola
885 2388 1024 2432 monerem,
1054 2372 1169 2422 videlicet
1186 2371 1250 2434 quod
1267 2372 1302 2420 iili
1320 2370 1520 2425 tabelisameua

162 2440 249 2509 (quam
267 2451 327 2494 ante
344 2443 435 2494 multos
455 2459 534 2501 anuos
552 2439 696 2512 conscripsi)
717 2445 812 2494 uumeri
831 2460 861 2494 ex
878 2446 931 2508 ipso
944 2442 1080 2509 Ceperuico
1098 2443 1240 2493 immediate
1259 2444 1392 2507 exscripti,
1410 2459 1459 2493 non
1481 2444 1520 2492 in-

161 2521 287 2580 tegrarum
305 2513 466 2578 sphaerarum
483 2513 668 2580 magnitudines
686 2515 817 2578 explicent,
837 2516 881 2567 sed
899 2516 1055 2581 planetarum
1074 2522 1173 2565 tautum
1191 2512 1323 2564 distendas
1342 2529 1359 2564 a
1377 2519 1462 2566 centro
1481 2529 1519 2563 or-

160 2586 198 2636 bis
215 2587 303 2651 msgm
319 2585 438 2636 habeant.
475 2585 511 2636 Ut
528 2602 550 2634 ι.
570 2601 594 2650 g.
614 2581 710 2653 dumi}
735 2588 761 2636 iu
780 2601 891 2653 apogaec
910 2589 1044 2638 ecceutrici
1061 2586 1099 2635 sui
1119 2586 1196 2636 distat
1215 2599 1231 2634 s
1249 2579 1333 2636 centro
1352 2586 1415 2636 orbis
1434 2587 1520 2654 magui

162 2652 194 2705 ⁰⁰
211 2651 265 2715 42‘,
285 2657 394 2721 qualium
413 2657 596 2708 semidiameter
613 2658 677 2707 orbis
695 2659 780 2724 magui
799 2665 912 2724 estpars
930 2674 998 2717 uua3
1026 2672 1109 2708 rerum
1126 2659 1180 2721 ipse
1198 2653 1218 2725 ᾖ
1237 2665 1290 2707 tum
1307 2659 1332 2707 in
1352 2658 1464 2721 epicyclii
1482 2659 1520 2707 sui

160 2729 277 2794 perigaeo
296 2734 343 2778 est.
379 2728 445 2794 Ergo
464 2742 603 2794 apogsemu
622 2730 731 2792 ejusdem
749 2738 802 2780 tum
820 2730 897 2779 multo
921 2731 995 2781 sitim
1014 2730 1093 2780 abest
1130 2727 1223 2780 Contu
1240 2728 1282 2787 fit,
1309 2731 1331 2778 si
1354 2731 1378 2778 iu
1402 2731 1519 2795 perigaso

162 2800 296 2852 ”contriti
314 2801 353 2849 sit
391 2799 465 2861 Quod
482 2801 503 2849 si
520 2816 564 2864 pro
582 2802 793 2865 ecceutrepicyclo
812 2808 952 2852 msumatnr
970 2808 1098 2852 occeutrus
1117 2796 1234 2858 ecceutri,
1254 2800 1291 2849 vel
1303 2801 1423 2864 -epicyclii
1436 2802 1518 2865 episy-

162 2871 224 2930 ulus,
243 2871 298 2935 pari
315 2871 388 2921 medo
406 2886 446 2921 res
464 2886 491 2922 se
509 2871 618 2921 habebit
656 2873 692 2922 At
709 2875 803 2923 numeri
821 2875 858 2922 tui
876 2867 994 2923 videntur*
1007 2888 1077 2932 eam,
1097 2885 1161 2937 qnae
1180 2879 1219 2921 est
1236 2871 1393 2936 planetarum
1410 2873 1520 2923 maxims

162 2949 189 2993 tt
205 2942 309 2992 minima
326 2956 344 2993 a
362 2950 446 2993 centm
465 2944 529 2992 orbis
547 2940 632 3009 magui
651 2944 785 3001 distmm,
803 2960 847 3009 pro
864 2944 920 3008 ipsa
937 2944 1058 3008 sphaerae
1076 2943 1183 3008 ipsorum
1199 2944 1370 3009 magnitudine
1389 2945 1519 3008 accipere:

161 3027 218 3064 eum
236 3019 322 3065 umen
341 3027 380 3072 ea,
400 3017 450 3064 sire
468 3019 568 3078 propter
585 3022 728 3066 scceutrum
746 3017 855 3077 eccentri
876 3017 926 3064 sire
946 3015 1183 3078 eccentrepieycium
1201 3015 1239 3065 rel
1257 3014 1370 3079 epicyriii
1383 3015 1520 3080 epicycium

160 3085 239 3136 multo
256 3087 293 3140 sit.
306 3081 393 3149 major.
430 3085 466 3136 Ut
487 3086 584 3136 interim
608 3086 639 3136 de
663 3087 717 3136 aliis
740 3086 885 3138 latitudines
908 3086 1101 3152 gubernantibus
1123 3086 1221 3137 orbibus
1239 3086 1299 3136 uihil
1317 3087 1407 3137 dicam.
1445 3086 1520 3136 Porro

162 3170 209 3223 ego
228 3155 302 3207 illam·
315 3166 397 3207 meam
415 3157 527 3209 tabulam
545 3157 603 3214 olim
622 3159 767 3222 conscripsi,
788 3165 816 3208 ut
834 3158 937 3211 etmihi
955 3164 982 3207 et
998 3159 1066 3218 aliis,
1085 3160 1171 3223 quibus
1190 3173 1245 3210 esur
1260 3159 1442 3222 inspiciendam
1460 3171 1518 3210 con·

161 3229 241 3287 cessi,
267 3228 410 3292 adjumento
430 3236 507 3290 emet,
534 3227 664 3298 Cuperuici
679 3230 734 3279 illus
751 3226 865 3281 uumerus
883 3227 956 3296 (quos
974 3230 1064 3280 retinui
1082 3227 1178 3292 omues)
1196 3230 1292 3294 plenius
1310 3230 1475 3296 cognoscendi
1494 3234 1520 3280 et

160 3299 322 3350 incitamento
341 3300 440 3350 eosdem
459 3300 541 3365 quoad
558 3300 612 3350 fieri
629 3307 723 3364 potest,
742 3301 844 3365 ulterius
862 3299 1018 3362 extendendi,
1038 3316 1085 3351 uec
1102 3316 1152 3350 nou
1170 3301 1342 3358 examinandi,
1360 3301 1519 3366 quemadmo-

163 3370 221 3420 dum
241 3386 272 3421 ex
289 3377 360 3434 purte
377 3372 415 3421 his
432 3370 537 3436 pagellis
555 3370 680 3434 adjunctis
700 3386 716 3421 a
733 3387 773 3422 me
790 3373 884 3422 iactum
902 3373 984 3422 ridere
1002 3381 1081 3436 potes.
1119 3371 1189 3433 Quas
1215 3385 1298 3422 coram
1319 3373 1364 3421 tibl
1381 3379 1520 3422 monstrare

160 3443 246 3500 malui,
264 3442 309 3492 sed
327 3443 386 3507 quia
404 3443 495 3492 ἀιιιὶιιι
513 3457 587 3508 quam
606 3443 726 3506 opinabar
743 3445 817 3500 abes,
846 3446 948 3509 etquis
966 3450 991 3493 te
1009 3445 1108 3494 iuterim
1125 3446 1151 3493 in
1169 3444 1313 3494 adornando
1331 3443 1520 3510 scripto,·qnod

161 3515 226 3577 typis
245 3513 387 3576 excudatur,
405 3513 519 3565 laborare
537 3513 663 3579 intelligo,
682 3514 738 3564 ideo
757 3529 801 3565 eas
819 3515 853 3566 sd
870 3522 896 3565 te
913 3516 1011 3565 mittere
1029 3515 1106 3575 volni,
1125 3523 1153 3565 ut
1171 3517 1207 3565 eis
1225 3511 1342 3578 inspectis
1360 3529 1445 3566 meam
1462 3531 1519 3567 ssu·

161 3585 268 3635 mutiam
285 3585 316 3634 de
336 3585 458 3637 dstautds
476 3586 570 3636 orbium
587 3587 678 3635 rectius
695 3587 844 3650 perciperes,
862 3601 910 3637 neo
923 3589 1042 3650 ‚praecoci
1059 3587 1217 3637 festinatione
1236 3588 1392 3638 occasionem
1409 3586 1518 3637 nonnul·

160 3656 190 3706 lis
216 3663 242 3706 et
269 3663 340 3705 tuum
365 3659 483 3721 scriptum
508 3665 535 3707 et
556 3671 597 3705 me
621 3653 752 3722 (siquidem
776 3664 802 3708 te
825 3659 874 3708 mei
898 3659 974 3708 etiam
991 3659 1142 3708 mentionem
1160 3661 1242 3709 iacere
1260 3655 1384 3724 intelligo)
1403 3658 1520 3710 eludendi

159 3728 337 3791 suppeditares.
374 3728 414 3778 De
439 3729 477 3777 his
501 3743 563 3779 saue
590 3727 681 3778 dudum
704 3736 729 3791 te
758 3729 979 3780 commonefactum
1008 3731 1131 3793 oportuit:
1159 3742 1243 3779 rerum
1266 3745 1312 3795 ego
1330 3728 1440 3794 proiecto
1459 3727 1520 3779 uihil

159 3800 240 3849 minus
259 3800 369 3864 cogitare
387 3801 471 3864 potui,
497 3813 571 3865 quam
597 3800 661 3862 quod
679 3799 736 3850 solis
754 3801 800 3851 illis
818 3800 920 3852 tabulae
937 3815 1010 3851 meae
1027 3802 1153 3858 tumens,
1180 3804 1223 3865 qui
1240 3801 1402 3865 particulares
1419 3807 1520 3851 tantum

161 3877 228 3926 sunt,
246 3870 380 3932 insisteres,
399 3872 444 3921 sed
462 3886 508 3936 ego
527 3871 625 3919 omniuo
643 3873 738 3936 putari,
756 3879 782 3923 ts
800 3875 879 3936 ipsum
898 3872 1081 3936 exCupernica
1099 3886 1145 3921 seu
1162 3887 1192 3922 ex
1209 3874 1285 3936 ipsius
1295 3873 1519 3923 demonstrationi·

159 3941 220 3998 hus,
248 3941 357 3991 adhibito
386 3943 481 3992 calculo
506 3942 694 4009 Prutenicarum
719 3944 859 3994 tabularum
869 3941 894 4005 ⁸)
921 3945 1005 4002 omnia
1027 3944 1166 4008 plenissime
1188 3947 1242 4006 lam
1260 3945 1335 3994 luisse
1352 3951 1519 4008 persecutum.

162 4011 235 4062 Haec
253 4013 357 4064 cmdido
376 4015 459 4064 auimo
478 4011 571 4077 s'cripta
589 4014 694 4064 cmdide
713 4016 822 4079 accipias
840 4030 908 4080 rogo.
945 4014 1010 4064 Vale
1029 4016 1128 4078 optime.

233 4082 376 4143 ,Taans,“
397 4086 427 4136 de
446 4099 496 4149 qua
513 4085 553 4134 hic
571 4085 765 4135 Maestliuus
789 4088 842 4152 agit
860 4083 938 4150 (apud
955 4085 1109 4136 Hauschium
1126 4101 1150 4149 p.
1171 4083 1284 4147 b-lt),
1304 4082 1392 4136 eudem
1409 4085 1461 4136 iere
1479 4100 1519 4136 rs·

159 4154 222 4212 test,
249 4169 313 4220 quse
336 4155 484 4206 Maestliuus
512 4156 627 4207 addenda
655 4157 818 4207 Prodromo
847 4158 929 4222 illique
957 4157 1133 4216 „Rhaetici
1157 4157 1309 4208 menedon?
1339 4158 1370 4207 de
1390 4156 1519 4221 Coperulci

158 4227 265 4277 inreutis
282 4228 347 4289 typis
362 4229 526 4292 imprimenda
544 4231 656 4287 curarit,
683 4230 730 4279 hoc
748 4230 819 4279 titulo
836 4231 971 4292 inscripto:
1001 4228 1048 4278 De
1074 4228 1470 4285 dimensionibnsorbium
1488 4236 1521 4280 ιι

159 4297 365 4363 sphaerarum
390 4301 589 4359 coelestium,
614 4303 710 4364 juxta
736 4299 867 4370 tabulas
894 4301 1090 4356 Proteuiuas
1117 4316 1153 4350 ex
1177 4302 1345 4350 sententia
1369 4299 1435 4352 Nic.
1464 4300 1518 4351 Co-

119 4415 120 4418 ,
158 4369 296 4433 pernici

229 4439 285 4490 Hoc
304 4439 391 4504 quibus
410 4443 490 4491 causis
508 4450 589 4491 motus
607 4442 701 4503 iecerit,
721 4444 746 4492 in
765 4443 919 4507 praefatione
939 4442 1079 4505 appendicis
1097 4440 1135 4491 his
1156 4443 1268 4506 exponit:
1292 4441 1347 4500 ,Ne
1366 4442 1424 4507 quid
1438 4443 1518 4493 erudi·

158 4512 252 4562 tissime
281 4517 307 4561 et
331 4511 527 4576 ingeniosissimo
554 4514 688 4564 doctissimi
713 4515 882 4564 mathematici
911 4513 947 4563 hl.
966 4513 1071 4563 Jcanuis
1089 4515 1191 4578 Kepleri
1211 4513 1348 4563 Prudromo
1365 4521 1391 4565 et
1410 4515 1519 4565 disertae

152 4583 259 4653 sshstiei
276 4582 419 4633 Narrationi
439 4584 552 4642 deesset,
572 4575 785 4651 operaepretium
803 4587 872 4642 duxi,
892 4589 936 4641 eis,
956 4585 1101 4647 appendicis
1119 4586 1187 4644 loco,
1207 4586 1372 4636 dimensiones
1390 4588 1517 4652 msguitu·
1563 4633 1564 4636 ,

96 4696 99 4701 ,
158 4656 243 4709 dinam
260 4656 312 4705 sire
331 4653 489 4707 altitudinum
505 4656 664 4720 sphaerarum
682 4658 773 4713 mundi,
793 4659 879 4722 quibus
898 4657 1004 4706 erratica
1023 4657 1104 4707 sidera
1121 4665 1257 4713 moveamur,
1276 4658 1413 4708 secundum
1425 4656 1518 4723 coper-

158 4728 208 4778 nici
225 4726 374 4792 hypotheses
392 4726 547 4793 subjnn‘gere.
584 4727 640 4778 Etsi
658 4736 742 4778 autem
760 4743 806 4779 ese
825 4743 855 4777 ex
874 4729 881 4776 i
898 4743 926 4777 so
945 4726 1095 4791 Copemico,
1109 4731 1211 4793 partim¹
1222 4730 1299 4778 stiam
1317 4744 1348 4778 ex
1364 4728 1517 4787 Ptolemaeo,

159 4797 352 4865 absquelahure
371 4800 469 4863 excerpi
485 4796 514 4877 ιι
530 4798 651 4851 ιοιιιιιίιὶ
668 4801 820 4865 potuissent,
844 4814 869 4847 m
895 4800 921 4849 ui
939 4800 1075 4850 tamenab
1093 4800 1195 4852 Erasmo
1213 4799 1369 4851 Rheluhuido
1387 4814 1432 4853 ess
1451 4801 1517 4852 seci—
