3366 5482
162 286 229 353 ²72
708 287 832 354 ΛΜ·
847 286 972 350 m

162 464 290 527 superne
312 444 547 524 praedictarum,
572 456 606 507 et
627 445 695 507 ideo
718 465 777 507 uon
800 454 930 524 possunt
951 445 1060 507 abesse
1083 444 1222 524 amplius,
1251 442 1393 524 quoniam
1415 461 1525 505 cuma

162 545 234 598 tura
256 533 396 596 absidum
426 553 485 595 non
510 534 604 595 habet
631 534 671 596 ibi
700 534 917 613 longitudinem
940 534 1121 614 majorem.“
1167 531 1337 595 Obscurum
1367 550 1439 594 esse
1462 531 1526 595 Pli-

162 624 244 686 uium
268 624 297 685 in
321 623 369 684 his
391 622 493 684 verbis
516 641 619 684 omnes
643 625 792 695 fatentur,
821 620 1016 697 GoIIImitius,
1047 642 1086 684 ex
1107 623 1164 683 hoc
1187 622 1347 702 Zieglerus
1375 622 1527 701 iuterpre-

163 713 311 774 tationem
334 730 423 771 unam
446 712 576 773 afferunt
599 720 630 772 et
654 712 741 773 slmul
756 712 896 791 rejiciunt
918 722 951 773 ut
965 711 1201 792 impossibilem:
1225 710 1384 790 Zieglerus
1399 710 1525 772 alteram

161 800 337 881 superaddit
359 800 542 882 Mycilloque
566 800 752 880 suppeditat,
777 820 866 881 quam
889 811 982 879 negat
1005 802 1070 879 ipse
1094 820 1161 862 esse
1184 799 1392 862 Pliniauorum
1416 799 1525 861 verbo-

161 909 225 952 mm
250 889 422 967 genuinam.
472 887 533 949 Sed
559 887 744 969 Coperuicus
774 891 970 951 communiter
992 890 1064 950 mihi
1089 896 1121 950 et
1143 890 1224 952 Urso
1246 897 1387 967 receptus
1417 888 1448 949 in
1471 887 1527 949 hoe

160 978 282 1057 negotio
305 977 405 1051 testis,
430 977 456 1037 is
480 996 563 1055 ergo,
587 978 763 1060 posthabito
787 996 854 1057 cap.
872 979 974 1051 vnn,
1000 979 1160 1039 emendato
1180 996 1251 1038 vero
1267 985 1424 1050 contextu,
1449 975 1526 1056 quod

161 1067 267 1129 crebro
290 1067 320 1127 iu
344 1067 400 1127 hoc
423 1075 546 1127 auctore
570 1067 774 1128 necessarium
798 1069 937 1134 occurrit,
963 1068 1056 1127 elficit
1080 1076 1112 1127 ut
1130 1067 1196 1146 jam
1214 1067 1244 1128 in
1263 1065 1364 1128 Plinio
1379 1064 1526 1146 Capellae

162 1174 266 1217 vocem
288 1155 443 1216 enudias.
491 1153 542 1217 Sic
563 1175 672 1235 nempe
696 1155 819 1234 scripsit
843 1176 880 1216 eu
903 1166 1003 1217 mente
1028 1154 1189 1236 Copemici
1212 1155 1345 1217 Plinius:
1374 1173 1525 1230 „conver-

160 1264 214 1305 sas
238 1243 352 1305 habeut
373 1253 516 1324 utraeque
541 1245 665 1306 absidas
692 1255 726 1305 ut
749 1245 860 1306 circum
884 1243 988 1307 Solem
1010 1246 1102 1317 sitae3
1131 1253 1308 1323 tantumque
1339 1243 1376 1305 de
1406 1243 1526 1306 ciucnlis

160 1352 264 1395 earum
286 1332 392 1394 subter
414 1341 464 1394 est
486 1342 630 1413 quantum
648 1335 809 1412 supeme.“
855 1335 898 1396 Ut
921 1353 980 1394 vox
1004 1333 1128 1407 „infra“
1149 1334 1190 1394 sit
1204 1333 1386 1407 adulterina,
1412 1351 1524 1413 „prae-

159 1420 333 1483 dictarum“
357 1440 428 1482 vero
452 1422 639 1500 surreptitia.
687 1423 785 1483 Mont
800 1421 1007 1501 Ccpemicum,
1032 1433 1067 1483 ut
1089 1422 1145 1482 boc
1160 1422 1291 1485 Plinium
1315 1421 1433 1483 dixisse
1456 1440 1525 1482 cre·

160 1512 262 1584 deret,
294 1510 368 1571 illud
390 1510 590 1591 potissimum,
616 1512 695 1591 quod
718 1520 750 1572 et
774 1511 931 1573 Vitruvius
956 1521 1027 1572 aute
1051 1511 1190 1579 Pliuium,
1215 1521 1249 1572 et
1272 1508 1412 1590 Capella,
1435 1507 1525 1572 Plinii

161 1600 401 1679 metaphrastes,
430 1599 536 1670 eadem
561 1600 598 1660 de
622 1600 754 1679 planetis
778 1601 940 1678 dogmata,
970 1602 1093 1661 easdem
1115 1600 1302 1674 sententias,
1326 1599 1451 1660 eosdem
1474 1617 1524 1659 or·

160 1708 258 1761 rores,
291 1687 399 1749 eadem
427 1707 519 1768 saepe
543 1689 636 1750 verba
658 1707 726 1750 cum
748 1689 963 1768 praecedentia
991 1697 1055 1749 tum
1079 1690 1238 1769 sequentia
1261 1686 1322 1749 uui
1343 1707 1412 1749 cum
1425 1686 1523 1749 Pliuic

160 1785 313 1856 usurpent,
338 1778 487 1856 posterior
506 1798 525 1838 a
547 1777 646 1857 priore
669 1785 833 1838 mutuatus.
881 1779 915 1838 lu
939 1778 996 1838 hoc
1016 1778 1090 1851 loco,
1117 1777 1166 1838 ubi
1185 1778 1223 1838 de
1240 1777 1369 1838 Veneris
1391 1786 1425 1838 et
1437 1777 1523 1838 Mer·

159 1866 233 1928 curii
256 1885 323 1927 cum
346 1865 418 1927 Sole
441 1867 663 1945 conspiratione
687 1867 801 1945 agitur,
832 1866 874 1927 illi
899 1867 1018 1946 quidem
1042 1867 1119 1928 huuc
1143 1885 1277 1940 sensum,
1314 1884 1405 1946 quem
1427 1864 1524 1928 Plinio

160 1953 345 2034 Copemicus
368 1956 515 2029 restituit,
540 1956 720 2033 euprImunt.
769 1953 845 2016 Cum
874 1955 952 2016 enim
975 1955 1073 2016 Plinio
1103 1955 1194 2016 luerit
1216 1955 1295 2016 alter
1318 1954 1471 2033 magister
1494 1962 1524 2015 et

160 2051 427 2124 praemonstrator,
452 2045 531 2105 alter
554 2044 727 2123 discipulus,
752 2051 876 2123 uterque
900 2062 955 2123 pro
975 2045 1138 2124 interprete
1153 2042 1348 2105 obscuritatis
1361 2043 1523 2105 Plinianae

156 2134 224 2212 jure
252 2131 388 2193 adhiberi
417 2131 511 2193 videri
539 2141 652 2210 potest.
700 2132 746 2194 Ac
769 2133 840 2193 mihi
866 2152 955 2206 sane,
988 2133 1072 2207 dum,
1108 2134 1177 2212 quid
1200 2132 1317 2194 Plinius
1340 2151 1411 2211 cap.
1436 2131 1523 2193 VIII.

163 2221 282 2293 dinerit,
309 2220 378 2300 quid
398 2221 463 2299 jam
487 2239 553 2299 cap.
578 2220 683 2282 XVII.
708 2221 821 2282 dixisse
845 2222 1025 2283 credendum
1050 2222 1107 2296 sit,
1137 2221 1310 2295 considero,
1335 2222 1459 2283 videtur
1481 2221 1525 2281 vir

163 2310 213 2370 ille
237 2308 371 2370 ratIones
395 2318 634 2371 astronomomm
658 2318 690 2370 et
714 2309 845 2371 Vitruvii
868 2311 962 2372 verba
984 2330 1042 2371 non
1066 2310 1143 2372 satis
1167 2310 1350 2389 percepisse,
1375 2311 1432 2371 sed
1456 2309 1524 2372 dum

165 2397 277 2477 raptim
299 2398 443 2459 terrentis
467 2399 563 2460 Instar
585 2417 688 2459 omnes
712 2407 852 2461 auctores
875 2400 1036 2478 percurrit,
1061 2399 1161 2461 omnia
1183 2399 1351 2473 convolvit,
1384 2399 1522 2461 ubertate

165 2486 309 2548 scientiae
333 2487 478 2561 tumidus,
511 2489 608 2550 multa
630 2488 798 2549 semicruda
828 2507 882 2549 nec
904 2490 992 2568 plene
1016 2507 1117 2551 secum
1141 2489 1199 2567 Ipsi
1227 2497 1374 2568 percepta
1396 2489 1523 2567 profert,

165 2576 352 2638 obscuritate
376 2577 533 2638 rerbomm
556 2596 589 2638 se
613 2578 699 2639 slmul
725 2588 757 2638 et
780 2577 923 2640 lectorem
947 2577 1110 2657 decipiens.
1156 2578 1222 2638 Hoc
1246 2577 1290 2638 illi
1318 2596 1394 2639 sane
1417 2577 1522 2640 crebre

165 2664 244 2726 alias
267 2664 442 2739 usuvenit,
468 2665 516 2727 ubi
541 2667 720 2727 secretiores
743 2667 782 2727 ab
806 2686 859 2727 usu
884 2666 1058 2745 quotidiano
1083 2665 1259 2746 disprlinas
1278 2667 1413 2746 attiugit.
1456 2666 1521 2728 lta·

164 2773 221 2834 que
243 2771 301 2815 non
326 2762 373 2814 est
396 2755 427 2815 iu
450 2755 506 2816 hnc
530 2764 652 2817 auctore
676 2755 847 2824 absurdum,
872 2756 1037 2817 credidisse
1062 2756 1138 2816 hunc
1153 2755 1288 2816 ordinem
1312 2755 1520 2835 sphaerarum,

165 2843 213 2922 qui
236 2851 286 2904 est
308 2861 376 2922 cap.
402 2843 503 2916 vul„
527 2853 559 2906 et
582 2843 773 2906 nihilomiuus
797 2862 864 2904 cum
879 2844 1020 2906 Vitruvio
1043 2845 1177 2905 sensisse
1200 2863 1268 2924 cap.
1293 2843 1415 2919 xvn,
1442 2842 1520 2924 quod

163 2930 266 2994 Solem
289 2931 425 2993 ambiant
448 2933 553 2994 Venus
577 2943 609 2994 et
632 2933 810 2994 Mercurius.

252 3020 316 3082 Sed
338 3020 495 3083 audiamus
520 3031 551 3082 et
574 3021 756 3083 Vitruvium.
789 3021 820 3082 Is
844 3019 906 3094 (De
920 3020 1145 3092 Architectura,
1169 3020 1225 3082 IX.
1254 3018 1297 3094 l.)
1322 3039 1390 3082 cum
1408 3029 1521 3082 motum

161 3111 299 3190 primum,
323 3108 372 3189 qui
396 3110 522 3172 lixamm
545 3118 577 3171 et
600 3110 751 3191 signomm
775 3110 891 3172 zodiaci
914 3118 977 3183 est,
1003 3110 1189 3189 explicasset
1207 3109 1332 3189 jamque
1355 3110 1386 3171 in
1410 3128 1519 3190 genere

163 3199 300 3273 dirisset,
327 3198 475 3279 quomodo
498 3199 614 3273 „Luna
639 3200 731 3261 stella
754 3199 905 3269 Mercurii,
930 3200 1071 3271 Veneris,
1096 3199 1160 3279 ipse
1185 3197 1252 3274 Sol,
1277 3199 1410 3280 itemque
1433 3198 1517 3261 Mar·

163 3289 220 3363 tis,
249 3287 337 3349 Jovis
356 3295 388 3349 et
410 3286 534 3350 Saturni
559 3289 631 3358 (hoc
654 3288 732 3350 euim
756 3289 870 3351 usitato
893 3288 996 3349 urdine
1019 3289 1159 3368 planetas
1183 3296 1338 3361 recenset,
1372 3307 1432 3368 quo
1455 3286 1519 3350 Pli-

162 3379 242 3440 nium
275 3377 352 3438 Iorte
384 3377 519 3456 decepit)
548 3377 730 3439 contrariam
762 3377 829 3438 fixis
861 3379 940 3440 viam
972 3378 1028 3438 sub
1059 3376 1175 3440 zodiaci
1199 3376 1294 3456 siguis
1318 3376 1518 3457 peragrent“:

163 3465 282 3528 accedit
313 3465 352 3527 ad
383 3466 616 3545 eprIcationem
645 3466 828 3545 singulomm
856 3486 891 3528 eo
923 3466 1043 3539 ordine,
1075 3485 1132 3546 quo
1162 3474 1372 3547 proposuerat.
1420 3465 1520 3528 Primo

160 3556 265 3617 Lunae
298 3563 398 3616 mutus
429 3562 461 3616 et
494 3557 596 3635 spatia
625 3565 780 3617 menstrua
807 3555 965 3628 describit;
998 3555 1065 3617 dein
1099 3555 1136 3616 de
1161 3555 1291 3617 Veneris
1319 3563 1352 3616 et
1378 3552 1519 3619 Mercurii

161 3645 253 3706 stella
275 3644 319 3705 sic
343 3645 403 3706 ait:
428 3644 592 3718 „Mercurii
615 3652 717 3706 autem
741 3653 773 3705 et
797 3645 926 3706 Veneris
949 3644 1057 3706 stellae
1080 3645 1192 3706 circum
1212 3642 1293 3705 Solis
1316 3644 1435 3720 radios,
1460 3643 1519 3706 So·

161 3735 218 3795 lem
242 3732 339 3814 ipsum
362 3732 406 3795 uti
430 3741 564 3794 centrum
588 3733 745 3796 itineribus
769 3743 963 3808 coronantes,
995 3752 1152 3812 regressus
1176 3741 1340 3795 retrorsum
1364 3744 1397 3795 et
1420 3741 1517 3797 retar-

161 3822 300 3883 dationes
324 3822 470 3883 faciuut.“
516 3822 630 3884 Postea
653 3823 691 3884 ad
710 3822 830 3898 Martis,
854 3822 951 3898 Jovis,
977 3821 1101 3883 Saturni
1125 3822 1232 3883 stellas
1255 3822 1377 3892 accedit
1399 3840 1516 3886 aarum·

161 3930 217 3991 que
240 3918 340 3972 motus
364 3911 506 3992 explicat.
554 3908 648 3973 Clara
671 3921 719 3974 est
738 3912 839 3992 itaque
864 3913 1020 3973 verhomm
1045 3912 1109 3989 ejus
1132 3911 1294 3973 sententia.

248 4000 387 4061 Platonis
412 3999 531 4081 quidem
553 4000 648 4080 ipsius
671 4001 764 4063 verba
788 4001 916 4062 obscura
939 4009 1019 4074 sunt,
1044 4000 1098 4061 sed
1122 4008 1222 4061 tamen
1244 3997 1358 4060 iudicia
1372 3999 1516 4080 quaedam

159 4089 307 4168 praebent
329 4089 394 4168 ejus
418 4090 597 4163 sententiae,
625 4109 713 4169 quam
732 4089 776 4150 illi
800 4090 905 4151 tribuit
927 4088 1111 4151 Macrobius.
1158 4087 1272 4162 „Cum‚
1297 4088 1411 4168 inquit,
1444 4089 1515 4151 etis·

159 4178 254 4240 cisset
276 4177 360 4239 Deus
383 4196 509 4257 corpora
532 4178 729 4257 singulorum,
755 4198 792 4239 ea
814 4179 916 4258 posuit
939 4179 968 4239 iu
992 4178 1248 4249 circumlationes,
1278 4195 1354 4258 quas
1377 4177 1515 4258 cujusque

158 4268 301 4330 clrcuitus
324 4267 505 4346 requireret,
539 4275 666 4346 septena
689 4267 719 4329 iu
743 4277 899 4347 septenas,
933 4268 1051 4329 Lunam
1074 4267 1192 4347 quidem
1226 4267 1255 4327 iu
1286 4265 1416 4344 primum
1439 4266 1515 4328 circs

158 4356 298 4428 Terram,
332 4352 434 4416 Solem
463 4374 533 4419 vero
557 4356 587 4416 in
611 4357 773 4419 secundum
797 4374 889 4435 supra
911 4356 1049 4431 Terram,
1080 4356 1250 4435 Vespemm
1273 4373 1345 4416 vero
1373 4363 1408 4416 et
1429 4370 1513 4435 quam

157 4443 310 4507 Mercurio
342 4462 461 4504 sacram
492 4443 595 4506 dicunt
625 4444 655 4506 in
680 4447 774 4518 tales,
805 4445 853 4526 qui
877 4445 1044 4507 celeritatis
1068 4445 1186 4525 quidem
1208 4442 1327 4506 ratione
1349 4460 1512 4525 aquetur·

158 4542 277 4595 renum
299 4531 364 4595 Soli
388 4531 490 4594 orbem
513 4544 600 4607 eunt,
625 4535 806 4596 contrariam
830 4553 901 4595 vero
916 4534 943 4595 ei
958 4534 1018 4595 vim
1033 4533 1133 4595 sortiti
1153 4541 1237 4607 sunt;
1262 4549 1355 4612 quare
1378 4540 1412 4595 et
1434 4550 1512 4594 com·

158 4622 346 4701 prehendunt
377 4629 409 4683 et
435 4623 728 4702 comprehenduntur
759 4641 836 4686 ase
866 4633 969 4685 mutuo
1007 4631 1040 4684 et
1071 4622 1234 4685 secundum
1267 4620 1376 4683 eadem
1403 4618 1538 4692 Solem..

92 4760 97 4769 .
158 4708 340 4774 Mercurium
363 4718 395 4771 et
417 4710 602 4773 Venerem.“

246 4798 380 4863 Primum
402 4798 540 4863 videmus
563 4798 729 4862 celeritatis
756 4797 874 4862 ratione
902 4797 1030 4862 eundem
1052 4798 1144 4862 tribui
1171 4796 1269 4861 tribua
1295 4795 1382 4861 hisce
1402 4795 1511 4872 orbem,
