3366 5482
652 253 683 304 e·
701 254 772 304 nun
792 254 952 318 uuologictr.
1416 253 1481 321 349

126 413 257 478 {aalma
276 411 370 477 aliquid
387 412 454 462 alind
473 413 506 463 ad
524 427 569 462 nos
587 411 735 471 redundare,
754 412 792 462 rsl
810 414 832 462 si
850 414 908 477 qnid
925 414 1061 476 proveniat,
1080 412 1107 461 id
1124 412 1196 469 lucis,
1216 413 1254 462 rel
1267 414 1373 463 maxime
1394 414 1481 464 salom

126 483 241 534 beneficio
260 482 294 532 sd
312 498 357 532 nos
375 485 523 550 pertingere.
561 483 718 548 Astrologica
742 498 798 533 vero
817 486 970 548 experientia
988 490 1107 539 testatur,
1137 482 1252 546 planetas
1271 484 1315 532 sub
1334 484 1412 535 Terra
1430 488 1480 535 exi·

126 560 230 611 musa,
250 569 324 618 quum
342 569 389 605 nec
406 555 489 604 lumen
509 569 556 605 nec
575 555 681 603 calorem
700 569 771 604 suum
790 554 823 604 ad
842 570 886 603 nos
905 555 1047 611 demittant,
1066 553 1167 603 vitalem
1181 559 1207 602 et
1220 555 1391 604 abscissoriam
1410 570 1481 605 suam

126 627 245 682 mntem,
263 633 292 674 ut
310 632 336 674 st
355 625 415 675 alios
435 626 538 676 effectus
558 640 678 675 exercere.
717 625 832 689 Sequitur
843 627 926 690 igitur,
945 632 970 674 et
988 632 1087 689 praeter
1104 625 1184 674 lucem
1203 632 1229 673 et
1243 624 1349 674 calorem
1364 627 1480 676 astralem

126 697 185 747 ielis
203 696 290 746 stellas
309 699 385 746 etiam
405 697 466 746 alias
485 700 587 746 nautes
605 697 716 752 habere,
744 711 809 759 quae
834 711 881 745 nec
906 697 954 746 luci
982 711 1028 747 nec
1053 696 1128 745 calori
1156 696 1253 744 illarum
1274 703 1333 745 sunt
1352 697 1479 762 alligatae.

126 767 264 835 busentum
282 782 341 816 uum
360 768 425 816 solus
445 769 512 818 calor
531 768 595 818 Solis
615 767 723 817 vivificus
743 775 811 817 motu
830 782 873 816 sno
894 782 976 817 annno
995 770 1078 817 omnia
1096 774 1204 831 vegetet,
1223 766 1280 830 quid
1299 768 1373 831 igitur
1392 770 1480 818 stellae

126 847 200 905 agant
218 839 252 890 ad
271 846 408 888 ceteramm
428 855 508 889 rerum
527 837 758 888 conservationem?
794 838 905 889 Necesse
924 840 978 895 erit.
997 839 1045 887 illis
1065 838 1140 886 aliam
1160 840 1240 886 inesse
1260 840 1307 886 rim
1328 848 1353 887 et
1372 842 1481 888 animam

126 911 239 960 malem
257 910 390 967 occultam,
410 925 483 974 quarn
502 911 677 959 insensibiliter
689 912 872 960 communicant
884 911 955 959 rebus
969 913 1066 960 creatis.
1094 908 1157 958 Solis
1171 916 1272 957 externo
1295 909 1377 958 calore
1398 914 1482 959 omnia

126 989 285 1047 regetsntun
310 982 351 1045 qui
370 983 391 1029 si
410 997 457 1030 non
477 983 639 1045 percipiatur,
659 981 719 1029 nihil
739 981 806 1030 calor
824 982 934 1030 internus
954 988 979 1030 et
998 982 1108 1031 occultus
1127 982 1209 1028 facere
1228 987 1321 1042 potest;
1351 983 1387 1031 sic
1406 989 1432 1030 et
1451 982 1481 1031 de

126 1053 198 1104 coln
213 1052 386 1114 iudicandum.
407 1059 433 1102 ct
451 1067 497 1102 eae
516 1060 643 1102 externum
663 1053 770 1101 calorem
789 1068 838 1100 non
857 1053 959 1110 habeat,
979 1068 1038 1118 ergo
1056 1067 1103 1101 nec
1122 1052 1170 1099 rim
1190 1051 1329 1100 vivificandi
1343 1051 1394 1101 Soli
1414 1066 1479 1102 ccm-

126 1139 238 1178 nunem.
270 1138 373 1173 neccsse
393 1130 431 1173 est
448 1125 542 1189 igitur,
574 1124 685 1174 occultes
703 1123 750 1173 illis
773 1125 855 1173 inesse
874 1125 937 1173 vires
960 1131 985 1172 et
1003 1123 1174 1178 influentiam,
1206 1135 1279 1186 quam
1299 1125 1482 1174 communicent

126 1196 220 1246 matis.
258 1195 323 1260 firgo
341 1194 430 1244 falsum
449 1196 504 1250 hoc,
523 1195 609 1245 stellas
627 1195 683 1245 luce
703 1200 728 1243 et
746 1202 815 1244 motu
834 1209 908 1259 agere
927 1196 1015 1252 solum,
1034 1195 1103 1243 nulla
1122 1194 1173 1243 alia
1191 1195 1296 1242 ratione.

208 1319 393 1397 Keplerus
406 1339 413 1378 ε
428 1319 491 1379 ‘An
517 1319 600 1380 calor·
625 1326 655 1379 et
680 1320 729 1380 lux
749 1318 791 1378 sit
813 1317 981 1378 vehiculum
998 1317 1139 1377 virtutum
1154 1316 1346 1379 sideralium?
1370 1317 1478 1378 Nonne

126 1408 222 1469 >mnia
245 1407 459 1468 dilucidissime
484 1408 610 1469 distinxi
634 1407 662 1467 in
689 1406 910 1468 fundamentis?
957 1406 1001 1466 Tu
1026 1424 1096 1467 vero
1120 1405 1191 1466 mihi
1216 1406 1368 1484 negotium
1392 1407 1479 1467 cxlii-

126 1515 173 1558 res
197 1515 257 1557 uon
281 1497 493 1557 necessarium.
540 1495 697 1566 Quatenus
726 1496 776 1557 lux
810 1505 856 1556 est
890 1494 1057 1556 vehiculum
1089 1494 1226 1569 illarum,
1264 1514 1321 1555 uon
1348 1505 1419 1556 suut
1450 1496 1479 1557 iu

126 1603 231 1663 nagna
254 1585 404 1646 varietate
427 1587 475 1646 vel
499 1586 718 1646 inconstantia:
751 1604 827 1665 quae
852 1603 921 1645 vero
946 1583 974 1644 in
1000 1585 1065 1645 dies
1089 1591 1255 1658 coutantur,
1280 1602 1386 1662 nempe
1411 1584 1477 1664 ple-

126 1692 212 1754 &aque
237 1693 349 1748 eorum,
375 1693 450 1754 quae
474 1675 667 1736 considerant
682 1673 838 1752 astrologi,
864 1681 934 1734 sunt
957 1691 1049 1751 opera
1068 1691 1126 1733 non
1142 1673 1305 1746 stellarum,
1332 1673 1385 1733 sed
1406 1673 1478 1733 sub·

129 1762 267 1824 unariuni
292 1763 546 1843 mentitumquae
571 1762 745 1840 corporibus
769 1762 959 1840 praesident,
984 1770 1014 1822 et
1038 1769 1187 1822 astrorum
1211 1761 1320 1822 sitibus
1344 1763 1478 1840 conligu-

126 1851 347 1930 ationibusque
372 1852 482 1912 mutuis
506 1861 663 1912 moventur
688 1860 720 1910 ut
744 1850 882 1929 objectis.
929 1851 993 1911 Nec
1009 1849 1159 1911 Saturnus
1183 1857 1232 1911 est
1255 1849 1481 1911 abscissorsua

126 1949 239 2013 natura,
265 1941 320 2000 sed
341 1941 557 2019 imaginatione
582 1939 737 2000 facultatis
754 1940 854 2001 vitalis
878 1939 906 1999 in
924 1947 994 1999 irato
1019 1939 1146 2012 bomine,
1172 1957 1248 2019 quae
1273 1939 1478 2000 characterem

126 2029 284 2090 coelestem
310 2029 338 2089 in
365 2048 431 2089 esse
456 2040 488 2090 et
511 2029 573 2090 fieri
598 2028 714 2101 (radice
739 2039 770 2087 et
793 2028 973 2099 directione)
1003 2027 1031 2088 in
1056 2048 1088 2089 se
1113 2028 1262 2107 suscepit,
1293 2047 1416 2108 eumque
1441 2029 1478 2089 ad

126 2117 208 2179 inem
232 2119 315 2178 vitae
339 2118 530 2179 circumfert:
556 2136 612 2176 non
638 2117 775 2190 otiosum,
801 2118 854 2177 sed
880 2118 977 2177 instar
1000 2117 1110 2197 objecti
1135 2117 1270 2184 alterius,
1295 2118 1333 2177 ad
1353 2137 1478 2178 manen-

126 2217 181 2267 tem
211 2215 243 2267 et
272 2207 529 2285 praescribentem
563 2207 793 2267 contractionum
827 2206 964 2266 vitalium
995 2205 1174 2266 naturalium
1200 2204 1371 2267 animalium
1398 2208 1479 2285 leges

126 2303 151 2356 et
174 2294 382 2370 incitamenta,
408 2314 483 2375 quae
509 2294 659 2368 eueniunt,
685 2303 715 2354 et
739 2295 768 2355 in
793 2313 867 2373 opus
882 2296 1031 2373 prodeunt
1046 2295 1221 2355 salutariter
1240 2294 1287 2354 rel
1302 2295 1478 2372 perniciose,

126 2402 173 2451 >ro
197 2384 337 2462 subjecta
361 2386 489 2447 materia
513 2394 544 2445 et
568 2384 802 2444 circumstantiis
827 2385 967 2452 locorum,
992 2393 1169 2464 temporum,
1194 2383 1294 2444 dietae
1315 2391 1371 2445 etc.
1414 2385 1478 2446 Ne-

126 2491 175 2552 lue
200 2475 285 2533 coelo
310 2473 437 2534 virtutes
462 2474 597 2534 occultas
621 2480 654 2532 et
677 2472 914 2548 irrationabiles,
949 2473 1002 2533 sed
1036 2472 1155 2532 animae
1185 2472 1286 2552 potius
1318 2473 1479 2534 facultates

126 2562 260 2623 rensibus
285 2581 343 2622 non
367 2571 488 2623 utentes
512 2562 619 2636 tribuo,
644 2580 702 2622 non
728 2581 805 2622 nova
828 2562 939 2641 specie,
965 2561 1065 2622 sciunt
1089 2563 1284 2622 enimomnes
1308 2562 1344 2622 de
1366 2562 1478 2623 forma-

126 2649 186 2712 :rici
222 2650 385 2725 facultate,
430 2671 505 2731 quae
539 2670 596 2712 non
627 2669 664 2710 ex
696 2652 883 2731 praescripto
912 2658 1013 2711 tactus
1045 2671 1101 2711 sua
1136 2651 1237 2712 munia
1277 2650 1479 2718 administrat,

126 2740 213 2800 uultu
239 2739 336 2800 minus
362 2759 398 2800 ex
423 2741 549 2801 aliorum
574 2759 730 2813 sensuum,
765 2741 818 2801 sed
844 2760 880 2800 ex
909 2740 1016 2801 intima
1039 2739 1157 2801 ratione
1184 2739 1254 2800 inde
1284 2740 1479 2801 screatione

126 2827 176 2890 ribi
202 2829 433 2891 communicata.
469 2827 556 2898 Quod
582 2829 608 2889 si
632 2848 722 2889 sensu
747 2830 849 2903 utitur,
875 2836 908 2889 ut
923 2828 1082 2889 formatrix
1105 2828 1134 2889 in
1150 2828 1246 2888 Terra
1260 2847 1350 2889 seusu
1367 2848 1477 2902 eorum,

126 2936 196 2998 puae
229 2926 302 2978 sunt
335 2919 371 2978 de
395 2918 550 2998 praesenti
582 2918 611 2979 iu
644 2918 767 2993 mundo,
802 2919 872 2978 dnm
903 2917 932 2977 in
957 2917 1162 2977 subterraneis
1192 2916 1316 2995 effugiet
1340 2918 1480 2978 sensibus

126 3005 287 3080 lominum
326 3015 360 3068 ut
391 3008 548 3069 formatrix
581 3007 687 3067 matris
726 3026 816 3068 sensu
845 3014 995 3066 astrorum
1027 3005 1215 3066 redeuntium
1245 3006 1283 3066 ad
1307 3007 1399 3067 situm
1423 3025 1477 3068 suo

126 3094 259 3169 similem,
284 3097 416 3157 certeis
441 3116 548 3157 sensus
572 3116 629 3156 nou
654 3115 691 3156 ex
715 3096 906 3176 vulgatorum
931 3094 1058 3175 quinque
1082 3113 1203 3155 numere
1228 3093 1296 3155 erit.

208 3200 273 3263 Soli
300 3202 436 3281 equidem
460 3202 636 3282 potissimas
662 3202 759 3264 tribuo
784 3202 813 3263 iu
829 3200 1008 3276 actionibus,
1033 3219 1109 3282 quae
1133 3208 1205 3263 sunt
1228 3200 1326 3262 stellis
1340 3200 1479 3280 propriae

126 3298 149 3353 rt
172 3291 334 3371 genuinae.
364 3292 427 3364 ,At
450 3290 480 3351 in
504 3291 561 3351 hac
585 3291 701 3352 ratione
726 3291 837 3371 objecti
866 3301 897 3352 et
920 3290 1088 3352 animorum
1121 3290 1215 3352 ceteri
1238 3290 1380 3370 planetae
1404 3309 1479 3371 pene

126 3381 181 3441 rari
204 3399 300 3460 passu
324 3399 391 3441 curn
416 3377 487 3440 Sole
512 3380 676 3454 ambulant,
702 3390 735 3442 ut
758 3381 855 3460 majus
880 3381 920 3441 sit
943 3390 1124 3444 momentum
1148 3379 1177 3441 in
1203 3377 1310 3457 (liiii,
1336 3399 1424 3460 quarn
1449 3377 1478 3440 in

126 3465 250 3546 ffid:
285 3469 355 3548 quia
379 3469 454 3547 conj,
483 3481 530 3529 est
553 3470 733 3531 modificatio
759 3470 927 3549 objectiva,
952 3469 1052 3530 nitens
1076 3489 1134 3530 nou
1160 3481 1266 3531 natura
1289 3470 1478 3546 planetarum

126 3559 293 3631 elatorum,
320 3559 373 3618 sed
399 3558 614 3637 imaginatione
639 3559 824 3636 geometrica
847 3560 1007 3631 mentium,
1034 3578 1109 3638 (luae
1134 3558 1308 3637 praesident
1331 3557 1477 3640 patienti-

126 3666 175 3709 aus
200 3648 387 3727 corporibus.
435 3647 519 3707 Haec
544 3648 657 3708 centies
683 3648 710 3706 in
737 3649 832 3709 literis
857 3649 896 3708 ad
921 3648 963 3708 'l'e
988 3648 1121 3708 invenies
1147 3647 1305 3709 inculcata.

190 3786 378 3836 Fabricius:
403 3787 462 3837 Jam
481 3787 513 3836 ad
533 3787 590 3835 alia.
625 3788 748 3846 Concedo,
767 3789 917 3838 Mercurium
935 3803 995 3851 prae
1015 3788 1070 3838 aliis
1087 3790 1113 3837 in
1132 3803 1176 3837 suo
1194 3794 1262 3838 motu
1276 3802 1329 3839 esee
1348 3789 1477 3838 incertum.

126 3858 191 3908 'seit
212 3856 269 3907 hcc'
285 3873 315 3908 ex
333 3866 403 3923 parte
428 3858 574 3908 observandi
592 3861 795 3917 incommoditas,
822 3861 981 3910 latitudinum
998 3861 1127 3923 implicata
1145 3861 1253 3909 sanetas
1272 3858 1317 3909 dc.
1354 3859 1480 3909 Videntur

126 3936 203 3980 ‚uum
223 3937 274 3978 tres
293 3929 451 3978 latitudinum
471 3931 617 3992 speciesad
637 3931 699 3980 duas
718 3929 768 3992 (rel
787 3933 863 3981 etiam
882 3945 957 3980 unam
977 3932 1001 3978 in
1015 3928 1126 3989 Venere)
1148 3931 1276 3980 commode
1294 3930 1379 3981 reduci
1391 3946 1479 3994 posses

126 4015 144 4048 n
161 4000 318 4065 longitudine
337 4015 432 4064 quoque
453 4000 587 4049 faciliorem
606 4002 671 4050 riam
697 4004 799 4051 inveniri
818 4018 888 4066 posse
908 4018 956 4050 non
976 4001 1068 4050 dubito.
1107 4001 1168 4050 Cum
1187 4002 1287 4050 reflexio
1307 4009 1332 4052 et
1350 4003 1479 4052 inclinatio

126 4071 223 4134 pieycli
245 4072 383 4135 aequaliter
402 4072 439 4120 rel
458 4073 672 4135 proportionaliter
690 4081 806 4123 crescant
824 4081 850 4122 ct
868 4074 1029 4129 decrescant.
1055 4074 1129 4122 facile
1147 4079 1231 4136 patet,
1259 4089 1335 4123 unam
1353 4075 1480 4138 utriusque

126 4156 222 4191 {mam
243 4156 305 4191 esse.
343 4142 490 4207 Imagineris
509 4144 552 4191 tibi
571 4145 708 4206 epicyclum
727 4144 843 4195 Mercurii
869 4142 947 4205 (more
967 4144 1119 4193 Ptolemaiou
1139 4145 1177 4193 rel
1196 4143 1385 4206 Tychoniano),
1411 4148 1480 4208 cujus

126 4227 188 4263 mss
206 4215 313 4278 apogaei
333 4227 388 4262 cum
400 4221 453 4262 toto
473 4214 582 4277 epicyclo
601 4216 753 4278 parallelitcr
771 4216 808 4266 rel
822 4215 1057 4279 perpendiculariter
1075 4216 1118 4278 ipsi
1133 4217 1238 4281 apogaei
1253 4219 1385 4266 ccceutrici
1398 4217 1480 4265 bacae

126 4291 250 4334 moveatur
267 4299 372 4347 semper,
391 4285 464 4348 idque
484 4285 516 4333 ad
536 4293 629 4334 motum
647 4286 711 4336 Solis
730 4302 848 4336 annuum.
886 4286 1023 4336 Mercurius
1042 4293 1170 4335 moveatur
1188 4288 1213 4335 in
1227 4289 1347 4353 epicyclo,
1365 4294 1394 4336 ut
1407 4287 1481 4337 debet

126 4361 190 4404 uxta
207 4369 281 4404 suam
297 4355 433 4418 periodum.
471 4355 525 4405 Hoc
544 4357 615 4405 modo
635 4358 694 4413 fiet,
721 4366 750 4406 ut
768 4373 832 4423 quae
851 4366 906 4407 erat
925 4360 1034 4422 superior
1057 4372 1113 4421 pars
1133 4358 1237 4420 epicycli
1266 4359 1362 4420 (centro
1382 4362 1434 4420 ejus
1452 4357 1478 4405 in

126 4436 187 4490 urge
206 4428 339 4476 ccceutrici
359 4426 522 4487 constituto),
550 4429 575 4476 iu
594 4429 663 4477 nodis
682 4429 720 4478 rel
740 4431 862 4494 quadrato
882 4431 986 4494 apogaei
1006 4430 1139 4478 ccceutrici
1158 4430 1204 4491 ipsi
1223 4430 1352 4493 eclipticas
1370 4430 1478 4484 uniatur,

126 4500 153 4540 t
169 4505 253 4546 eontra
277 4499 400 4546 maximae
424 4499 563 4547 reflexionis
587 4508 705 4562 punctum
729 4502 832 4551 laterale
860 4498 897 4561 (iu
917 4515 1028 4566 apogaeo
1048 4501 1180 4549 ccceutrici
1204 4502 1337 4550 constituto
1356 4494 1478 4563 epicyclo)

126 4577 183 4616 nac
199 4567 342 4618 devolvatur
362 4569 394 4618 ad
412 4569 503 4618 lineam
522 4570 596 4619 medii
615 4579 695 4620 motus
708 4570 772 4621 Solis
791 4573 823 4622 ad
842 4572 918 4621 nodos
937 4571 1087 4628 traductam,
1107 4584 1171 4635 quae
1184 4576 1209 4620 et
1222 4572 1323 4634 epicycli
1340 4584 1479 4636 apogaeum

126 4636 195 4702 ulgo
214 4641 347 4695 statuitur;
377 4642 457 4689 etsie
476 4641 614 4691 reflexionis
632 4650 765 4705 puuctum,
784 4644 861 4708 quod,
882 4643 990 4707 epicyclo
1008 4644 1034 4691 in
1054 4642 1186 4692 ccceutrici
1205 4656 1316 4706 apogaec
1335 4642 1479 4695 constitute,

126 4711 355 4833 mamm
375 4712 495 4775 epicycli,
522 4728 588 4763 nunc
606 4715 631 4762 in
651 4715 743 4765 bucam
761 4716 835 4766 medii
861 4720 943 4766 motus
962 4713 1026 4765 Solis
1043 4714 1154 4772 incidat,
1181 4719 1207 4763 et
1224 4714 1260 4763 sic
1278 4714 1411 4763 maximam
1429 4711 1480 4762 llllc

176 4779 181 4791 '
226 4782 307 4839 'aem
323 4782 410 4834 feast
