3366 5482
165 241 229 307 tto
679 241 791 307 umens
810 240 1011 307 commane

161 408 392 480 dampnosus,
427 411 567 463 comesta
600 400 688 461 modo
722 399 883 471 distantia,
916 400 1090 463 existiment
1121 400 1288 465 astronomi
1320 400 1379 465 sibi
1410 402 1525 465 abundo

164 491 379 640 satisflaptppp'}
403 577 477 638 nihil
496 576 565 654 jure
590 575 755 637 desiderari
779 586 891 656 potest.
939 578 1018 639 Nam
1042 578 1181 657 exiguam
1197 577 1292 641 habet
1314 578 1524 655 differentiam,

164 678 257 750 atque
279 667 424 729 minorem
447 674 588 727 sextante
612 665 735 744 gradus.

251 756 339 829 Quod
372 762 471 816 autem
506 753 597 815 etiam
625 754 654 813 in
680 754 780 815 Marte
814 753 948 815 semissis
977 755 1089 834 gradus
1120 753 1272 827 abundat,
1304 755 1377 817 nihil
1410 755 1523 832 mirum,

161 866 216 909 nec
239 865 286 907 me
311 852 432 905 movet:
458 850 560 903 movet
583 843 613 903 id
636 842 747 920 potius,
773 843 917 922 majorem
940 861 997 904 nou
1023 862 1090 904 esse
1112 843 1332 905 diversitatem.
1380 845 1525 909 Testatur

163 934 292 997 enimin
317 933 505 1013 praefatione
528 930 737 1010 Ephemeridis
761 932 799 992 ad
824 951 933 992 aunum
960 929 1042 995 1577
1067 932 1266 994 Maestlinus:
1303 932 1414 995 sideris
1438 932 1524 1015 hujus

161 1042 280 1085 errores
303 1043 322 1083 a
345 1022 460 1083 calculo
484 1019 564 1081 iutra
587 1021 710 1081 duorum
735 1021 880 1098 graduum
905 1020 1064 1100 augustias
1088 1020 1155 1101 cogi
1180 1040 1236 1082 non
1260 1039 1364 1101 posse.

249 1112 318 1172 Jam
347 1111 385 1171 ad
414 1107 570 1170 inferiores
596 1109 620 1179 Q
650 1113 725 1186 etp
759 1109 837 1187 quod
868 1109 994 1181 attinet,
1028 1109 1087 1170 etsi
1119 1128 1191 1188 prae
1215 1109 1422 1189 superioribus
1445 1130 1522 1175 non-

161 1200 235 1263 nihil
258 1197 482 1262 commoditatis
506 1198 617 1258 habere
641 1199 797 1271 videntur,
826 1206 988 1276 propterea
1012 1199 1090 1278 quod
1114 1217 1152 1259 ex
1176 1198 1369 1278 elongatione
1392 1200 1525 1263 maxima

162 1289 281 1351 facilius
306 1297 369 1361 est,
399 1306 488 1367 quam
512 1306 549 1347 ex
573 1285 730 1367 ἀκροτνχιᾳ
754 1286 980 1360 observatione,
1010 1287 1140 1366 ipsorum
1164 1287 1253 1348 orbes
1277 1287 1425 1364 dimetiri,
1458 1289 1524 1368 ipss
1566 1322 1570 1331 ·

162 1385 263 1441 tamen
288 1375 469 1439 observandi
492 1375 543 1435 via
571 1375 642 1435 mihi
674 1383 817 1453 suspecta
841 1384 898 1435 est.
947 1374 1093 1445 Quamvis
1122 1377 1233 1438 rectius
1261 1376 1446 1440 astronomis
1468 1377 1523 1439 hoo

161 1466 381 1529 aestimandum
406 1463 554 1543 relinquo:
588 1484 692 1542 nempe
717 1472 815 1524 utrum
839 1482 896 1524 nou
921 1464 950 1525 iu
975 1464 1021 1525 his
1044 1464 1177 1544 planetis
1201 1483 1347 1543 vapomm
1370 1465 1522 1528 densitate

161 1565 193 1617 et
216 1555 341 1637 physica
364 1552 526 1633 paradoxi,
551 1571 639 1631 quam
664 1571 717 1612 nec
742 1551 794 1613 Sul
820 1572 873 1613 uec
898 1553 985 1614 Luna
1009 1553 1129 1629 effugit,
1154 1554 1302 1615 interdum
1328 1553 1520 1628 fallantur·).

161 1642 254 1707 Certe
286 1641 468 1705 Maestlinus
497 1641 525 1700 iu
556 1640 769 1719 Disputationc
803 1642 839 1701 de
872 1636 1122 1719 Eclipsibus,⁸')
1145 1641 1223 1703 thesi
1253 1640 1306 1705 58.
1338 1643 1375 1703 de
1401 1643 1521 1705 Venere

160 1734 304 1806 affirmat,
331 1731 408 1812 quod
432 1749 489 1791 non
513 1748 582 1791 raro
606 1730 673 1791 visa
698 1730 789 1790 luerit
811 1729 877 1808 ejus
901 1750 920 1790 a
943 1730 1014 1791 Sole
1046 1749 1138 1810 prope
1162 1730 1349 1793 horizontem
1372 1731 1523 1794 distantia

160 1821 336 1884 notabiliter
359 1819 455 1881 minor
478 1839 560 1881 vera.
608 1817 732 1890 Quanto
748 1819 844 1896 ruanis
869 1818 898 1879 id
923 1819 959 1879 de
979 1819 1129 1887 Mercurio
1153 1819 1212 1880 dici
1235 1819 1357 1898 poterit,
1383 1820 1434 1901 qui
1459 1820 1522 1883 lero

140 1929 280 1991 -semper
304 1909 359 1971 sub
375 1907 456 1971 Solis
480 1907 573 1970 radiis
598 1916 660 1981 est,
686 1918 718 1968 et
740 1907 877 1986 quamvis
902 1907 1049 1985 interdum
1072 1915 1218 1986 emergat,
1243 1928 1395 1989 nunquam
1420 1917 1522 1971 tamen

112 2070 116 2087 ι
160 2000 216 2061 nisi
242 2018 334 2079 prope
358 1997 543 2059 horizontem
571 2017 625 2076 per
650 1996 839 2074 interjectam
864 1996 1088 2058 exhalationum
1112 1998 1230 2076 copiam
1259 2006 1362 2059 nostro
1386 2017 1421 2059 se
1444 1998 1523 2063 visui

137 2094 345 2168 praesentat.
391 2085 433 2147 Et
456 2086 593 2164 quamvis
619 2085 733 2145 Veneri
758 2085 941 2163 opitulentur
965 2086 1041 2146 fixae
1070 2086 1156 2147 simul
1186 2095 1217 2147 et
1248 2103 1341 2165 prope
1366 2105 1519 2165 appareu-

160 2185 229 2251 tes‚
253 2175 420 2236 Mercurius
450 2181 552 2234 tamen
580 2173 765 2252 frequentius
796 2174 825 2234 in
850 2174 939 2252 culpa
961 2184 1077 2246 manet,
1114 2174 1163 2255 qui
1189 2174 1254 2253 ipse
1287 2194 1355 2236 raro
1379 2175 1523 2251 cernitur,

161 2273 193 2325 et
223 2264 320 2324 rarius
350 2263 428 2324 fixae
457 2280 549 2341 prope
578 2262 685 2340 ipsum.
733 2260 867 2340 Cumque
901 2263 976 2323 haec.
999 2262 1088 2323 hodic
1113 2264 1271 2337 accidant,
1305 2264 1451 2326 credibile
1475 2272 1528 2325 est

162 2360 195 2415 ct
217 2352 371 2413 veteribus
395 2351 630 2431 quantiscunque
659 2350 823 2411 artificibus
849 2351 986 2411 accidere
1020 2352 1164 2430 potuisse.
1211 2353 1290 2414 Nam
1313 2352 1392 2432 quod
1424 2353 1524 2415 lecto-

163 2460 225 2503 rem
251 2441 288 2501 de
312 2458 348 2501 eo
371 2459 429 2501 nou
453 2447 584 2513 monent,
609 2439 638 2499 id
662 2440 757 2518 ipsum
782 2439 982 2517 suspicionem
1007 2442 1043 2501 de
1067 2441 1170 2502 horum
1189 2441 1379 2520 planetarum
1402 2441 1525 2503 dimen-

162 2529 295 2592 sionibus
318 2528 438 2590 vitiosis
462 2536 563 2608 auget.
608 2529 674 2590 Hoc
698 2528 776 2588 enim
800 2527 908 2589 indicio
933 2538 994 2602 est,
1027 2548 1081 2589 nec
1106 2530 1345 2591 animadversum
1369 2528 1445 2609 ipsis
1471 2550 1526 2591 rrec

163 2626 330 2681 correctum
360 2638 443 2692 esse,
477 2617 504 2678 si
533 2617 602 2697 quid
636 2637 673 2678 ex
697 2635 732 2677 eo
757 2616 820 2679 vitii
854 2617 982 2679 exstitit.
1036 2615 1138 2686 Quare
1170 2620 1199 2680 in
1229 2619 1357 2680 lectione
1387 2626 1525 2681 veterum

163 2706 309 2786 imprimis
332 2706 529 2789 spectandum
554 2726 621 2769 esse
644 2713 728 2786 puto,
753 2714 852 2767 utrum
875 2706 1059 2785 singularum
1074 2706 1326 2781 observationum,
1353 2727 1429 2787 quae
1444 2708 1525 2769 alle-

162 2805 281 2875 gantur,
306 2795 505 2857 iustrumenta
529 2804 561 2857 et
585 2795 664 2855 modi
688 2794 755 2855 huic
780 2796 873 2856 errori
898 2795 1017 2856 obnoxii
1043 2815 1110 2857 esse
1135 2796 1298 2874 potuerint.

95 2964 98 2968 ¹
249 2884 366 2945 Deinde
389 2903 447 2945 non
472 2883 580 2962 injuria
604 2894 720 2955 metuo,
754 2894 786 2943 ut
809 2884 904 2945 multa
928 2884 1024 2945 adhuc
1049 2884 1078 2945 in
1102 2885 1218 2945 ratione
1242 2884 1453 2966 hypothesium
1476 2884 1545 2967 his,

161 2972 277 3034 duobus
310 2972 441 3051 planetis
473 2972 581 3033 relicta
613 2972 730 3033 incerta
759 2972 831 3032 sint.
879 2971 1065 3050 Cupernicus
1097 2975 1147 3044 (ut
1179 2972 1331 3051 colligitur
1363 2992 1402 3033 ex
1432 2974 1523 3035 modo

160 3061 264 3142 posita
286 3060 418 3132 Rhetici,
441 3071 473 3122 et
495 3061 574 3123 inira
597 3080 633 3120 ex
653 3060 808 3121 Maestlini
833 3061 977 3138 epistola)
1000 3061 1068 3138 plus
1091 3061 1259 3123 Ptolemaei
1282 3061 1407 3142 placita,
1433 3080 1525 3141 quam

162 3150 403 3212 observationum
433 3150 646 3211 necessitatem
676 3158 796 3210 secutus
826 3160 874 3210 est
905 3150 934 3209 in
960 3151 1152 3211 emendandis
1184 3151 1355 3213 interiorum
1385 3150 1523 3211 theoriis.

163 3237 232 3308 Qua
254 3238 283 3299 in
307 3258 339 3299 re
364 3257 421 3318 quo
446 3238 541 3298 minus
564 3237 743 3315 reprehendi
767 3247 880 3316 posset,
905 3237 1053 3300 Rheticus
1076 3239 1105 3298 in
1131 3259 1186 3298 sua
1210 3239 1381 3300 narratione
1406 3239 1522 3300 effecit:

162 3328 210 3389 ubi
244 3335 359 3400 monet,
394 3327 622 3405 religiosissime
653 3336 786 3386 veterum
820 3327 960 3405 vestigiis
994 3327 1207 3389 inhaerendum
1240 3347 1294 3388 nec
1328 3327 1417 3388 t'acile
1453 3327 1523 3407 quid

161 3416 348 3488 mutandum,
384 3416 477 3477 douec
508 3414 751 3475 observationum
785 3424 921 3476 extrema
948 3416 1262 3495 necessitasurgeat.
1310 3413 1399 3486 Quod
1429 3415 1525 3495 igitur

137 3505 237 3566 ,adeo
262 3504 429 3584 exquisitae
454 3503 681 3565 observationes
706 3502 808 3565 haberi
833 3524 888 3563 non
913 3514 1053 3583 possent,
1085 3525 1121 3566 ea
1146 3506 1276 3566 fortasse
1309 3503 1385 3565 satis
1410 3523 1525 3584 magna

161 3613 255 3654 causa
284 3593 339 3655 fuit
362 3593 468 3654 artifici
492 3591 741 3671 prudentissimo,
773 3601 895 3670 praeter
924 3595 1231 3654 accommodationem
1261 3594 1299 3654 ad
1323 3613 1379 3654 sua
1408 3593 1525 3673 placita

161 3681 235 3743 nihil
259 3681 383 3743 ulterius
406 3682 437 3742 iu
460 3683 599 3760 planetas
623 3680 714 3740 hosce
738 3681 884 3743 tentandi.

249 3768 338 3841 Quod
367 3771 458 3850 igitur
490 3769 518 3830 in
548 3769 667 3830 Venere
700 3788 840 3848 maguam
863 3770 948 3829 vides
972 3789 1093 3831 arcuum
1123 3770 1342 3842 diversitatem,
1377 3769 1445 3849 ejus
1479 3768 1526 3845 rei

161 3858 278 3938 culpam
306 3859 385 3921 inter
413 3867 529 3932 cetera,
564 3877 638 3937 quae
663 3857 690 3918 in
716 3877 824 3936 genere
848 3858 1009 3936 praemisi,
1039 3861 1131 3938 (quae
1165 3870 1195 3922 te
1223 3860 1316 3940 probe
1350 3859 1526 3923 meminisse

160 3949 283 4023 velim),
314 3948 405 4010 etiam
428 3949 457 4009 in
486 3947 560 4008 haec
588 3947 676 4007 modo
705 3949 839 4026 allegata
867 3948 1047 4009 offendicula
1075 3950 1191 4023 confer3
1226 3957 1258 4010 et
1285 3947 1530 4026 magnitudinem

162 4036 329 4098 discordiae
355 4037 590 4118 aequianmitate
613 4043 682 4108 tua,
714 4036 839 4097 sibene
864 4037 984 4115 singula
1007 4037 1208 4117 perpendisti,
1238 4037 1328 4098 facile
1353 4037 1523 4117 superabis.

161 4122 230 4195 Qua
253 4126 282 4186 in
306 4145 339 4186 re
363 4144 471 4204 magno
496 4125 551 4186 tibi
576 4123 685 4186 solatio
710 4125 782 4198 erit,
816 4125 895 4203 quod
920 4145 1060 4186 numerus
1086 4123 1311 4205 Cupernicanus
1335 4125 1454 4187 medius
1477 4134 1534 4190 est

161 4212 240 4275 iuter
263 4232 350 4275 arcus
375 4234 413 4275 ex
435 4213 617 4292 interposita
645 4221 675 4275 et
704 4232 740 4273 ex
765 4213 877 4274 omissa
901 4213 988 4275 Luna
1015 4215 1209 4293 prodeuntes.
1256 4216 1336 4276 Nam
1366 4214 1394 4275 si
1422 4215 1534 4279 orbem

161 4319 302 4380 maguum
325 4309 491 4383 systemate
515 4303 618 4364 Lunae
644 4301 773 4363 sarcias:
800 4301 978 4363 icosa'edron
996 4303 1146 4364 Venerem
1169 4304 1288 4382 longius
1311 4325 1331 4364 a
1354 4303 1452 4366 Terra
1476 4304 1524 4367 di·

156 4384 262 4453 'movet
284 4399 374 4470 atque
399 4388 582 4469 Copemicus
606 4391 756 4470 prodidit:
782 4391 828 4452 sin
853 4401 980 4460 exemta
991 4392 1077 4453 Luna
1101 4392 1265 4454 tenuiorem
1286 4392 1403 4455 allicias
1422 4393 1523 4455 orbem

160 4497 316 4559 magnum,
341 4480 437 4558 ligura
460 4479 611 4541 Venerem
635 4479 754 4541 nimium
778 4499 870 4559 prope
895 4480 1042 4554 admittit,
1068 4482 1279 4562 majoremque,
1309 4500 1398 4560 quam
1424 4490 1475 4544 est
1495 4480 1524 4543 in

160 4566 337 4648 ceperano,
363 4586 431 4629 esse
454 4568 577 4647 patitur.
626 4567 727 4639 Quare
757 4569 869 4648 aliquid
894 4569 991 4630 miuus
1015 4569 1102 4631 Luna
1125 4590 1187 4631 rem
1207 4571 1315 4648 juvare
1339 4570 1469 4648 poterit,
1499 4569 1524 4631 si

159 4659 307 4720 tenendus
332 4654 518 4735 Cupernicus
542 4667 599 4719 est.

247 4747 293 4809 De
316 4745 466 4808 Mercurio
489 4763 561 4806 vero
586 4754 701 4807 tauturu
721 4745 788 4825 jam
813 4745 924 4806 dictum
950 4754 1011 4819 est,
1043 4744 1160 4826 dicique
1185 4745 1315 4826 amplius
1337 4753 1458 4824 potest.
1493 4755 1525 4809 ut
