3366 5482
673 269 836 321 bonomium.
1176 283 1181 290 ’
1372 267 1437 334 235

76 435 176 489 autem
200 427 361 507 aliquoties
385 427 574 510 scripserim,
600 429 718 491 omniuo
740 429 812 490 mihi
835 430 1004 509 persuadeo
1028 437 1060 491 et
1082 448 1174 511 prope
1199 436 1313 492 certum
1337 437 1437 504 teneo,

76 535 119 577 me
143 515 245 594 prima
268 516 375 577 statim
398 515 464 576 vice
480 515 631 596 Tychonis
655 519 764 580 iecisse
788 518 980 581 mentionem.
1027 518 1133 580 Prodit
1153 539 1185 580 se
1209 518 1306 580 instar
1330 519 1437 581 soricis

77 611 105 665 et
127 624 196 665 meo
216 604 333 682 judicio
358 625 413 666 sua
438 604 628 666 confessione
653 605 694 667 ἐπ’
720 605 890 684 αὖτοφωρῳ
919 606 1161 686 deprehenditur.
1208 608 1271 681 Ait,
1303 628 1335 669 se
1365 627 1438 669 suas

77 692 262 775 hypotheses
293 711 330 752 ex
352 692 529 753 Ptolemaeo
559 694 757 769 desumsisse,
790 704 925 757 mutasse
958 695 1036 756 enim
1059 696 1203 757 uounulla
1232 697 1261 757 in
1286 696 1439 757 sententia

77 780 232 860 Apollonii
257 781 387 859 Pergaei
411 781 447 840 de
472 780 654 843 stationibus
681 784 919 863 speculationem
943 783 1154 863 proponentis:
1179 785 1352 864 Tychonem
1367 803 1438 844 vero

77 869 208 931 indidem
238 889 308 930 suas
340 868 541 947 depromsisse
573 878 603 929 et
632 870 687 930 hoc
712 890 833 949 negare.
881 874 964 950 Lego
996 890 1071 950 quae
1101 872 1137 931 de
1166 872 1222 933 hoc
1245 873 1439 933 Ptolemaeus

77 957 214 1037 scripsit,
240 965 271 1018 et
295 958 427 1018 insanire
452 956 533 1017 dices
558 958 679 1019 Ursum.
727 961 842 1021 Verum
867 961 984 1041 quidem
1009 969 1075 1031 est,
1099 979 1166 1020 cum
1190 961 1265 1020 duae
1290 969 1440 1038 ponantur

77 1046 294 1117 aPtolemaeo
318 1044 473 1122 Apollonii
499 1046 684 1119 sententiae,
717 1050 914 1126 posteriorem
944 1048 1065 1109 exiliis
1094 1047 1284 1128 aliquatenus
1313 1048 1439 1126 digitum

76 1134 231 1196 intendere
265 1135 304 1196 ad
335 1132 488 1213 Tychonis
522 1133 718 1214 hypotheses.
774 1137 876 1215 Fingit
908 1137 988 1198 eninr
1012 1137 1102 1197 trium
1135 1137 1319 1214 superiorum
1355 1138 1439 1208 (uam

76 1224 268 1285 Ptolemaeus
302 1222 415 1282 diserte
447 1221 536 1295 dicit,
569 1223 699 1284 alteram
721 1212 912 1286 sententiam
940 1225 1100 1304 complecti
1128 1247 1218 1299 norae
1246 1246 1317 1294 τους
1340 1245 1440 1285 nacae

76 1311 222 1383 ἀποςασιν
249 1312 421 1382 nocemur)
452 1306 617 1389 quemlibet
642 1312 759 1372 ’habere
785 1313 983 1374 ecceutricum
1003 1322 1112 1387 snum,
1147 1313 1197 1393 qui
1230 1330 1327 1373 annuo
1356 1319 1440 1373 motu

77 1401 244 1461 circumeat
266 1397 429 1476 secundum
455 1398 587 1459 ordinem
614 1399 776 1478 signorum.
823 1402 940 1463 Deinde
966 1402 993 1462 in
1020 1400 1152 1481 quolibet
1167 1401 1334 1462 ecceutrioo
1358 1399 1439 1461 volvi

76 1487 244 1568 epicyclum
272 1488 397 1548 Terram
429 1486 644 1561 ambeuutem,
682 1489 767 1566 cnjus
796 1499 894 1551 motus
922 1490 965 1551 sit
984 1489 1021 1553 -iu
1044 1489 1275 1568 praecedentia,
1304 1487 1440 1568 aequalis

78 1578 173 1639 motui
196 1575 441 1638 commutationis
469 1574 621 1653 planetae.
669 1575 730 1637 Sed
759 1597 817 1638 nou
846 1577 1019 1658 praetendit
1046 1577 1122 1638 hanc
1146 1578 1343 1656 posteriorem
1368 1595 1439 1636 seu-

79 1665 206 1726 tentiam
236 1664 324 1725 homo
354 1662 580 1735 stolidissimus,
614 1682 717 1725 verum
746 1666 829 1727 illam
858 1667 1004 1744 priorem,
1036 1684 1110 1744 quae
1139 1667 1227 1744 plane
1252 1665 1324 1726 nihil
1349 1664 1441 1725 hahet

79 1772 235 1815 commuue
264 1771 331 1813 cum
360 1750 511 1831 Tychone.
559 1752 660 1830 thue
693 1755 879 1833 propositum
912 1753 1062 1826 obtineat,
1093 1753 1208 1833 allegat
1241 1751 1439 1833 Copemicum

79 1842 128 1903 lib.
153 1842 195 1902 V.
221 1860 288 1921 cap.
314 1838 367 1903 35.
393 1847 424 1900 et
447 1840 537 1918 plane
562 1841 725 1915 contendit,
752 1840 952 1920 Ooperuicum
975 1841 1026 1903 illo
1047 1841 1145 1920 capite
1169 1843 1250 1903 viam
1274 1841 1440 1921 praeivisse

81 1930 212 2012 Tychoui
245 1931 283 1990 ad
314 1947 384 1988 suas
408 1928 601 2009 hypotheses.
650 1929 738 1990 <Dicit
764 1931 843 1992 enim
871 1949 1027 2010 expresse,
1058 1930 1266 2009 Tychonias
1291 1937 1439 1991 exstare

80 2019 113 2080 in
138 2016 353 2098 Copernico.
402 2012 586 2094 Copemicns
610 2035 680 2077 vero
705 2018 849 2080 lemmatii
874 2017 1017 2091 meminit,
1043 2019 1122 2097 quod
1143 2020 1180 2079 ad
1195 2019 1324 2097 priorem
1340 2018 1440 2097 Apol-

80 2106 150 2169 lonii
173 2099 359 2169 seutentiam
377 2103 522 2182 pertinet.
571 2103 632 2165 Sed
657 2106 728 2167 nihil
752 2107 850 2186 magis
865 2106 1031 2176 ridiculum,
1056 2125 1145 2186 quam
1170 2109 1249 2187 quod
1264 2127 1301 2167 ox
1316 2106 1367 2168 lib.
1384 2106 1440 2167 III.

80 2214 145 2275 cap.
170 2192 224 2257 25.
250 2192 411 2272 Coperuici
440 2192 495 2253 has
519 2192 671 2273 Tychonis
699 2195 882 2276 hypotheses
906 2195 971 2255 vult
995 2201 1187 2273 extorquere.
1227 2194 1310 2257 Com
1339 2193 1441 2256 ibide

80 2291 182 2346 ceotuo
210 2283 312 2346 mundi
337 2279 504 2362 Copernico
534 2300 632 2341 sermo
662 2283 717 2354 sit,
751 2304 789 2344 au
814 2284 908 2344 Terra
934 2290 1020 2344 -motn
1043 2283 1211 2345 ecceutrioo
1235 2283 1316 2344 oiroa
1339 2281 1442 2345 Solem

78 2374 203 2447 feratur,
228 2392 266 2433 an
289 2389 361 2431 vero
385 2367 438 2430 Sol
463 2369 544 2430 circa
567 2378 702 2432 centrum
726 2372 808 2433 orbis
831 2372 931 2451 magni
951 2378 1033 2432 motu
1049 2371 1233 2445 tardissimo,
1260 2372 1441 2432 Terravero

80 2468 161 2523 motu
184 2458 374 2522 concentrico
398 2457 479 2518 circa
502 2457 581 2518 idem
604 2467 739 2521 centrum
763 2460 845 2521 orbis
869 2460 970 2538 magui
996 2467 1080 2522 motu
1096 2480 1204 2537 annuo,
1228 2467 1317 2541 putat
1338 2458 1442 2521 asinus

79 2549 142 2622 ille,
170 2548 316 2628 uoniam
341 2564 442 2618 ursus,
473 2544 672 2624 Copernicum
701 2549 781 2628 loqui
804 2549 841 2610 de
870 2548 1105 2627 transpositione
1129 2548 1210 2610 Solis
1234 2549 1267 2635 jn
1297 2548 1441 2609 ambitum

79 2636 159 2699 orbis
176 2637 299 2716 magni,
333 2636 445 2695 Terrae
469 2653 541 2696 vero
565 2635 594 2696 in
619 2643 754 2698 centrum
779 2637 851 2716 ejus,
868 2637 961 2699 orbis.
1009 2635 1097 2707 Quae
1121 2645 1283 2717 postquam
1307 2636 1381 2716 legi,
1414 2635 1442 2696 in

78 2726 155 2787 hano
182 2724 224 2786 ivi
253 2721 449 2796 senteutiam,
478 2741 574 2803 neque
598 2723 708 2786 lectum
732 2745 799 2786 esse
823 2725 902 2788 Urso
926 2725 1147 2795 Ptolemaeum,
1171 2745 1275 2804 -ueque
1298 2725 1440 2787 intellec·

78 2821 141 2876 tum
165 2811 375 2893 Copemicnm.

146 2970 320 3035 Keplerus,
341 2975 369 3019 ut
390 2983 421 3018 ex
439 2967 548 3031 epistolis
566 2969 706 3032 praemissis
730 2970 876 3020 concludere
896 2970 963 3026 licet,
985 2983 1060 3035 aegre
1073 2970 1147 3019 subiit
1160 2971 1286 3035 negotium
1297 2983 1314 3018 a
1325 2969 1443 3032 Tychoue

76 3042 174 3107 abipso
187 3041 346 3106 pabulatum,
368 3039 505 3103 utpuhlioe
521 3045 608 3088 centn
620 3038 711 3089 Ursum
724 3042 749 3090 in
762 3043 842 3090 aciem
854 3041 969 3104 prodiret.
1006 3041 1138 3090 Utautern
1150 3040 1301 3102 Tychonem.
1325 3040 1358 3089 ad
1370 3052 1443 3104 quern

77 3127 142 3163 anno
156 3109 223 3162 1601
248 3127 262 3161 e
284 3111 368 3174 Scyria
387 3117 556 3174 transgressus
579 3118 625 3166 est,
647 3111 693 3159 sthi
706 3112 865 3167 conciliaret,
895 3113 997 3160 ineunte
1019 3126 1085 3161 nuno
1107 3108 1171 3158 1601
1202 3112 1309 3160 Gracilis
1328 3125 1379 3160 rem
1398 3124 1442 3176 ag·

74 3199 189 3250 grurus,-
206 3184 303 3232 initium
318 3181 486 3246 „apologiae⁴
500 3195 585 3230 secum
598 3182 706 3247 Pragam
728 3183 819 3237 attulit.
844 3182 986 3244 Tychonem
1007 3184 1069 3232 torte
1083 3188 1235 3246 ¹exspectans
1246 3182 1444 3239 adhortatum,

75 3262 104 3305 ut
125 3255 188 3305 iliud
210 3253 331 3304 adfinem
346 3252 509 3316 perduceret,
537 3258 582 3300 aut
600 3251 662 3301 Urso
684 3259 820 3316 opportuno
837 3259 931 3301 mortuo
948 3268 1000 3302 rem
1022 3253 1096 3317 plane
1116 3254 1241 3316 abjiceret.
1280 3251 1342 3301 Cum
1359 3251 1444 3314 'llycho

74 3326 164 3376 mem
176 3339 244 3375 auno
257 3320 311 3386 (ut.
324 3319 401 3384 Nor.)
414 3323 497 3371 subita
509 3328 587 3371 morto
601 3324 737 3372 exstinctus
751 3330 825 3382 esset,
847 3324 902 3373 ahie
917 3324 1092 3387 multiplicibus
1109 3325 1216 3389 negotiis
1237 3325 1337 3373 obrutus
1349 3321 1443 3385 Keple·

70 3410 116 3447 ιω
140 3408 231 3446 munus
255 3395 316 3444 illud
327 3396 453 3460 ingratum
473 3393 569 3454 rejecit,
596 3407 746 3458 quamquam
770 3410 820 3443 uon
846 3395 920 3457 plane
943 3396 1042 3457 abiecit
1081 3393 1217 3455 Quaerenti
1240 3396 1305 3445 enirn
1323 3392 1444 3444 'Daridl

68 3468 245 3518 Fabricio:
266 3466 356 3524 „audio
378 3471 404 3515 te
416 3464 584 3513 eburdtetes
603 3463 778 3527 hypothesium
790 3465 823 3514 R.
837 3466 893 3515 Ursi
914 3466 1045 3516 telumue.
1083 3466 1182 3528 Quaeso
1202 3472 1230 3516 ut
1248 3467 1327 3529 primo
1349 3476 1444 3528 quoque

68 3545 185 3603 tenpore
196 3543 271 3601 prom
282 3536 394 3600 'l'ychoui
407 3536 451 3584 ahs
464 3541 489 3584 te
502 3536 645 3598 promissum
658 3536 712 3592 luit,
725 3537 811 3594 edas‚“
825 3537 952 3600 respoudit
963 3538 1131 3601 Keplerue
1145 3534 1182 3598 (2.
1197 3538 1259 3587 Dec.
1280 3532 1370 3596 thoti:

166 3624 307 3705 „Scripsi
331 3625 360 3686 iu
382 3616 511 3696 Ursum,
546 3624 598 3685 sed
623 3623 776 3704 mihiipsi
804 3644 862 3686 noo
879 3625 1058 3700 -satisfacio;
1090 3632 1212 3704 oportet
1239 3625 1323 3702 priua
1341 3623 1443 3702 inspi-

70 3735 146 3777 cere
170 3714 312 3777 Proclum
335 3721 366 3775 et
388 3712 558 3773 Averroem
581 3712 618 3773 de
643 3712 771 3774 historia
793 3714 1015 3794 hypothesium.
1060 3713 1159 3774 hidam
1179 3712 1357 3792 aliquando,
1391 3711 1444 3773 ubi

63 3803 107 3866 id
130 3803 237 3921 minp‘ri
264 3802 381 3865 invidia
403 3800 468 3862 fieri
490 3801 603 3880 poterit
633 3819 721 3879 quam
751 3822 839 3864 nunc.
888 3802 958 3863 Fuit
987 3803 1065 3864 enim
1090 3796 1218 3880 (Ursus)
1237 3818 1327 3861 meus
1345 3806 1444 3861 ante·

59 3911 187 3954 noceor.

147 4049 197 4100 Hic
220 4061 237 4099 a
258 4046 368 4112 Keploro
391 4045 523 4096 inchoatus
545 4060 626 4110 neque
649 4059 705 4096 roro
732 4044 857 4096 absolutus
880 4046 976 4098 libellus
1000 4048 1067 4096 inest
1090 4044 1145 4096 Vol.
1167 4045 1199 4096 V.
1222 4047 1444 4110 manuscriptorum

59 4115 317 4187 l’etsopolitanorum
335 4132 440 4184 eumque
459 4123 592 4180 sequentes
611 4117 728 4168 exhibent
745 4118 861 4183 paginae.
