<?xml version="1.0" encoding="UTF-8"?>
<!DOCTYPE html PUBLIC "-//W3C//DTD XHTML 1.0 Transitional//EN"
    "http://www.w3.org/TR/xhtml1/DTD/xhtml1-transitional.dtd">
<html xmlns="http://www.w3.org/1999/xhtml" xml:lang="en" lang="en">
 <head>
  <title>
</title>
<meta http-equiv="Content-Type" content="text/html;charset=utf-8" />
  <meta name='ocr-system' content='tesseract 3.04.00' />
  <meta name='ocr-capabilities' content='ocr_page ocr_carea ocr_par ocr_line ocrx_word'/>
</head>
<body>
  <div class='ocr_page' id='page_1' title='image "./joanniskepleria04frisgoog_0179.png"; bbox 0 0 3366 5482; ppageno 0'>
   <div class='ocr_carea' id='block_1_1' title="bbox 671 280 1001 349">
    <p class='ocr_par' dir='ltr' id='par_1_1' title="bbox 671 280 1001 349">
     <span class='ocr_line' id='line_1_1' title="bbox 671 280 1001 349; baseline 0.006 -16"><span class='ocrx_word' id='word_1_1' title='bbox 671 280 784 346; x_wconf 69' lang='lat' dir='ltr'><strong>myses</strong></span> <span class='ocrx_word' id='word_1_2' title='bbox 801 280 1001 349; x_wconf 54' lang='lat' dir='ltr'><strong>minius</strong></span> 
     </span>
    </p>
   </div>
   <div class='ocr_carea' id='block_1_2' title="bbox 528 490 1155 666">
    <p class='ocr_par' dir='ltr' id='par_1_2' title="bbox 528 490 1155 666">
     <span class='ocr_line' id='line_1_2' title="bbox 528 490 1155 556; baseline -0.002 0"><span class='ocrx_word' id='word_1_3' title='bbox 528 493 572 556; x_wconf 82' lang='lat' dir='ltr'><strong>IN</strong></span> <span class='ocrx_word' id='word_1_4' title='bbox 597 490 734 554; x_wconf 83' lang='lat' dir='ltr'><strong>CAPUT</strong></span> <span class='ocrx_word' id='word_1_5' title='bbox 759 490 956 554; x_wconf 81' lang='lat' dir='ltr'>DECIMUM</span> <span class='ocrx_word' id='word_1_6' title='bbox 980 491 1155 555; x_wconf 82' lang='lat' dir='ltr'><strong>SEXTUM</strong></span> 
     </span>
     <span class='ocr_line' id='line_1_3' title="bbox 683 612 995 666; baseline -0.01 -1"><span class='ocrx_word' id='word_1_7' title='bbox 683 613 797 666; x_wconf 82' lang='lat' dir='ltr'><strong>uorsa</strong></span> <span class='ocrx_word' id='word_1_8' title='bbox 817 612 995 665; x_wconf 71' lang='lat' dir='ltr'><strong>lucrosus.</strong></span> 
     </span>
    </p>
   </div>
   <div class='ocr_carea' id='block_1_3' title="bbox 117 722 1525 4078">
    <p class='ocr_par' dir='ltr' id='par_1_3' title="bbox 117 722 1525 1980">
     <span class='ocr_line' id='line_1_4' title="bbox 238 722 1525 796; baseline -0.001 -14"><span class='ocrx_word' id='word_1_9' title='bbox 238 722 270 796; x_wconf 85' lang='lat' dir='ltr'><strong>a)</strong></span> <span class='ocrx_word' id='word_1_10' title='bbox 290 731 331 781; x_wconf 79' lang='lat' dir='ltr'><strong>st</strong></span> <span class='ocrx_word' id='word_1_11' title='bbox 356 725 416 795; x_wconf 86' lang='lat' dir='ltr'><strong>jam</strong></span> <span class='ocrx_word' id='word_1_12' title='bbox 448 724 474 777; x_wconf 92' lang='lat' dir='ltr'><strong>in</strong></span> <span class='ocrx_word' id='word_1_13' title='bbox 496 724 583 777; x_wconf 90' lang='lat' dir='ltr'><strong>lucem</strong></span> <span class='ocrx_word' id='word_1_14' title='bbox 610 723 728 792; x_wconf 89' lang='lat' dir='ltr'><strong>prolatis</strong></span> <span class='ocrx_word' id='word_1_15' title='bbox 750 722 1028 792; x_wconf 87' lang='lat' dir='ltr'><strong>contemplationibus</strong></span> <span class='ocrx_word' id='word_1_16' title='bbox 1047 722 1237 792; x_wconf 69' lang='lat' dir='ltr'><strong>harmonicis,</strong></span> <span class='ocrx_word' id='word_1_17' title='bbox 1269 725 1366 781; x_wconf 81' lang='lat' dir='ltr'><strong>decisa</strong></span> <span class='ocrx_word' id='word_1_18' title='bbox 1393 732 1441 780; x_wconf 86' lang='lat' dir='ltr'><strong>est</strong></span> <span class='ocrx_word' id='word_1_19' title='bbox 1461 725 1525 781; x_wconf 73' lang='lat' dir='ltr'><strong>haee</strong></span> 
     </span>
     <span class='ocr_line' id='line_1_5' title="bbox 158 792 1525 876; baseline -0.002 -13"><span class='ocrx_word' id='word_1_20' title='bbox 158 807 354 870; x_wconf 83' lang='lat' dir='ltr'><strong>controversia,</strong></span> <span class='ocrx_word' id='word_1_21' title='bbox 385 805 434 858; x_wconf 88' lang='lat' dir='ltr'><strong>lib.</strong></span> <span class='ocrx_word' id='word_1_22' title='bbox 457 803 490 858; x_wconf 85' lang='lat' dir='ltr'><strong>V.</strong></span> <span class='ocrx_word' id='word_1_23' title='bbox 512 805 608 857; x_wconf 83' lang='lat' dir='ltr'><strong>Herm.</strong></span> <span class='ocrx_word' id='word_1_24' title='bbox 649 804 768 856; x_wconf 89' lang='lat' dir='ltr'><strong>Primum</strong></span> <span class='ocrx_word' id='word_1_25' title='bbox 799 803 870 855; x_wconf 89' lang='lat' dir='ltr'><strong>eninr</strong></span> <span class='ocrx_word' id='word_1_26' title='bbox 891 803 1051 871; x_wconf 81' lang='lat' dir='ltr'><strong>corporibus</strong></span> <span class='ocrx_word' id='word_1_27' title='bbox 1073 802 1140 872; x_wconf 89' lang='lat' dir='ltr'><strong>ipsis</strong></span> <span class='ocrx_word' id='word_1_28' title='bbox 1168 805 1288 876; x_wconf 90' lang='lat' dir='ltr'><strong>quinque</strong></span> <span class='ocrx_word' id='word_1_29' title='bbox 1311 807 1446 860; x_wconf 73' lang='lat' dir='ltr'><strong>ademtsoe</strong></span> <span class='ocrx_word' id='word_1_30' title='bbox 1467 792 1525 861; x_wconf 73' lang='lat' dir='ltr'><strong>aaut</strong></span> 
     </span>
     <span class='ocr_line' id='line_1_6' title="bbox 156 882 1525 959; baseline -0.002 -17"><span class='ocrx_word' id='word_1_31' title='bbox 156 885 349 959; x_wconf 73' lang='lat' dir='ltr'><strong>proportiones</strong></span> <span class='ocrx_word' id='word_1_32' title='bbox 371 883 477 937; x_wconf 90' lang='lat' dir='ltr'><strong>orbium</strong></span> <span class='ocrx_word' id='word_1_33' title='bbox 499 900 535 936; x_wconf 90' lang='lat' dir='ltr'><strong>ex</strong></span> <span class='ocrx_word' id='word_1_34' title='bbox 556 889 655 951; x_wconf 90' lang='lat' dir='ltr'><strong>parte:</strong></span> <span class='ocrx_word' id='word_1_35' title='bbox 683 883 783 935; x_wconf 87' lang='lat' dir='ltr'><strong>ultima</strong></span> <span class='ocrx_word' id='word_1_36' title='bbox 803 900 840 935; x_wconf 87' lang='lat' dir='ltr'><strong>so.</strong></span> <span class='ocrx_word' id='word_1_37' title='bbox 863 891 893 935; x_wconf 92' lang='lat' dir='ltr'><strong>et</strong></span> <span class='ocrx_word' id='word_1_38' title='bbox 914 882 1122 936; x_wconf 88' lang='lat' dir='ltr'><strong>absolutissima</strong></span> <span class='ocrx_word' id='word_1_39' title='bbox 1149 883 1256 938; x_wconf 91' lang='lat' dir='ltr'><strong>orbium</strong></span> <span class='ocrx_word' id='word_1_40' title='bbox 1287 885 1437 955; x_wconf 76' lang='lat' dir='ltr'><strong>proportio</strong></span> <span class='ocrx_word' id='word_1_41' title='bbox 1458 900 1525 939; x_wconf 82' lang='lat' dir='ltr'><strong>conr·</strong></span> 
     </span>
     <span class='ocr_line' id='line_1_7' title="bbox 158 961 1525 1033; baseline -0.001 -12"><span class='ocrx_word' id='word_1_42' title='bbox 158 967 245 1022; x_wconf 89' lang='lat' dir='ltr'><strong>munis</strong></span> <span class='ocrx_word' id='word_1_43' title='bbox 267 972 312 1019; x_wconf 87' lang='lat' dir='ltr'><strong>est</strong></span> <span class='ocrx_word' id='word_1_44' title='bbox 331 965 409 1018; x_wconf 86' lang='lat' dir='ltr'><strong>facta</strong></span> <span class='ocrx_word' id='word_1_45' title='bbox 429 969 458 1016; x_wconf 91' lang='lat' dir='ltr'><strong>et</strong></span> <span class='ocrx_word' id='word_1_46' title='bbox 479 961 638 1032; x_wconf 79' lang='lat' dir='ltr'><strong>corporibus</strong></span> <span class='ocrx_word' id='word_1_47' title='bbox 660 969 690 1015; x_wconf 87' lang='lat' dir='ltr'><strong>et</strong></span> <span class='ocrx_word' id='word_1_48' title='bbox 710 962 859 1015; x_wconf 80' lang='lat' dir='ltr'><strong>harmoniis</strong></span> <span class='ocrx_word' id='word_1_49' title='bbox 882 978 960 1031; x_wconf 92' lang='lat' dir='ltr'><strong>prop.</strong></span> <span class='ocrx_word' id='word_1_50' title='bbox 983 962 1021 1016; x_wconf 85' lang='lat'><strong>48</strong></span> <span class='ocrx_word' id='word_1_51' title='bbox 1043 969 1073 1016; x_wconf 88' lang='lat' dir='ltr'><strong>et</strong></span> <span class='ocrx_word' id='word_1_52' title='bbox 1095 962 1140 1016; x_wconf 79' lang='lat'><strong>49.</strong></span> <span class='ocrx_word' id='word_1_53' title='bbox 1163 979 1225 1033; x_wconf 89' lang='lat' dir='ltr'><strong>cap.</strong></span> <span class='ocrx_word' id='word_1_54' title='bbox 1244 963 1291 1019; x_wconf 70' lang='lat' dir='ltr'><strong>lK</strong></span> <span class='ocrx_word' id='word_1_55' title='bbox 1337 965 1401 1028; x_wconf 83' lang='lat' dir='ltr'><strong>Quo</strong></span> <span class='ocrx_word' id='word_1_56' title='bbox 1422 964 1525 1019; x_wconf 78' lang='lat' dir='ltr'><strong>nomiae</strong></span> 
     </span>
     <span class='ocr_line' id='line_1_8' title="bbox 159 1041 1525 1115; baseline -0.001 -14"><span class='ocrx_word' id='word_1_57' title='bbox 159 1046 228 1102; x_wconf 86' lang='lat' dir='ltr'><strong>nihil</strong></span> <span class='ocrx_word' id='word_1_58' title='bbox 257 1063 293 1098; x_wconf 88' lang='lat' dir='ltr'><strong>ex</strong></span> <span class='ocrx_word' id='word_1_59' title='bbox 325 1043 391 1097; x_wconf 89' lang='lat' dir='ltr'><strong>solis</strong></span> <span class='ocrx_word' id='word_1_60' title='bbox 413 1043 573 1111; x_wconf 88' lang='lat' dir='ltr'><strong>corporibus</strong></span> <span class='ocrx_word' id='word_1_61' title='bbox 605 1042 632 1094; x_wconf 91' lang='lat' dir='ltr'><strong>in</strong></span> <span class='ocrx_word' id='word_1_62' title='bbox 663 1041 735 1095; x_wconf 86' lang='lat' dir='ltr'><strong>hano</strong></span> <span class='ocrx_word' id='word_1_63' title='bbox 765 1042 808 1094; x_wconf 85' lang='lat' dir='ltr'><strong>rel</strong></span> <span class='ocrx_word' id='word_1_64' title='bbox 841 1042 916 1095; x_wconf 87' lang='lat' dir='ltr'><strong>illam</strong></span> <span class='ocrx_word' id='word_1_65' title='bbox 945 1048 1053 1110; x_wconf 90' lang='lat' dir='ltr'><strong>partem</strong></span> <span class='ocrx_word' id='word_1_66' title='bbox 1083 1045 1117 1095; x_wconf 89' lang='lat' dir='ltr'><strong>de</strong></span> <span class='ocrx_word' id='word_1_67' title='bbox 1145 1043 1226 1098; x_wconf 91' lang='lat' dir='ltr'><strong>Luna</strong></span> <span class='ocrx_word' id='word_1_68' title='bbox 1254 1044 1394 1114; x_wconf 87' lang='lat' dir='ltr'><strong>disputari</strong></span> <span class='ocrx_word' id='word_1_69' title='bbox 1426 1048 1525 1115; x_wconf 80' lang='lat' dir='ltr'><strong>potest</strong></span> 
     </span>
     <span class='ocr_line' id='line_1_9' title="bbox 117 1121 1525 1194; baseline -0.001 -14"><span class='ocrx_word' id='word_1_70' title='bbox 117 1184 120 1188; x_wconf 63' lang='grc'><strong>,</strong></span> <span class='ocrx_word' id='word_1_71' title='bbox 157 1127 265 1182; x_wconf 78' lang='lat' dir='ltr'><strong>Deinde</strong></span> <span class='ocrx_word' id='word_1_72' title='bbox 295 1125 318 1177; x_wconf 91' lang='lat' dir='ltr'><strong>si</strong></span> <span class='ocrx_word' id='word_1_73' title='bbox 349 1122 468 1177; x_wconf 91' lang='lat' dir='ltr'><strong>maxime</strong></span> <span class='ocrx_word' id='word_1_74' title='bbox 489 1140 525 1174; x_wconf 87' lang='lat' dir='ltr'><strong>ex</strong></span> <span class='ocrx_word' id='word_1_75' title='bbox 547 1121 614 1175; x_wconf 86' lang='lat' dir='ltr'><strong>solis</strong></span> <span class='ocrx_word' id='word_1_76' title='bbox 644 1121 763 1192; x_wconf 86' lang='lat' dir='ltr'><strong>quinque</strong></span> <span class='ocrx_word' id='word_1_77' title='bbox 785 1121 944 1190; x_wconf 88' lang='lat' dir='ltr'><strong>corporibus</strong></span> <span class='ocrx_word' id='word_1_78' title='bbox 975 1122 1160 1176; x_wconf 73' lang='lat' dir='ltr'><strong>formarentur</strong></span> <span class='ocrx_word' id='word_1_79' title='bbox 1186 1124 1384 1194; x_wconf 79' lang='lat' dir='ltr'><strong>proportiones</strong></span> <span class='ocrx_word' id='word_1_80' title='bbox 1414 1124 1525 1188; x_wconf 72' lang='lat' dir='ltr'><strong>orbium</strong></span> 
     </span>
     <span class='ocr_line' id='line_1_10' title="bbox 158 1200 1525 1277; baseline -0.002 -16"><span class='ocrx_word' id='word_1_81' title='bbox 158 1206 242 1275; x_wconf 79' lang='lat' dir='ltr'><strong>huius</strong></span> <span class='ocrx_word' id='word_1_82' title='bbox 263 1204 357 1259; x_wconf 85' lang='lat' dir='ltr'><strong>tamen</strong></span> <span class='ocrx_word' id='word_1_83' title='bbox 378 1200 549 1255; x_wconf 75' lang='lat' dir='ltr'><strong>formationis</strong></span> <span class='ocrx_word' id='word_1_84' title='bbox 572 1204 666 1255; x_wconf 91' lang='lat' dir='ltr'><strong>modus</strong></span> <span class='ocrx_word' id='word_1_85' title='bbox 688 1201 775 1263; x_wconf 89' lang='lat' dir='ltr'><strong>alius,</strong></span> <span class='ocrx_word' id='word_1_86' title='bbox 807 1200 885 1254; x_wconf 91' lang='lat' dir='ltr'><strong>utin</strong></span> <span class='ocrx_word' id='word_1_87' title='bbox 907 1217 960 1270; x_wconf 92' lang='lat' dir='ltr'><strong>quo</strong></span> <span class='ocrx_word' id='word_1_88' title='bbox 981 1201 1122 1271; x_wconf 85' lang='lat' dir='ltr'><strong>inscriptio</strong></span> <span class='ocrx_word' id='word_1_89' title='bbox 1151 1203 1257 1257; x_wconf 90' lang='lat' dir='ltr'><strong>orbium</strong></span> <span class='ocrx_word' id='word_1_90' title='bbox 1277 1204 1402 1277; x_wconf 77' lang='lat' dir='ltr'><strong>physica</strong></span> <span class='ocrx_word' id='word_1_91' title='bbox 1424 1204 1525 1275; x_wconf 78' lang='lat' dir='ltr'><strong>gradus</strong></span> 
     </span>
     <span class='ocr_line' id='line_1_11' title="bbox 157 1276 1525 1357; baseline -0.002 -17"><span class='ocrx_word' id='word_1_92' title='bbox 157 1284 336 1357; x_wconf 84' lang='lat' dir='ltr'><strong>perfectionis</strong></span> <span class='ocrx_word' id='word_1_93' title='bbox 357 1280 565 1352; x_wconf 87' lang='lat' dir='ltr'><strong>proportionum</strong></span> <span class='ocrx_word' id='word_1_94' title='bbox 586 1281 816 1351; x_wconf 89' lang='lat' dir='ltr'><strong>geometricamm</strong></span> <span class='ocrx_word' id='word_1_95' title='bbox 838 1281 1041 1345; x_wconf 78' lang='lat' dir='ltr'><strong>aemularetur,</strong></span> <span class='ocrx_word' id='word_1_96' title='bbox 1073 1281 1216 1337; x_wconf 86' lang='lat' dir='ltr'><strong>stabilitus</strong></span> <span class='ocrx_word' id='word_1_97' title='bbox 1238 1290 1284 1337; x_wconf 90' lang='lat' dir='ltr'><strong>est</strong></span> <span class='ocrx_word' id='word_1_98' title='bbox 1305 1300 1388 1355; x_wconf 84' lang='lat' dir='ltr'><strong>prop.</strong></span> <span class='ocrx_word' id='word_1_99' title='bbox 1412 1284 1463 1339; x_wconf 78' lang='lat'><strong>46.</strong></span> <span class='ocrx_word' id='word_1_100' title='bbox 1476 1276 1525 1339; x_wconf 60' lang='lat' dir='ltr'><strong>dl.</strong></span> 
     </span>
     <span class='ocr_line' id='line_1_12' title="bbox 158 1360 1525 1432; baseline -0.001 -12"><span class='ocrx_word' id='word_1_101' title='bbox 158 1365 252 1420; x_wconf 89' lang='lat' dir='ltr'><strong>Tertio</strong></span> <span class='ocrx_word' id='word_1_102' title='bbox 273 1368 385 1418; x_wconf 88' lang='lat' dir='ltr'><strong>constat</strong></span> <span class='ocrx_word' id='word_1_103' title='bbox 405 1379 442 1415; x_wconf 90' lang='lat' dir='ltr'><strong>ex</strong></span> <span class='ocrx_word' id='word_1_104' title='bbox 464 1361 588 1414; x_wconf 90' lang='lat' dir='ltr'><strong>omuibus</strong></span> <span class='ocrx_word' id='word_1_105' title='bbox 609 1360 684 1413; x_wconf 92' lang='lat' dir='ltr'><strong>illius</strong></span> <span class='ocrx_word' id='word_1_106' title='bbox 708 1361 772 1413; x_wconf 89' lang='lat' dir='ltr'><strong>libri</strong></span> <span class='ocrx_word' id='word_1_107' title='bbox 794 1360 981 1414; x_wconf 81' lang='lat' dir='ltr'><strong>axiomatibus</strong></span> <span class='ocrx_word' id='word_1_108' title='bbox 1002 1369 1032 1414; x_wconf 92' lang='lat' dir='ltr'><strong>et</strong></span> <span class='ocrx_word' id='word_1_109' title='bbox 1053 1362 1296 1432; x_wconf 90' lang='lat' dir='ltr'><strong>propositionibus,</strong></span> <span class='ocrx_word' id='word_1_110' title='bbox 1317 1364 1450 1418; x_wconf 83' lang='lat' dir='ltr'><strong>ultimam</strong></span> <span class='ocrx_word' id='word_1_111' title='bbox 1464 1362 1525 1419; x_wconf 75' lang='lat' dir='ltr'><strong>lin·-</strong></span> 
     </span>
     <span class='ocr_line' id='line_1_13' title="bbox 159 1439 1525 1513; baseline -0.001 -14"><span class='ocrx_word' id='word_1_112' title='bbox 159 1446 292 1499; x_wconf 87' lang='lat' dir='ltr'><strong>tationem</strong></span> <span class='ocrx_word' id='word_1_113' title='bbox 312 1439 499 1513; x_wconf 69' lang='lat' dir='ltr'><strong>proportionss</strong></span> <span class='ocrx_word' id='word_1_114' title='bbox 520 1440 714 1495; x_wconf 86' lang='lat' dir='ltr'><strong>diastematum</strong></span> <span class='ocrx_word' id='word_1_115' title='bbox 740 1440 798 1493; x_wconf 85' lang='lat' dir='ltr'><strong>fieri</strong></span> <span class='ocrx_word' id='word_1_116' title='bbox 827 1441 1010 1494; x_wconf 86' lang='lat' dir='ltr'><strong>necessariam</strong></span> <span class='ocrx_word' id='word_1_117' title='bbox 1035 1449 1151 1511; x_wconf 90' lang='lat' dir='ltr'><strong>propter</strong></span> <span class='ocrx_word' id='word_1_118' title='bbox 1172 1450 1262 1497; x_wconf 92' lang='lat' dir='ltr'><strong>motus</strong></span> <span class='ocrx_word' id='word_1_119' title='bbox 1281 1445 1481 1512; x_wconf 74' lang='lat' dir='ltr'><strong>planetarum</strong></span> <span class='ocrx_word' id='word_1_120' title='bbox 1500 1448 1525 1498; x_wconf 81' lang='lat' dir='ltr'><strong>nt</strong></span> 
     </span>
     <span class='ocr_line' id='line_1_14' title="bbox 160 1520 1525 1595; baseline -0.003 -15"><span class='ocrx_word' id='word_1_121' title='bbox 160 1545 197 1580; x_wconf 91' lang='lat' dir='ltr'><strong>sc.</strong></span> <span class='ocrx_word' id='word_1_122' title='bbox 229 1525 302 1579; x_wconf 83' lang='lat' dir='ltr'><strong>iuter</strong></span> <span class='ocrx_word' id='word_1_123' title='bbox 329 1529 469 1576; x_wconf 79' lang='lat' dir='ltr'><strong>extremos</strong></span> <span class='ocrx_word' id='word_1_124' title='bbox 499 1528 589 1574; x_wconf 90' lang='lat' dir='ltr'><strong>motus</strong></span> <span class='ocrx_word' id='word_1_125' title='bbox 620 1538 682 1573; x_wconf 87' lang='lat' dir='ltr'><strong>esse</strong></span> <span class='ocrx_word' id='word_1_126' title='bbox 713 1528 827 1590; x_wconf 83' lang='lat' dir='ltr'><strong>possent</strong></span> <span class='ocrx_word' id='word_1_127' title='bbox 856 1520 1016 1574; x_wconf 89' lang='lat' dir='ltr'><strong>harmoniae</strong></span> <span class='ocrx_word' id='word_1_128' title='bbox 1038 1530 1141 1575; x_wconf 90' lang='lat' dir='ltr'><strong>certae.</strong></span> <span class='ocrx_word' id='word_1_129' title='bbox 1184 1522 1211 1576; x_wconf 82' lang='lat' dir='ltr'><strong>si</strong></span> <span class='ocrx_word' id='word_1_130' title='bbox 1243 1524 1308 1587; x_wconf 91' lang='lat' dir='ltr'><strong>hoc,</strong></span> <span class='ocrx_word' id='word_1_131' title='bbox 1340 1525 1425 1579; x_wconf 83' lang='lat' dir='ltr'><strong>nulla</strong></span> <span class='ocrx_word' id='word_1_132' title='bbox 1445 1522 1525 1595; x_wconf 76' lang='lat' dir='ltr'><strong>igitur</strong></span> 
     </span>
     <span class='ocr_line' id='line_1_15' title="bbox 160 1600 1525 1677; baseline -0.001 -18"><span class='ocrx_word' id='word_1_133' title='bbox 160 1613 257 1677; x_wconf 85' lang='lat' dir='ltr'><strong>potest</strong></span> <span class='ocrx_word' id='word_1_134' title='bbox 277 1601 377 1657; x_wconf 88' lang='lat' dir='ltr'><strong>haberi</strong></span> <span class='ocrx_word' id='word_1_135' title='bbox 398 1600 471 1654; x_wconf 91' lang='lat' dir='ltr'><strong>ratio</strong></span> <span class='ocrx_word' id='word_1_136' title='bbox 491 1600 588 1655; x_wconf 90' lang='lat' dir='ltr'><strong>Lunae</strong></span> <span class='ocrx_word' id='word_1_137' title='bbox 610 1601 721 1654; x_wconf 84' lang='lat' dir='ltr'><strong>Terram</strong></span> <span class='ocrx_word' id='word_1_138' title='bbox 744 1600 1017 1664; x_wconf 88' lang='lat' dir='ltr'><strong>circumcursitantis,</strong></span> <span class='ocrx_word' id='word_1_139' title='bbox 1048 1607 1081 1654; x_wconf 91' lang='lat' dir='ltr'><strong>ut</strong></span> <span class='ocrx_word' id='word_1_140' title='bbox 1101 1617 1172 1671; x_wconf 88' lang='lat' dir='ltr'><strong>quae</strong></span> <span class='ocrx_word' id='word_1_141' title='bbox 1202 1602 1272 1656; x_wconf 91' lang='lat' dir='ltr'><strong>nibil</strong></span> <span class='ocrx_word' id='word_1_142' title='bbox 1292 1604 1404 1658; x_wconf 86' lang='lat' dir='ltr'><strong>confert</strong></span> <span class='ocrx_word' id='word_1_143' title='bbox 1435 1605 1471 1658; x_wconf 88' lang='lat' dir='ltr'><strong>ad</strong></span> <span class='ocrx_word' id='word_1_144' title='bbox 1490 1601 1525 1657; x_wconf 87' lang='lat' dir='ltr'><strong>iu·</strong></span> 
     </span>
     <span class='ocr_line' id='line_1_16' title="bbox 162 1680 1525 1749; baseline -0.002 -9"><span class='ocrx_word' id='word_1_145' title='bbox 162 1686 302 1740; x_wconf 89' lang='lat' dir='ltr'><strong>citandum</strong></span> <span class='ocrx_word' id='word_1_146' title='bbox 323 1683 369 1735; x_wconf 84' lang='lat' dir='ltr'><strong>rel</strong></span> <span class='ocrx_word' id='word_1_147' title='bbox 390 1682 588 1735; x_wconf 87' lang='lat' dir='ltr'><strong>retardandum</strong></span> <span class='ocrx_word' id='word_1_148' title='bbox 609 1680 693 1733; x_wconf 91' lang='lat' dir='ltr'><strong>ullius</strong></span> <span class='ocrx_word' id='word_1_149' title='bbox 713 1680 845 1749; x_wconf 86' lang='lat' dir='ltr'><strong>planetae</strong></span> <span class='ocrx_word' id='word_1_150' title='bbox 867 1688 977 1742; x_wconf 88' lang='lat' dir='ltr'><strong>motum,</strong></span> <span class='ocrx_word' id='word_1_151' title='bbox 1000 1698 1050 1735; x_wconf 90' lang='lat' dir='ltr'><strong>nec</strong></span> <span class='ocrx_word' id='word_1_152' title='bbox 1069 1681 1233 1736; x_wconf 90' lang='lat' dir='ltr'><strong>curriculum</strong></span> <span class='ocrx_word' id='word_1_153' title='bbox 1247 1699 1327 1738; x_wconf 90' lang='lat' dir='ltr'><strong>suum</strong></span> <span class='ocrx_word' id='word_1_154' title='bbox 1349 1683 1426 1739; x_wconf 88' lang='lat' dir='ltr'><strong>circa</strong></span> <span class='ocrx_word' id='word_1_155' title='bbox 1439 1680 1525 1739; x_wconf 84' lang='lat' dir='ltr'><strong>Solem</strong></span> 
     </span>
     <span class='ocr_line' id='line_1_17' title="bbox 163 1760 1525 1834; baseline -0.001 -14"><span class='ocrx_word' id='word_1_156' title='bbox 163 1773 287 1827; x_wconf 85' lang='lat' dir='ltr'><strong>exercet,</strong></span> <span class='ocrx_word' id='word_1_157' title='bbox 308 1781 360 1816; x_wconf 92' lang='lat' dir='ltr'><strong>nec</strong></span> <span class='ocrx_word' id='word_1_158' title='bbox 381 1779 417 1815; x_wconf 90' lang='lat' dir='ltr'><strong>ex</strong></span> <span class='ocrx_word' id='word_1_159' title='bbox 433 1761 497 1814; x_wconf 89' lang='lat' dir='ltr'><strong>Sole</strong></span> <span class='ocrx_word' id='word_1_160' title='bbox 519 1760 657 1830; x_wconf 88' lang='lat' dir='ltr'><strong>regularis</strong></span> <span class='ocrx_word' id='word_1_161' title='bbox 679 1768 797 1830; x_wconf 89' lang='lat' dir='ltr'><strong>apparet</strong></span> <span class='ocrx_word' id='word_1_162' title='bbox 818 1760 878 1828; x_wconf 87' lang='lat' dir='ltr'><strong>ejus</strong></span> <span class='ocrx_word' id='word_1_163' title='bbox 900 1766 998 1815; x_wconf 87' lang='lat' dir='ltr'><strong>motus.</strong></span> <span class='ocrx_word' id='word_1_164' title='bbox 1041 1761 1111 1815; x_wconf 89' lang='lat' dir='ltr'><strong>Nam</strong></span> <span class='ocrx_word' id='word_1_165' title='bbox 1133 1780 1168 1815; x_wconf 81' lang='lat' dir='ltr'><strong>ex</strong></span> <span class='ocrx_word' id='word_1_166' title='bbox 1188 1762 1253 1816; x_wconf 87' lang='lat' dir='ltr'><strong>Sole</strong></span> <span class='ocrx_word' id='word_1_167' title='bbox 1275 1764 1420 1834; x_wconf 90' lang='lat' dir='ltr'><strong>inspectus</strong></span> <span class='ocrx_word' id='word_1_168' title='bbox 1433 1763 1525 1818; x_wconf 71' lang='lat' dir='ltr'><strong>Lunae</strong></span> 
     </span>
     <span class='ocr_line' id='line_1_18' title="bbox 161 1840 1525 1913; baseline -0.002 -13"><span class='ocrx_word' id='word_1_169' title='bbox 161 1853 251 1900; x_wconf 89' lang='lat' dir='ltr'><strong>motus</strong></span> <span class='ocrx_word' id='word_1_170' title='bbox 273 1844 414 1897; x_wconf 80' lang='lat' dir='ltr'><strong>videretur</strong></span> <span class='ocrx_word' id='word_1_171' title='bbox 435 1840 578 1894; x_wconf 86' lang='lat' dir='ltr'><strong>saltuatim</strong></span> <span class='ocrx_word' id='word_1_172' title='bbox 600 1840 735 1895; x_wconf 87' lang='lat' dir='ltr'><strong>incedere.</strong></span> <span class='ocrx_word' id='word_1_173' title='bbox 778 1841 823 1895; x_wconf 89' lang='lat' dir='ltr'><strong>Sic</strong></span> <span class='ocrx_word' id='word_1_174' title='bbox 849 1840 937 1910; x_wconf 84' lang='lat' dir='ltr'><strong>igitur</strong></span> <span class='ocrx_word' id='word_1_175' title='bbox 957 1841 990 1894; x_wconf 92' lang='lat' dir='ltr'><strong>de</strong></span> <span class='ocrx_word' id='word_1_176' title='bbox 1012 1842 1078 1895; x_wconf 92' lang='lat' dir='ltr'><strong>orbe</strong></span> <span class='ocrx_word' id='word_1_177' title='bbox 1100 1842 1220 1896; x_wconf 85' lang='lat' dir='ltr'><strong>Telluris</strong></span> <span class='ocrx_word' id='word_1_178' title='bbox 1251 1850 1295 1897; x_wconf 89' lang='lat' dir='ltr'><strong>est</strong></span> <span class='ocrx_word' id='word_1_179' title='bbox 1323 1844 1525 1913; x_wconf 86' lang='lat' dir='ltr'><strong>disputandum,</strong></span> 
     </span>
     <span class='ocr_line' id='line_1_19' title="bbox 164 1918 973 1980; baseline -0.006 -1"><span class='ocrx_word' id='word_1_180' title='bbox 164 1924 239 1980; x_wconf 90' lang='lat' dir='ltr'><strong>acsi</strong></span> <span class='ocrx_word' id='word_1_181' title='bbox 261 1925 359 1978; x_wconf 87' lang='lat' dir='ltr'><strong>Lunae</strong></span> <span class='ocrx_word' id='word_1_182' title='bbox 381 1921 488 1974; x_wconf 91' lang='lat' dir='ltr'><strong>coelum</strong></span> <span class='ocrx_word' id='word_1_183' title='bbox 509 1920 612 1973; x_wconf 89' lang='lat' dir='ltr'><strong>nullam</strong></span> <span class='ocrx_word' id='word_1_184' title='bbox 634 1920 658 1972; x_wconf 86' lang='lat' dir='ltr'><strong>ei</strong></span> <span class='ocrx_word' id='word_1_185' title='bbox 681 1918 832 1973; x_wconf 86' lang='lat' dir='ltr'><strong>crassitiem</strong></span> <span class='ocrx_word' id='word_1_186' title='bbox 851 1921 973 1974; x_wconf 88' lang='lat' dir='ltr'><strong>adderet.</strong></span> 
     </span>
    </p>

    <p class='ocr_par' dir='ltr' id='par_1_4' title="bbox 165 2000 1525 2950">
     <span class='ocr_line' id='line_1_20' title="bbox 243 2000 1525 2071; baseline -0.002 -13"><span class='ocrx_word' id='word_1_187' title='bbox 243 2002 273 2070; x_wconf 90' lang='lat' dir='ltr'><strong>b)</strong></span> <span class='ocrx_word' id='word_1_188' title='bbox 295 2004 373 2057; x_wconf 87' lang='lat' dir='ltr'><strong>Haec</strong></span> <span class='ocrx_word' id='word_1_189' title='bbox 394 2001 504 2071; x_wconf 88' lang='lat' dir='ltr'><strong>gemino</strong></span> <span class='ocrx_word' id='word_1_190' title='bbox 526 2017 608 2052; x_wconf 87' lang='lat' dir='ltr'><strong>seusu</strong></span> <span class='ocrx_word' id='word_1_191' title='bbox 629 2007 746 2068; x_wconf 88' lang='lat' dir='ltr'><strong>possunt</strong></span> <span class='ocrx_word' id='word_1_192' title='bbox 767 2000 871 2070; x_wconf 88' lang='lat' dir='ltr'><strong>accipi;</strong></span> <span class='ocrx_word' id='word_1_193' title='bbox 893 2000 1009 2069; x_wconf 90' lang='lat' dir='ltr'><strong>primus,</strong></span> <span class='ocrx_word' id='word_1_194' title='bbox 1031 2001 1122 2055; x_wconf 82' lang='lat' dir='ltr'><strong>textui</strong></span> <span class='ocrx_word' id='word_1_195' title='bbox 1144 2001 1323 2064; x_wconf 73' lang='lat' dir='ltr'><strong>conveniens,</strong></span> <span class='ocrx_word' id='word_1_196' title='bbox 1346 2009 1393 2056; x_wconf 82' lang='lat' dir='ltr'><strong>est</strong></span> <span class='ocrx_word' id='word_1_197' title='bbox 1412 2003 1473 2057; x_wconf 89' lang='lat' dir='ltr'><strong>hio:</strong></span> <span class='ocrx_word' id='word_1_198' title='bbox 1500 2007 1525 2056; x_wconf 87' lang='lat' dir='ltr'><strong>ut</strong></span> 
     </span>
     <span class='ocr_line' id='line_1_21' title="bbox 165 2071 1525 2155; baseline -0.003 -16"><span class='ocrx_word' id='word_1_199' title='bbox 165 2087 204 2140; x_wconf 90' lang='lat' dir='ltr'><strong>sit</strong></span> <span class='ocrx_word' id='word_1_200' title='bbox 224 2084 332 2155; x_wconf 89' lang='lat' dir='ltr'><strong>quidem</strong></span> <span class='ocrx_word' id='word_1_201' title='bbox 353 2080 428 2134; x_wconf 91' lang='lat' dir='ltr'><strong>orbis</strong></span> <span class='ocrx_word' id='word_1_202' title='bbox 449 2096 509 2132; x_wconf 88' lang='lat' dir='ltr'><strong>curu</strong></span> <span class='ocrx_word' id='word_1_203' title='bbox 529 2081 613 2142; x_wconf 92' lang='lat' dir='ltr'><strong>uodo,</strong></span> <span class='ocrx_word' id='word_1_204' title='bbox 636 2081 683 2131; x_wconf 88' lang='lat' dir='ltr'><strong>sed</strong></span> <span class='ocrx_word' id='word_1_205' title='bbox 704 2079 860 2133; x_wconf 86' lang='lat' dir='ltr'><strong>includatur</strong></span> <span class='ocrx_word' id='word_1_206' title='bbox 881 2082 973 2134; x_wconf 87' lang='lat' dir='ltr'><strong>orbita</strong></span> <span class='ocrx_word' id='word_1_207' title='bbox 993 2080 1141 2150; x_wconf 89' lang='lat' dir='ltr'><strong>planetae,</strong></span> <span class='ocrx_word' id='word_1_208' title='bbox 1163 2088 1261 2136; x_wconf 88' lang='lat' dir='ltr'><strong>tautae</strong></span> <span class='ocrx_word' id='word_1_209' title='bbox 1282 2081 1480 2151; x_wconf 87' lang='lat' dir='ltr'><strong>spissitudinis,</strong></span> <span class='ocrx_word' id='word_1_210' title='bbox 1492 2071 1525 2136; x_wconf 64' lang='lat' dir='ltr'><strong>¹ut</strong></span> 
     </span>
     <span class='ocr_line' id='line_1_22' title="bbox 165 2159 1525 2231; baseline -0.001 -12"><span class='ocrx_word' id='word_1_211' title='bbox 165 2165 253 2219; x_wconf 92' lang='lat' dir='ltr'><strong>nodus</strong></span> <span class='ocrx_word' id='word_1_212' title='bbox 274 2162 320 2215; x_wconf 90' lang='lat' dir='ltr'><strong>hic</strong></span> <span class='ocrx_word' id='word_1_213' title='bbox 340 2177 390 2214; x_wconf 91' lang='lat' dir='ltr'><strong>seu</strong></span> <span class='ocrx_word' id='word_1_214' title='bbox 409 2160 506 2213; x_wconf 89' lang='lat' dir='ltr'><strong>Lunae</strong></span> <span class='ocrx_word' id='word_1_215' title='bbox 527 2159 647 2221; x_wconf 90' lang='lat' dir='ltr'><strong>coelum,</strong></span> <span class='ocrx_word' id='word_1_216' title='bbox 670 2159 761 2211; x_wconf 88' lang='lat' dir='ltr'><strong>lateat</strong></span> <span class='ocrx_word' id='word_1_217' title='bbox 781 2166 868 2213; x_wconf 89' lang='lat' dir='ltr'><strong>totum</strong></span> <span class='ocrx_word' id='word_1_218' title='bbox 890 2160 972 2223; x_wconf 92' lang='lat' dir='ltr'><strong>intus,</strong></span> <span class='ocrx_word' id='word_1_219' title='bbox 994 2160 1064 2214; x_wconf 91' lang='lat' dir='ltr'><strong>nihil</strong></span> <span class='ocrx_word' id='word_1_220' title='bbox 1084 2162 1234 2231; x_wconf 88' lang='lat' dir='ltr'><strong>impediens</strong></span> <span class='ocrx_word' id='word_1_221' title='bbox 1257 2162 1382 2215; x_wconf 80' lang='lat' dir='ltr'><strong>extimae</strong></span> <span class='ocrx_word' id='word_1_222' title='bbox 1404 2162 1525 2218; x_wconf 81' lang='lat' dir='ltr'><strong>intimae·</strong></span> 
     </span>
     <span class='ocr_line' id='line_1_23' title="bbox 166 2238 1525 2315; baseline 0.001 -17"><span class='ocrx_word' id='word_1_223' title='bbox 166 2261 220 2315; x_wconf 90' lang='lat' dir='ltr'><strong>que</strong></span> <span class='ocrx_word' id='word_1_224' title='bbox 242 2240 396 2312; x_wconf 83' lang='lat' dir='ltr'><strong>superficiei</strong></span> <span class='ocrx_word' id='word_1_225' title='bbox 418 2239 615 2292; x_wconf 84' lang='lat' dir='ltr'><strong>rotunditatem</strong></span> <span class='ocrx_word' id='word_1_226' title='bbox 636 2238 801 2292; x_wconf 86' lang='lat' dir='ltr'><strong>absolutam.</strong></span> <span class='ocrx_word' id='word_1_227' title='bbox 843 2240 924 2294; x_wconf 84' lang='lat' dir='ltr'><strong>Alter</strong></span> <span class='ocrx_word' id='word_1_228' title='bbox 938 2257 1035 2294; x_wconf 90' lang='lat' dir='ltr'><strong>sensus</strong></span> <span class='ocrx_word' id='word_1_229' title='bbox 1049 2241 1145 2295; x_wconf 83' lang='lat' dir='ltr'><strong>henim</strong></span> <span class='ocrx_word' id='word_1_230' title='bbox 1159 2243 1305 2296; x_wconf 77' lang='lat' dir='ltr'><strong>verborum</strong></span> <span class='ocrx_word' id='word_1_231' title='bbox 1325 2248 1425 2312; x_wconf 89' lang='lat' dir='ltr'><strong>posset</strong></span> <span class='ocrx_word' id='word_1_232' title='bbox 1446 2240 1525 2312; x_wconf 76' lang='lat' dir='ltr'><strong>arripi</strong></span> 
     </span>
     <span class='ocr_line' id='line_1_24' title="bbox 168 2318 1525 2393; baseline -0.002 -14"><span class='ocrx_word' id='word_1_233' title='bbox 168 2326 238 2378; x_wconf 87' lang='lat' dir='ltr'><strong>iste:</strong></span> <span class='ocrx_word' id='word_1_234' title='bbox 271 2322 343 2393; x_wconf 89' lang='lat' dir='ltr'><strong>quod</strong></span> <span class='ocrx_word' id='word_1_235' title='bbox 364 2320 391 2373; x_wconf 91' lang='lat' dir='ltr'><strong>in</strong></span> <span class='ocrx_word' id='word_1_236' title='bbox 413 2336 517 2390; x_wconf 78' lang='lat' dir='ltr'><strong>genere</strong></span> <span class='ocrx_word' id='word_1_237' title='bbox 539 2318 686 2372; x_wconf 89' lang='lat' dir='ltr'><strong>absurdum</strong></span> <span class='ocrx_word' id='word_1_238' title='bbox 707 2319 755 2383; x_wconf 88' lang='lat' dir='ltr'><strong>sit,</strong></span> <span class='ocrx_word' id='word_1_239' title='bbox 785 2319 892 2374; x_wconf 90' lang='lat' dir='ltr'><strong>Lunam</strong></span> <span class='ocrx_word' id='word_1_240' title='bbox 915 2320 1056 2374; x_wconf 91' lang='lat' dir='ltr'><strong>circumire</strong></span> <span class='ocrx_word' id='word_1_241' title='bbox 1077 2322 1204 2386; x_wconf 84' lang='lat' dir='ltr'><strong>Terram,</strong></span> <span class='ocrx_word' id='word_1_242' title='bbox 1236 2323 1299 2374; x_wconf 92' lang='lat' dir='ltr'><strong>dum</strong></span> <span class='ocrx_word' id='word_1_243' title='bbox 1329 2321 1401 2376; x_wconf 88' lang='lat' dir='ltr'><strong>haec</strong></span> <span class='ocrx_word' id='word_1_244' title='bbox 1422 2322 1525 2379; x_wconf 77' lang='lat' dir='ltr'><strong>interim</strong></span> 
     </span>
     <span class='ocr_line' id='line_1_25' title="bbox 166 2397 1525 2474; baseline 0.001 -16"><span class='ocrx_word' id='word_1_245' title='bbox 166 2405 242 2458; x_wconf 87' lang='lat' dir='ltr'><strong>circa</strong></span> <span class='ocrx_word' id='word_1_246' title='bbox 264 2401 356 2455; x_wconf 89' lang='lat' dir='ltr'><strong>Solem</strong></span> <span class='ocrx_word' id='word_1_247' title='bbox 382 2399 492 2452; x_wconf 90' lang='lat' dir='ltr'><strong>incedit.</strong></span> <span class='ocrx_word' id='word_1_248' title='bbox 535 2398 572 2451; x_wconf 84' lang='lat' dir='ltr'><strong>Ut</strong></span> <span class='ocrx_word' id='word_1_249' title='bbox 601 2397 687 2468; x_wconf 83' lang='lat' dir='ltr'><strong>igitur</strong></span> <span class='ocrx_word' id='word_1_250' title='bbox 713 2399 785 2452; x_wconf 89' lang='lat' dir='ltr'><strong>hanc</strong></span> <span class='ocrx_word' id='word_1_251' title='bbox 806 2400 888 2454; x_wconf 89' lang='lat' dir='ltr'><strong>etiam</strong></span> <span class='ocrx_word' id='word_1_252' title='bbox 920 2400 1103 2470; x_wconf 89' lang='lat' dir='ltr'><strong>objectionem</strong></span> <span class='ocrx_word' id='word_1_253' title='bbox 1129 2403 1247 2456; x_wconf 92' lang='lat' dir='ltr'><strong>diluam:</strong></span> <span class='ocrx_word' id='word_1_254' title='bbox 1280 2400 1353 2466; x_wconf 92' lang='lat' dir='ltr'><strong>dico,</strong></span> <span class='ocrx_word' id='word_1_255' title='bbox 1385 2405 1460 2474; x_wconf 89' lang='lat' dir='ltr'><strong>quod</strong></span> <span class='ocrx_word' id='word_1_256' title='bbox 1478 2403 1525 2459; x_wconf 79' lang='lat' dir='ltr'><strong>hee</strong></span> 
     </span>
     <span class='ocr_line' id='line_1_26' title="bbox 169 2477 1525 2552; baseline -0.001 -14"><span class='ocrx_word' id='word_1_257' title='bbox 169 2492 235 2538; x_wconf 89' lang='lat' dir='ltr'><strong>tunc</strong></span> <span class='ocrx_word' id='word_1_258' title='bbox 256 2479 417 2535; x_wconf 91' lang='lat' dir='ltr'><strong>concinnum</strong></span> <span class='ocrx_word' id='word_1_259' title='bbox 441 2478 523 2532; x_wconf 83' lang='lat' dir='ltr'><strong>rideri</strong></span> <span class='ocrx_word' id='word_1_260' title='bbox 545 2477 682 2547; x_wconf 88' lang='lat' dir='ltr'><strong>potuerit,</strong></span> <span class='ocrx_word' id='word_1_261' title='bbox 714 2496 773 2532; x_wconf 91' lang='lat' dir='ltr'><strong>cum</strong></span> <span class='ocrx_word' id='word_1_262' title='bbox 795 2482 913 2533; x_wconf 89' lang='lat' dir='ltr'><strong>nondum</strong></span> <span class='ocrx_word' id='word_1_263' title='bbox 938 2481 1040 2534; x_wconf 89' lang='lat' dir='ltr'><strong>detecti</strong></span> <span class='ocrx_word' id='word_1_264' title='bbox 1066 2491 1162 2536; x_wconf 88' lang='lat' dir='ltr'><strong>essent</strong></span> <span class='ocrx_word' id='word_1_265' title='bbox 1180 2481 1306 2536; x_wconf 79' lang='lat' dir='ltr'><strong>Joviales</strong></span> <span class='ocrx_word' id='word_1_266' title='bbox 1336 2482 1473 2552; x_wconf 89' lang='lat' dir='ltr'><strong>planetae</strong></span> <span class='ocrx_word' id='word_1_267' title='bbox 1501 2488 1525 2537; x_wconf 87' lang='lat' dir='ltr'><strong>et</strong></span> 
     </span>
     <span class='ocr_line' id='line_1_27' title="bbox 167 2560 1525 2634; baseline 0 -17"><span class='ocrx_word' id='word_1_268' title='bbox 167 2570 263 2617; x_wconf 81' lang='lat' dir='ltr'><strong>cetera</strong></span> <span class='ocrx_word' id='word_1_269' title='bbox 284 2561 312 2614; x_wconf 95' lang='lat' dir='ltr'><strong>in</strong></span> <span class='ocrx_word' id='word_1_270' title='bbox 334 2560 412 2613; x_wconf 82' lang='lat' dir='ltr'><strong>coelo</strong></span> <span class='ocrx_word' id='word_1_271' title='bbox 433 2575 514 2612; x_wconf 81' lang='lat' dir='ltr'><strong>nora.</strong></span> <span class='ocrx_word' id='word_1_272' title='bbox 557 2561 596 2611; x_wconf 78' lang='lat' dir='ltr'><strong>st</strong></span> <span class='ocrx_word' id='word_1_273' title='bbox 616 2576 653 2612; x_wconf 90' lang='lat' dir='ltr'><strong>ex</strong></span> <span class='ocrx_word' id='word_1_274' title='bbox 674 2575 727 2630; x_wconf 90' lang='lat' dir='ltr'><strong>quo</strong></span> <span class='ocrx_word' id='word_1_275' title='bbox 749 2560 799 2613; x_wconf 92' lang='lat' dir='ltr'><strong>illa</strong></span> <span class='ocrx_word' id='word_1_276' title='bbox 813 2560 919 2624; x_wconf 90' lang='lat' dir='ltr'><strong>scimus,</strong></span> <span class='ocrx_word' id='word_1_277' title='bbox 942 2561 1102 2616; x_wconf 88' lang='lat' dir='ltr'><strong>concinnum</strong></span> <span class='ocrx_word' id='word_1_278' title='bbox 1117 2578 1290 2633; x_wconf 87' lang='lat' dir='ltr'><strong>nequaquam</strong></span> <span class='ocrx_word' id='word_1_279' title='bbox 1308 2562 1430 2634; x_wconf 89' lang='lat' dir='ltr'><strong>amplius</strong></span> <span class='ocrx_word' id='word_1_280' title='bbox 1444 2561 1525 2617; x_wconf 80' lang='lat' dir='ltr'><strong>rideri</strong></span> 
     </span>
     <span class='ocr_line' id='line_1_28' title="bbox 166 2637 1525 2712; baseline -0.001 -16"><span class='ocrx_word' id='word_1_281' title='bbox 166 2644 257 2705; x_wconf 89' lang='lat' dir='ltr'><strong>debet,</strong></span> <span class='ocrx_word' id='word_1_282' title='bbox 280 2658 333 2695; x_wconf 91' lang='lat' dir='ltr'><strong>uon</strong></span> <span class='ocrx_word' id='word_1_283' title='bbox 356 2657 426 2701; x_wconf 86' lang='lat' dir='ltr'><strong>esse,</strong></span> <span class='ocrx_word' id='word_1_284' title='bbox 449 2641 520 2710; x_wconf 89' lang='lat' dir='ltr'><strong>quod</strong></span> <span class='ocrx_word' id='word_1_285' title='bbox 542 2637 649 2692; x_wconf 88' lang='lat' dir='ltr'><strong>omniuo</strong></span> <span class='ocrx_word' id='word_1_286' title='bbox 671 2646 722 2702; x_wconf 89' lang='lat' dir='ltr'><strong>est,</strong></span> <span class='ocrx_word' id='word_1_287' title='bbox 746 2642 831 2693; x_wconf 92' lang='lat' dir='ltr'><strong>nodus</strong></span> <span class='ocrx_word' id='word_1_288' title='bbox 853 2657 890 2695; x_wconf 89' lang='lat' dir='ltr'><strong>sc.</strong></span> <span class='ocrx_word' id='word_1_289' title='bbox 912 2642 1086 2711; x_wconf 83' lang='lat' dir='ltr'><strong>quadruplex</strong></span> <span class='ocrx_word' id='word_1_290' title='bbox 1109 2643 1184 2696; x_wconf 91' lang='lat' dir='ltr'><strong>circa</strong></span> <span class='ocrx_word' id='word_1_291' title='bbox 1203 2644 1317 2704; x_wconf 79' lang='lat' dir='ltr'><strong>dorem,</strong></span> <span class='ocrx_word' id='word_1_292' title='bbox 1340 2641 1364 2695; x_wconf 92' lang='lat' dir='ltr'><strong>si</strong></span> <span class='ocrx_word' id='word_1_293' title='bbox 1385 2659 1437 2712; x_wconf 89' lang='lat' dir='ltr'><strong>pru</strong></span> <span class='ocrx_word' id='word_1_294' title='bbox 1459 2642 1525 2698; x_wconf 80' lang='lat' dir='ltr'><strong>nodo</strong></span> 
     </span>
     <span class='ocr_line' id='line_1_29' title="bbox 167 2719 1525 2793; baseline 0.001 -17"><span class='ocrx_word' id='word_1_295' title='bbox 167 2737 298 2793; x_wconf 90' lang='lat' dir='ltr'><strong>corporeo</strong></span> <span class='ocrx_word' id='word_1_296' title='bbox 320 2721 414 2790; x_wconf 87' lang='lat' dir='ltr'><strong>spatia</strong></span> <span class='ocrx_word' id='word_1_297' title='bbox 434 2719 628 2772; x_wconf 88' lang='lat' dir='ltr'><strong>curriculomm</strong></span> <span class='ocrx_word' id='word_1_298' title='bbox 648 2719 801 2790; x_wconf 80' lang='lat' dir='ltr'><strong>intelligas,</strong></span> <span class='ocrx_word' id='word_1_299' title='bbox 823 2721 862 2772; x_wconf 90' lang='lat' dir='ltr'><strong>sic</strong></span> <span class='ocrx_word' id='word_1_300' title='bbox 883 2719 956 2774; x_wconf 90' lang='lat' dir='ltr'><strong>circa</strong></span> <span class='ocrx_word' id='word_1_301' title='bbox 976 2722 1073 2776; x_wconf 83' lang='lat' dir='ltr'><strong>Jovem</strong></span> <span class='ocrx_word' id='word_1_302' title='bbox 1094 2723 1289 2784; x_wconf 89' lang='lat' dir='ltr'><strong>ordinatorum,</strong></span> <span class='ocrx_word' id='word_1_303' title='bbox 1314 2731 1347 2776; x_wconf 93' lang='lat' dir='ltr'><strong>ut</strong></span> <span class='ocrx_word' id='word_1_304' title='bbox 1368 2722 1444 2777; x_wconf 87' lang='lat' dir='ltr'><strong>circa</strong></span> <span class='ocrx_word' id='word_1_305' title='bbox 1464 2723 1525 2777; x_wconf 87' lang='lat' dir='ltr'><strong>Ter·</strong></span> 
     </span>
     <span class='ocr_line' id='line_1_30' title="bbox 167 2799 1525 2899; baseline 0 -42"><span class='ocrx_word' id='word_1_306' title='bbox 167 2819 225 2857; x_wconf 90' lang='lat' dir='ltr'><strong>ram</strong></span> <span class='ocrx_word' id='word_1_307' title='bbox 245 2802 343 2855; x_wconf 88' lang='lat' dir='ltr'><strong>Lunae</strong></span> <span class='ocrx_word' id='word_1_308' title='bbox 370 2799 532 2853; x_wconf 90' lang='lat' dir='ltr'><strong>curriculum</strong></span> <span class='ocrx_word' id='word_1_309' title='bbox 561 2799 715 2853; x_wconf 90' lang='lat' dir='ltr'><strong>ordinatum</strong></span> <span class='ocrx_word' id='word_1_310' title='bbox 740 2808 791 2853; x_wconf 89' lang='lat' dir='ltr'><strong>est.</strong></span> <span class='ocrx_word' id='word_1_311' title='bbox 833 2800 903 2854; x_wconf 86' lang='lat' dir='ltr'><strong>Nam</strong></span> <span class='ocrx_word' id='word_1_312' title='bbox 932 2801 965 2852; x_wconf 91' lang='lat' dir='ltr'><strong>de</strong></span> <span class='ocrx_word' id='word_1_313' title='bbox 986 2818 1120 2871; x_wconf 88' lang='lat' dir='ltr'><strong>corporea</strong></span> <span class='ocrx_word' id='word_1_314' title='bbox 1140 2803 1245 2857; x_wconf 88' lang='lat' dir='ltr'><strong>orbium</strong></span> <span class='ocrx_word' id='word_1_315' title='bbox 1275 2801 1419 2856; x_wconf 86' lang='lat' dir='ltr'><strong>soliditate</strong></span> <span class='ocrx_word' id='word_1_316' title='bbox 1445 2816 1525 2899; x_wconf 80' lang='lat' dir='ltr'><strong>supra</strong></span> 
     </span>
     <span class='ocr_line' id='line_1_31' title="bbox 167 2874 1032 2950; baseline -0.003 -14"><span class='ocrx_word' id='word_1_317' title='bbox 167 2883 237 2936; x_wconf 87' lang='lat' dir='ltr'><strong>satis</strong></span> <span class='ocrx_word' id='word_1_318' title='bbox 259 2888 377 2944; x_wconf 90' lang='lat' dir='ltr'><strong>cautum,</strong></span> <span class='ocrx_word' id='word_1_319' title='bbox 401 2887 431 2933; x_wconf 88' lang='lat' dir='ltr'><strong>et</strong></span> <span class='ocrx_word' id='word_1_320' title='bbox 451 2886 566 2934; x_wconf 81' lang='lat' dir='ltr'><strong>cavetur</strong></span> <span class='ocrx_word' id='word_1_321' title='bbox 586 2879 669 2932; x_wconf 88' lang='lat' dir='ltr'><strong>etiam</strong></span> <span class='ocrx_word' id='word_1_322' title='bbox 690 2880 717 2932; x_wconf 93' lang='lat' dir='ltr'><strong>in</strong></span> <span class='ocrx_word' id='word_1_323' title='bbox 740 2888 821 2933; x_wconf 89' lang='lat' dir='ltr'><strong>textu</strong></span> <span class='ocrx_word' id='word_1_324' title='bbox 842 2881 976 2950; x_wconf 87' lang='lat' dir='ltr'><strong>sequenti.</strong></span> <span class='ocrx_word' id='word_1_325' title='bbox 994 2874 1032 2950; x_wconf 72' lang='lat' dir='ltr'><strong>M)</strong></span> 
     </span>
    </p>

    <p class='ocr_par' dir='ltr' id='par_1_5' title="bbox 165 2959 1525 3419">
     <span class='ocr_line' id='line_1_32' title="bbox 247 2959 1525 3032; baseline 0 -17"><span class='ocrx_word' id='word_1_326' title='bbox 247 2959 273 3027; x_wconf 90' lang='lat' dir='ltr'><strong>c)</strong></span> <span class='ocrx_word' id='word_1_327' title='bbox 295 2961 449 3015; x_wconf 77' lang='lat' dir='ltr'><strong>consensus</strong></span> <span class='ocrx_word' id='word_1_328' title='bbox 477 2960 503 3013; x_wconf 90' lang='lat' dir='ltr'><strong>in</strong></span> <span class='ocrx_word' id='word_1_329' title='bbox 530 2960 584 3012; x_wconf 91' lang='lat' dir='ltr'><strong>hoc</strong></span> <span class='ocrx_word' id='word_1_330' title='bbox 611 2961 756 3013; x_wconf 88' lang='lat' dir='ltr'><strong>multorum</strong></span> <span class='ocrx_word' id='word_1_331' title='bbox 783 2977 835 3029; x_wconf 88' lang='lat' dir='ltr'><strong>per</strong></span> <span class='ocrx_word' id='word_1_332' title='bbox 855 2976 947 3013; x_wconf 88' lang='lat' dir='ltr'><strong>omnes</strong></span> <span class='ocrx_word' id='word_1_333' title='bbox 968 2967 1078 3016; x_wconf 88' lang='lat' dir='ltr'><strong>aetates</strong></span> <span class='ocrx_word' id='word_1_334' title='bbox 1103 2962 1343 3031; x_wconf 89' lang='lat' dir='ltr'><strong>philosophorum,</strong></span> <span class='ocrx_word' id='word_1_335' title='bbox 1375 2961 1423 3031; x_wconf 87' lang='lat' dir='ltr'><strong>qui</strong></span> <span class='ocrx_word' id='word_1_336' title='bbox 1444 2974 1525 3032; x_wconf 79' lang='lat' dir='ltr'><strong>supra</strong></span> 
     </span>
     <span class='ocr_line' id='line_1_33' title="bbox 168 3039 1525 3114; baseline -0.001 -17"><span class='ocrx_word' id='word_1_337' title='bbox 168 3044 269 3114; x_wconf 85' lang='lat' dir='ltr'><strong>vulgus</strong></span> <span class='ocrx_word' id='word_1_338' title='bbox 295 3056 396 3111; x_wconf 90' lang='lat' dir='ltr'><strong>sapere</strong></span> <span class='ocrx_word' id='word_1_339' title='bbox 421 3047 487 3094; x_wconf 91' lang='lat' dir='ltr'><strong>sunt</strong></span> <span class='ocrx_word' id='word_1_340' title='bbox 512 3039 585 3102; x_wconf 88' lang='lat' dir='ltr'><strong>ausi;</strong></span> <span class='ocrx_word' id='word_1_341' title='bbox 616 3040 758 3109; x_wconf 79' lang='lat' dir='ltr'><strong>Diogenes</strong></span> <span class='ocrx_word' id='word_1_342' title='bbox 778 3041 907 3094; x_wconf 87' lang='lat' dir='ltr'><strong>Laertius</strong></span> <span class='ocrx_word' id='word_1_343' title='bbox 929 3044 1120 3112; x_wconf 80' lang='lat' dir='ltr'><strong>Anaxagorae</strong></span> <span class='ocrx_word' id='word_1_344' title='bbox 1148 3041 1261 3103; x_wconf 85' lang='lat' dir='ltr'><strong>tribuit;</strong></span> <span class='ocrx_word' id='word_1_345' title='bbox 1290 3042 1362 3095; x_wconf 90' lang='lat' dir='ltr'><strong>libro</strong></span> <span class='ocrx_word' id='word_1_346' title='bbox 1388 3057 1464 3105; x_wconf 85' lang='lat' dir='ltr'><strong>meo,</strong></span> <span class='ocrx_word' id='word_1_347' title='bbox 1485 3039 1525 3095; x_wconf 86' lang='lat' dir='ltr'><strong>oui</strong></span> 
     </span>
     <span class='ocr_line' id='line_1_34' title="bbox 167 3112 1525 3192; baseline -0.002 -14"><span class='ocrx_word' id='word_1_348' title='bbox 167 3124 280 3178; x_wconf 88' lang='lat' dir='ltr'><strong>titulus:</strong></span> <span class='ocrx_word' id='word_1_349' title='bbox 303 3124 338 3175; x_wconf 85' lang='lat' dir='ltr'><strong>ad</strong></span> <span class='ocrx_word' id='word_1_350' title='bbox 362 3121 536 3175; x_wconf 89' lang='lat' dir='ltr'><strong>Vitellicuem</strong></span> <span class='ocrx_word' id='word_1_351' title='bbox 555 3120 778 3189; x_wconf 89' lang='lat' dir='ltr'><strong>Paralipomena,</strong></span> <span class='ocrx_word' id='word_1_352' title='bbox 800 3121 891 3190; x_wconf 90' lang='lat' dir='ltr'><strong>capite</strong></span> <span class='ocrx_word' id='word_1_353' title='bbox 912 3112 946 3173; x_wconf 84' lang='lat' dir='ltr'><strong>de</strong></span> <span class='ocrx_word' id='word_1_354' title='bbox 966 3123 1028 3174; x_wconf 91' lang='lat' dir='ltr'><strong>luce</strong></span> <span class='ocrx_word' id='word_1_355' title='bbox 1049 3122 1176 3185; x_wconf 89' lang='lat' dir='ltr'><strong>siderum,</strong></span> <span class='ocrx_word' id='word_1_356' title='bbox 1201 3121 1325 3192; x_wconf 82' lang='lat' dir='ltr'><strong>allegavi</strong></span> <span class='ocrx_word' id='word_1_357' title='bbox 1347 3121 1525 3177; x_wconf 77' lang='lat' dir='ltr'><strong>Plutarchum</strong></span> 
     </span>
     <span class='ocr_line' id='line_1_35' title="bbox 168 3200 1525 3272; baseline -0.002 -13"><span class='ocrx_word' id='word_1_358' title='bbox 168 3207 201 3259; x_wconf 90' lang='lat' dir='ltr'><strong>de</strong></span> <span class='ocrx_word' id='word_1_359' title='bbox 222 3202 293 3258; x_wconf 77' lang='lat' dir='ltr'><strong>facie</strong></span> <span class='ocrx_word' id='word_1_360' title='bbox 313 3201 419 3257; x_wconf 91' lang='lat' dir='ltr'><strong>Lunae.</strong></span> <span class='ocrx_word' id='word_1_361' title='bbox 462 3200 571 3255; x_wconf 89' lang='lat' dir='ltr'><strong>Citatur</strong></span> <span class='ocrx_word' id='word_1_362' title='bbox 591 3207 621 3253; x_wconf 89' lang='lat' dir='ltr'><strong>et</strong></span> <span class='ocrx_word' id='word_1_363' title='bbox 641 3200 808 3254; x_wconf 79' lang='lat' dir='ltr'><strong>Aristoteles</strong></span> <span class='ocrx_word' id='word_1_364' title='bbox 829 3202 864 3254; x_wconf 93' lang='lat' dir='ltr'><strong>ab</strong></span> <span class='ocrx_word' id='word_1_365' title='bbox 878 3204 1010 3254; x_wconf 84' lang='lat' dir='ltr'><strong>Arerroe.</strong></span> <span class='ocrx_word' id='word_1_366' title='bbox 1052 3204 1154 3256; x_wconf 90' lang='lat' dir='ltr'><strong>Verum</strong></span> <span class='ocrx_word' id='word_1_367' title='bbox 1175 3201 1228 3254; x_wconf 91' lang='lat' dir='ltr'><strong>hoc</strong></span> <span class='ocrx_word' id='word_1_368' title='bbox 1248 3204 1352 3272; x_wconf 86' lang='lat' dir='ltr'><strong>dogma</strong></span> <span class='ocrx_word' id='word_1_369' title='bbox 1371 3209 1525 3271; x_wconf 85' lang='lat' dir='ltr'><strong>postremus</strong></span> 
     </span>
     <span class='ocr_line' id='line_1_36' title="bbox 168 3280 1525 3352; baseline -0.001 -14"><span class='ocrx_word' id='word_1_370' title='bbox 168 3283 312 3339; x_wconf 87' lang='lat' dir='ltr'><strong>Galilaeus</strong></span> <span class='ocrx_word' id='word_1_371' title='bbox 334 3281 486 3351; x_wconf 88' lang='lat' dir='ltr'><strong>telescopio</strong></span> <span class='ocrx_word' id='word_1_372' title='bbox 506 3280 623 3352; x_wconf 91' lang='lat' dir='ltr'><strong>Belgico</strong></span> <span class='ocrx_word' id='word_1_373' title='bbox 644 3280 908 3335; x_wconf 86' lang='lat' dir='ltr'><strong>confirmatissimum</strong></span> <span class='ocrx_word' id='word_1_374' title='bbox 934 3281 1060 3337; x_wconf 86' lang='lat' dir='ltr'><strong>reddidit.</strong></span> <span class='ocrx_word' id='word_1_375' title='bbox 1103 3282 1172 3336; x_wconf 79' lang='lat' dir='ltr'><strong>Vide</strong></span> <span class='ocrx_word' id='word_1_376' title='bbox 1198 3281 1282 3336; x_wconf 90' lang='lat' dir='ltr'><strong>etiam</strong></span> <span class='ocrx_word' id='word_1_377' title='bbox 1304 3281 1525 3337; x_wconf 83' lang='lat' dir='ltr'><strong>dissertationem</strong></span> 
     </span>
     <span class='ocr_line' id='line_1_37' title="bbox 165 3358 1517 3419; baseline -0.009 0"><span class='ocrx_word' id='word_1_378' title='bbox 165 3381 252 3419; x_wconf 87' lang='lat' dir='ltr'><strong>meam</strong></span> <span class='ocrx_word' id='word_1_379' title='bbox 274 3379 334 3416; x_wconf 90' lang='lat' dir='ltr'><strong>cum</strong></span> <span class='ocrx_word' id='word_1_380' title='bbox 356 3360 453 3415; x_wconf 91' lang='lat' dir='ltr'><strong>nuncio</strong></span> <span class='ocrx_word' id='word_1_381' title='bbox 475 3358 581 3414; x_wconf 89' lang='lat' dir='ltr'><strong>sidereo</strong></span> <span class='ocrx_word' id='word_1_382' title='bbox 604 3360 735 3414; x_wconf 88' lang='lat' dir='ltr'><strong>Galilaei.</strong></span> <span class='ocrx_word' id='word_1_383' title='bbox 1513 3402 1517 3407; x_wconf 89' lang='lat'><strong>.</strong></span> 
     </span>
    </p>

    <p class='ocr_par' dir='ltr' id='par_1_6' title="bbox 164 3439 1525 3838">
     <span class='ocr_line' id='line_1_38' title="bbox 245 3439 1525 3512; baseline -0.002 -15"><span class='ocrx_word' id='word_1_384' title='bbox 245 3440 273 3508; x_wconf 85' lang='lat' dir='ltr'><strong>d)</strong></span> <span class='ocrx_word' id='word_1_385' title='bbox 296 3443 381 3496; x_wconf 87' lang='lat' dir='ltr'><strong>Certa</strong></span> <span class='ocrx_word' id='word_1_386' title='bbox 401 3440 509 3512; x_wconf 88' lang='lat' dir='ltr'><strong>quidem</strong></span> <span class='ocrx_word' id='word_1_387' title='bbox 529 3447 574 3494; x_wconf 90' lang='lat' dir='ltr'><strong>est</strong></span> <span class='ocrx_word' id='word_1_388' title='bbox 594 3439 736 3510; x_wconf 90' lang='lat' dir='ltr'><strong>proportio</strong></span> <span class='ocrx_word' id='word_1_389' title='bbox 758 3441 828 3502; x_wconf 88' lang='lat' dir='ltr'><strong>ista,</strong></span> <span class='ocrx_word' id='word_1_390' title='bbox 858 3457 895 3493; x_wconf 91' lang='lat' dir='ltr'><strong>sc.</strong></span> <span class='ocrx_word' id='word_1_391' title='bbox 918 3457 990 3510; x_wconf 87' lang='lat' dir='ltr'><strong>quae</strong></span> <span class='ocrx_word' id='word_1_392' title='bbox 1015 3443 1025 3493; x_wconf 98' lang='lat' dir='ltr'><strong>l</strong></span> <span class='ocrx_word' id='word_1_393' title='bbox 1050 3443 1084 3494; x_wconf 89' lang='lat' dir='ltr'><strong>ad</strong></span> <span class='ocrx_word' id='word_1_394' title='bbox 1108 3441 1145 3495; x_wconf 81' lang='lat'><strong>59</strong></span> <span class='ocrx_word' id='word_1_395' title='bbox 1175 3440 1296 3495; x_wconf 88' lang='lat' dir='ltr'><strong>circiter:</strong></span> <span class='ocrx_word' id='word_1_396' title='bbox 1326 3447 1357 3495; x_wconf 89' lang='lat' dir='ltr'><strong>at</strong></span> <span class='ocrx_word' id='word_1_397' title='bbox 1384 3439 1525 3512; x_wconf 80' lang='lat' dir='ltr'><strong>proportio</strong></span> 
     </span>
     <span class='ocr_line' id='line_1_39' title="bbox 164 3519 1525 3594; baseline -0.004 -14"><span class='ocrx_word' id='word_1_398' title='bbox 164 3523 286 3594; x_wconf 90' lang='lat' dir='ltr'><strong>corporis</strong></span> <span class='ocrx_word' id='word_1_399' title='bbox 307 3522 379 3576; x_wconf 87' lang='lat' dir='ltr'><strong>Solis</strong></span> <span class='ocrx_word' id='word_1_400' title='bbox 407 3523 441 3574; x_wconf 91' lang='lat' dir='ltr'><strong>ad</strong></span> <span class='ocrx_word' id='word_1_401' title='bbox 470 3521 562 3574; x_wconf 91' lang='lat' dir='ltr'><strong>orbem</strong></span> <span class='ocrx_word' id='word_1_402' title='bbox 584 3520 711 3574; x_wconf 83' lang='lat' dir='ltr'><strong>Mercurii</strong></span> <span class='ocrx_word' id='word_1_403' title='bbox 740 3528 785 3575; x_wconf 87' lang='lat' dir='ltr'><strong>est</strong></span> <span class='ocrx_word' id='word_1_404' title='bbox 811 3520 897 3589; x_wconf 91' lang='lat' dir='ltr'><strong>paulo</strong></span> <span class='ocrx_word' id='word_1_405' title='bbox 918 3520 991 3583; x_wconf 89' lang='lat' dir='ltr'><strong>alia;</strong></span> <span class='ocrx_word' id='word_1_406' title='bbox 1023 3538 1059 3575; x_wconf 88' lang='lat' dir='ltr'><strong>sc.</strong></span> <span class='ocrx_word' id='word_1_407' title='bbox 1090 3539 1145 3575; x_wconf 94' lang='lat' dir='ltr'><strong>non</strong></span> <span class='ocrx_word' id='word_1_408' title='bbox 1165 3522 1270 3576; x_wconf 90' lang='lat' dir='ltr'><strong>medius</strong></span> <span class='ocrx_word' id='word_1_409' title='bbox 1293 3520 1368 3575; x_wconf 88' lang='lat' dir='ltr'><strong>orbis</strong></span> <span class='ocrx_word' id='word_1_410' title='bbox 1388 3519 1525 3584; x_wconf 82' lang='lat' dir='ltr'><strong>Mercurii.</strong></span> 
     </span>
     <span class='ocr_line' id='line_1_40' title="bbox 164 3600 1525 3671; baseline -0.002 -11"><span class='ocrx_word' id='word_1_411' title='bbox 164 3608 211 3661; x_wconf 90' lang='lat' dir='ltr'><strong>sed</strong></span> <span class='ocrx_word' id='word_1_412' title='bbox 233 3603 344 3657; x_wconf 90' lang='lat' dir='ltr'><strong>intimus</strong></span> <span class='ocrx_word' id='word_1_413' title='bbox 365 3609 395 3656; x_wconf 91' lang='lat' dir='ltr'><strong>et</strong></span> <span class='ocrx_word' id='word_1_414' title='bbox 415 3600 627 3671; x_wconf 88' lang='lat' dir='ltr'><strong>angustissimus</strong></span> <span class='ocrx_word' id='word_1_415' title='bbox 649 3608 693 3654; x_wconf 90' lang='lat' dir='ltr'><strong>est</strong></span> <span class='ocrx_word' id='word_1_416' title='bbox 713 3602 906 3661; x_wconf 88' lang='lat' dir='ltr'><strong>assumendua;</strong></span> <span class='ocrx_word' id='word_1_417' title='bbox 936 3600 978 3653; x_wconf 89' lang='lat' dir='ltr'><strong>cui</strong></span> <span class='ocrx_word' id='word_1_418' title='bbox 999 3600 1027 3653; x_wconf 92' lang='lat' dir='ltr'><strong>in</strong></span> <span class='ocrx_word' id='word_1_419' title='bbox 1048 3602 1157 3655; x_wconf 91' lang='lat' dir='ltr'><strong>tabella</strong></span> <span class='ocrx_word' id='word_1_420' title='bbox 1180 3601 1278 3671; x_wconf 89' lang='lat' dir='ltr'><strong>capitis</strong></span> <span class='ocrx_word' id='word_1_421' title='bbox 1303 3601 1338 3656; x_wconf 87' lang='lat'><strong>15</strong></span> <span class='ocrx_word' id='word_1_422' title='bbox 1368 3602 1525 3657; x_wconf 78' lang='lat' dir='ltr'><strong>tribuantur</strong></span> 
     </span>
     <span class='ocr_line' id='line_1_41' title="bbox 168 3679 1525 3751; baseline -0.001 -10"><span class='ocrx_word' id='word_1_423' title='bbox 168 3688 233 3749; x_wconf 76' lang='lat'><strong>14⁰,</strong></span> <span class='ocrx_word' id='word_1_424' title='bbox 264 3701 325 3738; x_wconf 90' lang='lat' dir='ltr'><strong>cum</strong></span> <span class='ocrx_word' id='word_1_425' title='bbox 345 3681 417 3737; x_wconf 91' lang='lat' dir='ltr'><strong>Solis</strong></span> <span class='ocrx_word' id='word_1_426' title='bbox 443 3680 645 3735; x_wconf 88' lang='lat' dir='ltr'><strong>semidiameter</strong></span> <span class='ocrx_word' id='word_1_427' title='bbox 675 3698 711 3734; x_wconf 90' lang='lat' dir='ltr'><strong>ex</strong></span> <span class='ocrx_word' id='word_1_428' title='bbox 732 3684 829 3734; x_wconf 88' lang='lat' dir='ltr'><strong>eadem</strong></span> <span class='ocrx_word' id='word_1_429' title='bbox 854 3681 965 3733; x_wconf 88' lang='lat' dir='ltr'><strong>Tellure</strong></span> <span class='ocrx_word' id='word_1_430' title='bbox 991 3681 1146 3751; x_wconf 90' lang='lat' dir='ltr'><strong>inspectus,</strong></span> <span class='ocrx_word' id='word_1_431' title='bbox 1178 3679 1321 3736; x_wconf 86' lang='lat' dir='ltr'><strong>contineat</strong></span> <span class='ocrx_word' id='word_1_432' title='bbox 1348 3682 1458 3737; x_wconf 91' lang='lat' dir='ltr'><strong>minuta</strong></span> <span class='ocrx_word' id='word_1_433' title='bbox 1479 3680 1525 3745; x_wconf 70' lang='lat'><strong>15³</strong></span> 
     </span>
     <span class='ocr_line' id='line_1_42' title="bbox 164 3761 818 3838; baseline -0.009 -18"><span class='ocrx_word' id='word_1_434' title='bbox 164 3781 249 3838; x_wconf 88' lang='lat' dir='ltr'><strong>quare</strong></span> <span class='ocrx_word' id='word_1_435' title='bbox 270 3765 328 3818; x_wconf 81' lang='lat' dir='ltr'><strong>lere</strong></span> <span class='ocrx_word' id='word_1_436' title='bbox 349 3770 394 3816; x_wconf 91' lang='lat' dir='ltr'><strong>est</strong></span> <span class='ocrx_word' id='word_1_437' title='bbox 413 3761 556 3832; x_wconf 89' lang='lat' dir='ltr'><strong>proportio</strong></span> <span class='ocrx_word' id='word_1_438' title='bbox 580 3777 651 3830; x_wconf 87' lang='lat' dir='ltr'><strong>quae</strong></span> <span class='ocrx_word' id='word_1_439' title='bbox 676 3762 688 3814; x_wconf 96' lang='lat' dir='ltr'><strong>l</strong></span> <span class='ocrx_word' id='word_1_440' title='bbox 713 3764 748 3815; x_wconf 91' lang='lat' dir='ltr'><strong>ad</strong></span> <span class='ocrx_word' id='word_1_441' title='bbox 770 3761 818 3815; x_wconf 80' lang='lat'><strong>56.</strong></span> 
     </span>
    </p>

    <p class='ocr_par' dir='ltr' id='par_1_7' title="bbox 165 3840 1525 4078">
     <span class='ocr_line' id='line_1_43' title="bbox 245 3840 1525 3914; baseline -0.002 -16"><span class='ocrx_word' id='word_1_442' title='bbox 245 3841 272 3910; x_wconf 89' lang='lat' dir='ltr'><strong>e)</strong></span> <span class='ocrx_word' id='word_1_443' title='bbox 294 3846 340 3898; x_wconf 90' lang='lat' dir='ltr'><strong>lta</strong></span> <span class='ocrx_word' id='word_1_444' title='bbox 360 3843 467 3914; x_wconf 88' lang='lat' dir='ltr'><strong>quidem</strong></span> <span class='ocrx_word' id='word_1_445' title='bbox 488 3849 554 3895; x_wconf 92' lang='lat' dir='ltr'><strong>tunc</strong></span> <span class='ocrx_word' id='word_1_446' title='bbox 575 3843 737 3904; x_wconf 70' lang='lat' dir='ltr'><strong>censebam,</strong></span> <span class='ocrx_word' id='word_1_447' title='bbox 767 3850 798 3896; x_wconf 91' lang='lat' dir='ltr'><strong>at</strong></span> <span class='ocrx_word' id='word_1_448' title='bbox 818 3847 918 3909; x_wconf 91' lang='lat' dir='ltr'><strong>postea</strong></span> <span class='ocrx_word' id='word_1_449' title='bbox 944 3840 971 3894; x_wconf 91' lang='lat' dir='ltr'><strong>iu</strong></span> <span class='ocrx_word' id='word_1_450' title='bbox 993 3840 1141 3894; x_wconf 76' lang='lat' dir='ltr'><strong>Commeat.</strong></span> <span class='ocrx_word' id='word_1_451' title='bbox 1173 3843 1206 3894; x_wconf 90' lang='lat' dir='ltr'><strong>de</strong></span> <span class='ocrx_word' id='word_1_452' title='bbox 1226 3842 1318 3895; x_wconf 85' lang='lat' dir='ltr'><strong>Marte</strong></span> <span class='ocrx_word' id='word_1_453' title='bbox 1339 3859 1374 3895; x_wconf 90' lang='lat' dir='ltr'><strong>ne</strong></span> <span class='ocrx_word' id='word_1_454' title='bbox 1395 3842 1451 3896; x_wconf 90' lang='lat' dir='ltr'><strong>hoc</strong></span> <span class='ocrx_word' id='word_1_455' title='bbox 1470 3841 1525 3914; x_wconf 83' lang='lat' dir='ltr'><strong>qui·</strong></span> 
     </span>
     <span class='ocr_line' id='line_1_44' title="bbox 166 3920 1525 3991; baseline -0.004 -9"><span class='ocrx_word' id='word_1_456' title='bbox 166 3931 227 3983; x_wconf 89' lang='lat' dir='ltr'><strong>dem</strong></span> <span class='ocrx_word' id='word_1_457' title='bbox 247 3925 393 3979; x_wconf 90' lang='lat' dir='ltr'><strong>intellectu</strong></span> <span class='ocrx_word' id='word_1_458' title='bbox 413 3923 441 3976; x_wconf 93' lang='lat' dir='ltr'><strong>in</strong></span> <span class='ocrx_word' id='word_1_459' title='bbox 461 3930 566 3976; x_wconf 87' lang='lat' dir='ltr'><strong>motare</strong></span> <span class='ocrx_word' id='word_1_460' title='bbox 588 3939 657 3990; x_wconf 90' lang='lat' dir='ltr'><strong>opus</strong></span> <span class='ocrx_word' id='word_1_461' title='bbox 679 3939 740 3975; x_wconf 88' lang='lat' dir='ltr'><strong>esse</strong></span> <span class='ocrx_word' id='word_1_462' title='bbox 761 3920 953 3975; x_wconf 84' lang='lat' dir='ltr'><strong>demonstrari.</strong></span> <span class='ocrx_word' id='word_1_463' title='bbox 996 3921 1065 3974; x_wconf 90' lang='lat' dir='ltr'><strong>Nam</strong></span> <span class='ocrx_word' id='word_1_464' title='bbox 1080 3921 1132 3974; x_wconf 89' lang='lat' dir='ltr'><strong>etsi</strong></span> <span class='ocrx_word' id='word_1_465' title='bbox 1148 3922 1339 3991; x_wconf 89' lang='lat' dir='ltr'><strong>proportiones</strong></span> <span class='ocrx_word' id='word_1_466' title='bbox 1354 3928 1451 3977; x_wconf 89' lang='lat' dir='ltr'><strong>certae</strong></span> <span class='ocrx_word' id='word_1_467' title='bbox 1465 3929 1525 3979; x_wconf 83' lang='lat' dir='ltr'><strong>suat</strong></span> 
     </span>
     <span class='ocr_line' id='line_1_45' title="bbox 165 3999 1525 4078; baseline 0 -17"><span class='ocrx_word' id='word_1_468' title='bbox 165 4005 357 4078; x_wconf 90' lang='lat' dir='ltr'><strong>praescriptae</strong></span> <span class='ocrx_word' id='word_1_469' title='bbox 378 4003 497 4057; x_wconf 89' lang='lat' dir='ltr'><strong>motibus</strong></span> <span class='ocrx_word' id='word_1_470' title='bbox 519 4002 659 4067; x_wconf 88' lang='lat' dir='ltr'><strong>omnibus,</strong></span> <span class='ocrx_word' id='word_1_471' title='bbox 692 4002 773 4073; x_wconf 88' lang='lat' dir='ltr'><strong>idque</strong></span> <span class='ocrx_word' id='word_1_472' title='bbox 795 4003 830 4056; x_wconf 92' lang='lat' dir='ltr'><strong>ab</strong></span> <span class='ocrx_word' id='word_1_473' title='bbox 851 3999 1042 4071; x_wconf 89' lang='lat' dir='ltr'><strong>intelligentia</strong></span> <span class='ocrx_word' id='word_1_474' title='bbox 1062 4001 1125 4071; x_wconf 88' lang='lat' dir='ltr'><strong>ipsa</strong></span> <span class='ocrx_word' id='word_1_475' title='bbox 1144 4017 1274 4071; x_wconf 88' lang='lat' dir='ltr'><strong>suprema</strong></span> <span class='ocrx_word' id='word_1_476' title='bbox 1297 4008 1327 4055; x_wconf 90' lang='lat' dir='ltr'><strong>et</strong></span> <span class='ocrx_word' id='word_1_477' title='bbox 1347 4001 1447 4067; x_wconf 90' lang='lat' dir='ltr'><strong>unica,</strong></span> <span class='ocrx_word' id='word_1_478' title='bbox 1477 4003 1525 4061; x_wconf 79' lang='lat' dir='ltr'><strong>bos</strong></span> 
     </span>
    </p>
   </div>
   <div class='ocr_carea' id='block_1_4' title="bbox 58 4080 1525 4155">
    <p class='ocr_par' dir='ltr' id='par_1_8' title="bbox 58 4080 1525 4155">
     <span class='ocr_line' id='line_1_46' title="bbox 58 4080 1525 4155; baseline -0.001 -17"><span class='ocrx_word' id='word_1_479' title='bbox 58 4128 62 4138; x_wconf 88' lang='lat'><strong>.</strong></span> <span class='ocrx_word' id='word_1_480' title='bbox 165 4096 259 4151; x_wconf 68' lang='lat' dir='ltr'><strong>est,.a</strong></span> <span class='ocrx_word' id='word_1_481' title='bbox 278 4087 339 4140; x_wconf 91' lang='lat' dir='ltr'><strong>Deo</strong></span> <span class='ocrx_word' id='word_1_482' title='bbox 360 4092 499 4138; x_wconf 88' lang='lat' dir='ltr'><strong>creatore:</strong></span> <span class='ocrx_word' id='word_1_483' title='bbox 527 4082 594 4136; x_wconf 92' lang='lat' dir='ltr'><strong>illae</strong></span> <span class='ocrx_word' id='word_1_484' title='bbox 615 4090 708 4137; x_wconf 89' lang='lat' dir='ltr'><strong>tamen</strong></span> <span class='ocrx_word' id='word_1_485' title='bbox 734 4080 926 4152; x_wconf 87' lang='lat' dir='ltr'><strong>proportiones</strong></span> <span class='ocrx_word' id='word_1_486' title='bbox 947 4089 1069 4134; x_wconf 92' lang='lat' dir='ltr'><strong>motuum</strong></span> <span class='ocrx_word' id='word_1_487' title='bbox 1090 4081 1152 4134; x_wconf 90' lang='lat' dir='ltr'><strong>inde</strong></span> <span class='ocrx_word' id='word_1_488' title='bbox 1181 4081 1361 4136; x_wconf 87' lang='lat' dir='ltr'><strong>screatione</strong></span> <span class='ocrx_word' id='word_1_489' title='bbox 1385 4082 1525 4155; x_wconf 80' lang='lat' dir='ltr'><strong>hucusque</strong></span> 
     </span>
    </p>
   </div>
   <div class='ocr_carea' id='block_1_5' title="bbox 163 4160 1525 4884">
    <p class='ocr_par' dir='ltr' id='par_1_9' title="bbox 163 4160 1525 4884">
     <span class='ocr_line' id='line_1_47' title="bbox 165 4160 1525 4235; baseline -0.003 -13"><span class='ocrx_word' id='word_1_490' title='bbox 165 4172 363 4222; x_wconf 86' lang='lat' dir='ltr'><strong>conservantur</strong></span> <span class='ocrx_word' id='word_1_491' title='bbox 384 4162 579 4227; x_wconf 78' lang='lat' dir='ltr'><strong>invariabiles,</strong></span> <span class='ocrx_word' id='word_1_492' title='bbox 601 4181 654 4217; x_wconf 90' lang='lat' dir='ltr'><strong>non</strong></span> <span class='ocrx_word' id='word_1_493' title='bbox 676 4180 727 4232; x_wconf 91' lang='lat' dir='ltr'><strong>per</strong></span> <span class='ocrx_word' id='word_1_494' title='bbox 747 4162 920 4216; x_wconf 87' lang='lat' dir='ltr'><strong>intellectum</strong></span> <span class='ocrx_word' id='word_1_495' title='bbox 941 4160 1060 4231; x_wconf 86' lang='lat' dir='ltr'><strong>aliquem</strong></span> <span class='ocrx_word' id='word_1_496' title='bbox 1081 4162 1180 4216; x_wconf 87' lang='lat' dir='ltr'><strong>moturi</strong></span> <span class='ocrx_word' id='word_1_497' title='bbox 1202 4169 1387 4226; x_wconf 82' lang='lat' dir='ltr'><strong>concreatum,</strong></span> <span class='ocrx_word' id='word_1_498' title='bbox 1409 4166 1460 4218; x_wconf 89' lang='lat' dir='ltr'><strong>sed</strong></span> <span class='ocrx_word' id='word_1_499' title='bbox 1479 4179 1525 4235; x_wconf 80' lang='lat' dir='ltr'><strong>per</strong></span> 
     </span>
     <span class='ocr_line' id='line_1_48' title="bbox 165 4240 1525 4319; baseline -0.001 -19"><span class='ocrx_word' id='word_1_500' title='bbox 165 4248 233 4300; x_wconf 87' lang='lat' dir='ltr'><strong>duas</strong></span> <span class='ocrx_word' id='word_1_501' title='bbox 254 4262 299 4299; x_wconf 90' lang='lat' dir='ltr'><strong>res</strong></span> <span class='ocrx_word' id='word_1_502' title='bbox 321 4244 405 4305; x_wconf 85' lang='lat' dir='ltr'><strong>alias;</strong></span> <span class='ocrx_word' id='word_1_503' title='bbox 428 4244 516 4314; x_wconf 90' lang='lat' dir='ltr'><strong>prima</strong></span> <span class='ocrx_word' id='word_1_504' title='bbox 537 4250 588 4306; x_wconf 89' lang='lat' dir='ltr'><strong>est,</strong></span> <span class='ocrx_word' id='word_1_505' title='bbox 612 4241 837 4314; x_wconf 89' lang='lat' dir='ltr'><strong>aequabilissima</strong></span> <span class='ocrx_word' id='word_1_506' title='bbox 857 4249 887 4295; x_wconf 91' lang='lat' dir='ltr'><strong>et</strong></span> <span class='ocrx_word' id='word_1_507' title='bbox 907 4240 1035 4311; x_wconf 88' lang='lat' dir='ltr'><strong>perennis</strong></span> <span class='ocrx_word' id='word_1_508' title='bbox 1056 4242 1162 4319; x_wconf 78' lang='lat' dir='ltr'><strong>rotatio</strong></span> <span class='ocrx_word' id='word_1_509' title='bbox 1182 4242 1303 4311; x_wconf 90' lang='lat' dir='ltr'><strong>corporis</strong></span> <span class='ocrx_word' id='word_1_510' title='bbox 1324 4241 1449 4308; x_wconf 86' lang='lat' dir='ltr'><strong>Solaria,</strong></span> <span class='ocrx_word' id='word_1_511' title='bbox 1470 4260 1525 4299; x_wconf 82' lang='lat' dir='ltr'><strong>orsu</strong></span> 
     </span>
     <span class='ocr_line' id='line_1_49' title="bbox 166 4322 1525 4397; baseline -0.001 -16"><span class='ocrx_word' id='word_1_512' title='bbox 166 4325 258 4397; x_wconf 87' lang='lat' dir='ltr'><strong>specie</strong></span> <span class='ocrx_word' id='word_1_513' title='bbox 279 4323 321 4379; x_wconf 92' lang='lat' dir='ltr'><strong>sui</strong></span> <span class='ocrx_word' id='word_1_514' title='bbox 348 4324 548 4386; x_wconf 88' lang='lat' dir='ltr'><strong>immateriata,</strong></span> <span class='ocrx_word' id='word_1_515' title='bbox 577 4323 606 4377; x_wconf 92' lang='lat' dir='ltr'><strong>in</strong></span> <span class='ocrx_word' id='word_1_516' title='bbox 627 4329 714 4377; x_wconf 88' lang='lat' dir='ltr'><strong>totum</strong></span> <span class='ocrx_word' id='word_1_517' title='bbox 740 4325 866 4377; x_wconf 89' lang='lat' dir='ltr'><strong>mundum</strong></span> <span class='ocrx_word' id='word_1_518' title='bbox 888 4327 1052 4385; x_wconf 87' lang='lat' dir='ltr'><strong>emanante,</strong></span> <span class='ocrx_word' id='word_1_519' title='bbox 1079 4339 1150 4392; x_wconf 87' lang='lat' dir='ltr'><strong>quae</strong></span> <span class='ocrx_word' id='word_1_520' title='bbox 1180 4322 1286 4392; x_wconf 88' lang='lat' dir='ltr'><strong>species</strong></span> <span class='ocrx_word' id='word_1_521' title='bbox 1307 4322 1395 4376; x_wconf 85' lang='lat' dir='ltr'><strong>ricem</strong></span> <span class='ocrx_word' id='word_1_522' title='bbox 1416 4322 1525 4379; x_wconf 81' lang='lat' dir='ltr'><strong>motoris</strong></span> 
     </span>
     <span class='ocr_line' id='line_1_50' title="bbox 163 4401 1525 4479; baseline 0 -18"><span class='ocrx_word' id='word_1_523' title='bbox 163 4412 309 4479; x_wconf 85' lang='lat' dir='ltr'><strong>praestat;</strong></span> <span class='ocrx_word' id='word_1_524' title='bbox 332 4405 424 4459; x_wconf 87' lang='lat' dir='ltr'><strong>altera</strong></span> <span class='ocrx_word' id='word_1_525' title='bbox 444 4420 530 4458; x_wconf 91' lang='lat' dir='ltr'><strong>causa</strong></span> <span class='ocrx_word' id='word_1_526' title='bbox 550 4411 615 4457; x_wconf 90' lang='lat' dir='ltr'><strong>sunt</strong></span> <span class='ocrx_word' id='word_1_527' title='bbox 635 4404 803 4458; x_wconf 89' lang='lat' dir='ltr'><strong>libramenta</strong></span> <span class='ocrx_word' id='word_1_528' title='bbox 823 4409 854 4456; x_wconf 89' lang='lat' dir='ltr'><strong>et</strong></span> <span class='ocrx_word' id='word_1_529' title='bbox 872 4401 1048 4473; x_wconf 87' lang='lat' dir='ltr'><strong>magnetioae</strong></span> <span class='ocrx_word' id='word_1_530' title='bbox 1062 4401 1227 4457; x_wconf 90' lang='lat' dir='ltr'><strong>directiones</strong></span> <span class='ocrx_word' id='word_1_531' title='bbox 1242 4419 1387 4473; x_wconf 90' lang='lat' dir='ltr'><strong>corporum</strong></span> <span class='ocrx_word' id='word_1_532' title='bbox 1407 4403 1525 4474; x_wconf 76' lang='lat' dir='ltr'><strong>ipsorum</strong></span> 
     </span>
     <span class='ocr_line' id='line_1_51' title="bbox 165 4482 1525 4553; baseline -0.002 -11"><span class='ocrx_word' id='word_1_533' title='bbox 165 4486 304 4543; x_wconf 88' lang='lat' dir='ltr'><strong>mobilium</strong></span> <span class='ocrx_word' id='word_1_534' title='bbox 326 4484 508 4539; x_wconf 88' lang='lat' dir='ltr'><strong>immutabilia</strong></span> <span class='ocrx_word' id='word_1_535' title='bbox 528 4490 558 4537; x_wconf 89' lang='lat' dir='ltr'><strong>at</strong></span> <span class='ocrx_word' id='word_1_536' title='bbox 577 4484 720 4553; x_wconf 89' lang='lat' dir='ltr'><strong>perennia.</strong></span> <span class='ocrx_word' id='word_1_537' title='bbox 763 4485 800 4537; x_wconf 90' lang='lat' dir='ltr'><strong>Ut</strong></span> <span class='ocrx_word' id='word_1_538' title='bbox 820 4483 859 4537; x_wconf 90' lang='lat' dir='ltr'><strong>sic</strong></span> <span class='ocrx_word' id='word_1_539' title='bbox 881 4499 968 4553; x_wconf 89' lang='lat' dir='ltr'><strong>aeque</strong></span> <span class='ocrx_word' id='word_1_540' title='bbox 990 4499 1044 4534; x_wconf 92' lang='lat' dir='ltr'><strong>non</strong></span> <span class='ocrx_word' id='word_1_541' title='bbox 1064 4482 1153 4553; x_wconf 87' lang='lat' dir='ltr'><strong>magis</strong></span> <span class='ocrx_word' id='word_1_542' title='bbox 1175 4482 1212 4536; x_wconf 86' lang='lat' dir='ltr'><strong>sit</strong></span> <span class='ocrx_word' id='word_1_543' title='bbox 1232 4495 1302 4552; x_wconf 85' lang='lat' dir='ltr'><strong>opus</strong></span> <span class='ocrx_word' id='word_1_544' title='bbox 1317 4484 1455 4539; x_wconf 87' lang='lat' dir='ltr'><strong>creaturis</strong></span> <span class='ocrx_word' id='word_1_545' title='bbox 1469 4484 1525 4541; x_wconf 80' lang='lat' dir='ltr'><strong>istis</strong></span> 
     </span>
     <span class='ocr_line' id='line_1_52' title="bbox 165 4561 1525 4634; baseline -0.006 -9"><span class='ocrx_word' id='word_1_546' title='bbox 165 4569 312 4624; x_wconf 88' lang='lat' dir='ltr'><strong>intellectu</strong></span> <span class='ocrx_word' id='word_1_547' title='bbox 342 4567 376 4619; x_wconf 89' lang='lat' dir='ltr'><strong>ad</strong></span> <span class='ocrx_word' id='word_1_548' title='bbox 402 4567 519 4620; x_wconf 88' lang='lat' dir='ltr'><strong>tuendas</strong></span> <span class='ocrx_word' id='word_1_549' title='bbox 546 4571 668 4619; x_wconf 91' lang='lat' dir='ltr'><strong>motuum</strong></span> <span class='ocrx_word' id='word_1_550' title='bbox 695 4563 900 4634; x_wconf 87' lang='lat' dir='ltr'><strong>proportiones,</strong></span> <span class='ocrx_word' id='word_1_551' title='bbox 933 4569 1017 4632; x_wconf 90' lang='lat' dir='ltr'><strong>atque</strong></span> <span class='ocrx_word' id='word_1_552' title='bbox 1048 4561 1137 4617; x_wconf 86' lang='lat' dir='ltr'><strong>librae</strong></span> <span class='ocrx_word' id='word_1_553' title='bbox 1161 4562 1287 4617; x_wconf 89' lang='lat' dir='ltr'><strong>lancibus</strong></span> <span class='ocrx_word' id='word_1_554' title='bbox 1308 4570 1339 4616; x_wconf 90' lang='lat' dir='ltr'><strong>et</strong></span> <span class='ocrx_word' id='word_1_555' title='bbox 1362 4564 1525 4634; x_wconf 72' lang='lat' dir='ltr'><strong>ponderibus</strong></span> 
     </span>
     <span class='ocr_line' id='line_1_53' title="bbox 166 4641 1525 4716; baseline -0.003 -12"><span class='ocrx_word' id='word_1_556' title='bbox 166 4656 257 4705; x_wconf 88' lang='lat' dir='ltr'><strong>mente</strong></span> <span class='ocrx_word' id='word_1_557' title='bbox 278 4655 323 4701; x_wconf 91' lang='lat' dir='ltr'><strong>est</strong></span> <span class='ocrx_word' id='word_1_558' title='bbox 343 4663 412 4716; x_wconf 93' lang='lat' dir='ltr'><strong>opus</strong></span> <span class='ocrx_word' id='word_1_559' title='bbox 434 4649 471 4700; x_wconf 85' lang='lat' dir='ltr'><strong>ad</strong></span> <span class='ocrx_word' id='word_1_560' title='bbox 490 4647 658 4715; x_wconf 90' lang='lat' dir='ltr'><strong>prodendam</strong></span> <span class='ocrx_word' id='word_1_561' title='bbox 680 4645 885 4715; x_wconf 87' lang='lat' dir='ltr'><strong>proportionem</strong></span> <span class='ocrx_word' id='word_1_562' title='bbox 906 4644 1066 4712; x_wconf 90' lang='lat' dir='ltr'><strong>ponderum.</strong></span> <span class='ocrx_word' id='word_1_563' title='bbox 1108 4641 1170 4696; x_wconf 86' lang='lat' dir='ltr'><strong>Etsi</strong></span> <span class='ocrx_word' id='word_1_564' title='bbox 1199 4648 1264 4698; x_wconf 90' lang='lat' dir='ltr'><strong>sunt</strong></span> <span class='ocrx_word' id='word_1_565' title='bbox 1284 4642 1343 4697; x_wconf 89' lang='lat' dir='ltr'><strong>alia</strong></span> <span class='ocrx_word' id='word_1_566' title='bbox 1362 4651 1525 4715; x_wconf 78' lang='lat' dir='ltr'><strong>arguments</strong></span> 
     </span>
     <span class='ocr_line' id='line_1_54' title="bbox 168 4722 1525 4801; baseline -0.004 -16"><span class='ocrx_word' id='word_1_567' title='bbox 168 4731 266 4801; x_wconf 85' lang='lat' dir='ltr'><strong>quibus</strong></span> <span class='ocrx_word' id='word_1_568' title='bbox 286 4731 431 4799; x_wconf 90' lang='lat' dir='ltr'><strong>probatur,</strong></span> <span class='ocrx_word' id='word_1_569' title='bbox 453 4727 544 4780; x_wconf 90' lang='lat' dir='ltr'><strong>inesse</strong></span> <span class='ocrx_word' id='word_1_570' title='bbox 559 4725 587 4779; x_wconf 92' lang='lat' dir='ltr'><strong>in</strong></span> <span class='ocrx_word' id='word_1_571' title='bbox 602 4726 763 4796; x_wconf 90' lang='lat' dir='ltr'><strong>corporibus</strong></span> <span class='ocrx_word' id='word_1_572' title='bbox 777 4726 955 4795; x_wconf 88' lang='lat' dir='ltr'><strong>planetarum</strong></span> <span class='ocrx_word' id='word_1_573' title='bbox 970 4722 1070 4776; x_wconf 89' lang='lat' dir='ltr'><strong>saltem</strong></span> <span class='ocrx_word' id='word_1_574' title='bbox 1084 4722 1204 4777; x_wconf 89' lang='lat' dir='ltr'><strong>Telluris</strong></span> <span class='ocrx_word' id='word_1_575' title='bbox 1219 4730 1249 4777; x_wconf 91' lang='lat' dir='ltr'><strong>et</strong></span> <span class='ocrx_word' id='word_1_576' title='bbox 1262 4722 1335 4778; x_wconf 84' lang='lat' dir='ltr'><strong>Solis</strong></span> <span class='ocrx_word' id='word_1_577' title='bbox 1357 4722 1525 4779; x_wconf 83' lang='lat' dir='ltr'><strong>intellectum</strong></span> 
     </span>
     <span class='ocr_line' id='line_1_55' title="bbox 167 4803 1525 4884; baseline -0.004 -20"><span class='ocrx_word' id='word_1_578' title='bbox 167 4811 294 4884; x_wconf 84' lang='lat' dir='ltr'><strong>aliquem,</strong></span> <span class='ocrx_word' id='word_1_579' title='bbox 315 4826 370 4864; x_wconf 89' lang='lat' dir='ltr'><strong>uon</strong></span> <span class='ocrx_word' id='word_1_580' title='bbox 391 4807 498 4880; x_wconf 89' lang='lat' dir='ltr'><strong>quidem</strong></span> <span class='ocrx_word' id='word_1_581' title='bbox 519 4805 751 4870; x_wconf 78' lang='lat' dir='ltr'><strong>ratiocinativum,</strong></span> <span class='ocrx_word' id='word_1_582' title='bbox 776 4812 808 4860; x_wconf 93' lang='lat' dir='ltr'><strong>ut</strong></span> <span class='ocrx_word' id='word_1_583' title='bbox 822 4804 850 4858; x_wconf 93' lang='lat' dir='ltr'><strong>in</strong></span> <span class='ocrx_word' id='word_1_584' title='bbox 864 4803 989 4867; x_wconf 74' lang='lat' dir='ltr'><strong>bomine,</strong></span> <span class='ocrx_word' id='word_1_585' title='bbox 1013 4809 1139 4857; x_wconf 88' lang='lat' dir='ltr'><strong>attamen</strong></span> <span class='ocrx_word' id='word_1_586' title='bbox 1152 4803 1312 4858; x_wconf 88' lang='lat' dir='ltr'><strong>instinctum</strong></span> <span class='ocrx_word' id='word_1_587' title='bbox 1330 4809 1364 4857; x_wconf 89' lang='lat' dir='ltr'><strong>ut</strong></span> <span class='ocrx_word' id='word_1_588' title='bbox 1376 4803 1405 4858; x_wconf 92' lang='lat' dir='ltr'><strong>iu</strong></span> <span class='ocrx_word' id='word_1_589' title='bbox 1420 4804 1525 4877; x_wconf 70' lang='lat' dir='ltr'><strong>planta</strong></span> 
     </span>
    </p>
   </div>
   <div class='ocr_carea' id='block_1_6' title="bbox 0 0 1690 5482">
    <p class='ocr_par' dir='ltr' id='par_1_10' title="bbox 0 0 1690 5482">
     <span class='ocr_line' id='line_1_56' title="bbox 0 0 1690 5482; baseline 0 0"><span class='ocrx_word' id='word_1_590' title='bbox 0 0 1690 5482; x_wconf 95' lang='lat' dir='ltr'><strong> </strong></span> 
     </span>
    </p>
   </div>
  </div>
 </body>
</html>
