3366 5482
769 113 985 166 mmm
1492 109 1560 181 288

196 270 459 347 lmeopfflm
482 272 642 338 onata,
666 283 798 346 mantum
817 276 894 331 absit
907 273 1076 344 Copsmicns
1096 273 1134 329 uh
1149 272 1212 329 Ursi
1229 274 1381 331 natantia.
1421 276 1559 331 Altaria

197 353 289 424 saepis
304 354 436 424 loquitur,
452 354 526 408 alter
540 356 575 408 de
589 354 660 408 aliis.
1483 414 1486 421 ,

273 434 337 487 Lib.
355 434 389 487 V.
411 450 473 503 cap.
499 433 546 488 35.
598 435 764 504 Copernicus
788 451 821 487 eo
844 435 905 487 loco
928 431 1050 485 meminit
1070 431 1210 500 Apollonii
1235 439 1265 485 et
1287 435 1382 486 eadem
1405 434 1439 485 de
1462 432 1559 486 eodem
1584 499 1586 504 Ι

191 514 273 575 dixit,
289 529 362 583 quae
377 514 552 567 Ptolemaeus
566 514 627 566 Lib.
642 514 704 568 Xll.
720 531 781 582 cap.
800 515 831 576 l,
854 516 887 566 de
902 529 954 583 quo
969 513 1030 565 loco
1045 511 1084 564 sic
1103 512 1168 565 mihi
1187 511 1311 565 videtur:
1343 511 1472 566 monitum
1494 527 1559 564 esse

195 595 293 648 Ursum
317 595 467 663 aquodam
491 593 710 664 intelligentium,
732 611 812 664 quam
832 600 876 646 est
899 593 958 661 ipse
973 591 1067 653 Ursus,
1094 598 1208 645 exstare
1231 591 1335 662 aliquid
1350 591 1559 660 Tychonianurn

195 674 222 727 in
235 673 399 727 Ptolemaeo
413 675 465 726 suh
479 674 587 726 nomine
601 675 752 742 Apollonii.
795 675 893 726 Ursum
907 688 980 732 vero,
1006 671 1084 725 nimis
1099 671 1126 724 in
1141 671 1184 725 his
1199 672 1281 724 rebus
1303 671 1422 733 facilem,
1446 677 1558 724 conten·

194 762 251 806 turn
266 752 308 817 iis,
334 768 406 822 qnae
420 771 456 806 ex
467 755 561 806 eodem
576 754 736 808 Ptolemaeo
752 753 918 821 Copernicus
933 751 1028 811 habet,
1053 768 1086 802 eo
1101 754 1171 820 quod
1193 750 1245 819 ipsi
1269 751 1390 803 maxime
1405 752 1439 805 ad
1454 751 1557 803 calum·

195 833 267 887 niam
281 834 432 886 texendam
456 842 639 902 opportunum
654 841 716 887 erat
738 833 899 902 praeterito,
922 830 988 900 quia
1003 831 1194 884 Ptolemaeum
1209 828 1286 882 adire
1301 846 1356 883 non
1370 829 1482 884 vacarit
1496 828 1558 898 ipsi,

194 911 345 980 arripuisse
360 913 394 974 id,
418 915 489 983 quod
503 915 587 982 plane
602 915 723 967 alienum
738 921 781 966 est
797 914 833 966 ab
847 914 900 965 hoc
913 912 982 962 loco.
1030 911 1109 964 Duae
1124 918 1188 965 sunt
1205 910 1311 963 formae
1326 909 1457 963 lemmatii
1471 908 1558 978 Apol·

194 992 309 1054 lomoni,
331 993 458 1055 alterum,
484 995 517 1046 de
539 1011 592 1062 quo
608 995 773 1062 Copernicus
787 1001 867 1045 etex
883 1007 915 1043 eo
933 990 1016 1043 Ursus
1040 991 1201 1059 loquuntur,
1227 988 1315 1041 nihilo
1330 990 1420 1059 magis
1442 988 1510 1043 facit
1523 989 1559 1042 ad

156 1102 166 1121 ·
193 1080 313 1125 mentem
328 1071 389 1124 Ursi
413 1079 463 1125 aut
476 1073 646 1142 hypothesin
661 1074 807 1143 'lychonia
835 1087 916 1142 quarn
938 1086 1024 1137 supra
1042 1069 1102 1138 ipse
1118 1068 1297 1137 Copernicus.
1339 1070 1441 1124 Sensus
1465 1068 1493 1122 in
1507 1068 1559 1121 hoo

194 1152 335 1206 schemate
371 1152 543 1220 exprimitur.
581 1157 606 1205 Δ
636 1154 723 1206 Terra
758 1154 806 1205 im·
996 1171 1000 1178 ·

194 1230 315 1293 mobilia,
359 1231 409 1284 BD
444 1233 631 1285 conceptricus
665 1234 805 1302 planetae,

194 1311 238 1380 qui
253 1311 280 1363 in
295 1314 311 1375 i
327 1309 364 1364 30
387 1311 465 1364 annis
485 1312 641 1365 restituitur
655 1311 701 1365 dcc.
735 1312 806 1364 liam

191 1390 357 1459 Apollonias
376 1391 495 1459 putarit,
517 1394 621 1445 nullam
643 1393 726 1445 aliam
742 1392 806 1444 snb·

153 1521 156 1524 Α
191 1485 250 1522 esse
286 1469 517 1539 inaequalitatem
553 1472 686 1541 planetis,
725 1488 807 1540 quam
874 1521 884 1535 ,

191 1549 274 1610 illam,
300 1566 372 1618 quae
396 1567 424 1601 se
447 1552 481 1602 ad
504 1550 595 1605 Solem
620 1553 807 1605 accommodat

191 1634 220 1682 et
236 1629 496 1700 retrogradationes
511 1632 604 1694 efficit,
626 1632 740 1701 ideoque
756 1633 806 1685 BD
883 1613 1017 1730 s

190 1715 345 1762 eccentrnm
376 1710 468 1764 lacere
494 1712 630 1782 neglexit.
676 1712 721 1765 FG
750 1711 807 1780 epi·
837 1729 882 1788 s

190 1789 283 1857 cyclus
320 1790 409 1842 habet
448 1798 550 1845 motum
578 1792 806 1847 commutationis.
870 1763 890 1819 B

191 1872 401 1925 Demonstravit
414 1873 475 1941 jam
488 1877 661 1945 Apollonius,
687 1877 710 1929 si
724 1880 805 1930 duca·

191 1957 235 2003 tnr
255 1968 293 2004 ex
313 1953 417 2005 Terrae
437 1964 531 2010 centro
545 1961 571 2009 A
591 1957 666 2011 linea
679 1958 740 2019 AG,
763 1975 806 2010 se·

192 2046 256 2083 cans
271 2023 428 2102 epicyclum
448 2034 475 2087 in
490 2037 524 2098 Η,
546 2037 578 2098 G,
605 2038 643 2090 sio
659 2044 692 2090 ut
704 2038 755 2090 EG
770 2037 808 2090 sit

193 2111 226 2163 sd
240 2111 295 2164 An
318 2119 350 2165 ut
364 2122 454 2167 motus
469 2116 515 2168 GE
530 2117 693 2171 concentrici
710 2120 744 2170 ad
760 2118 806 2171 FG

192 2189 358 2260 epioyclum‚
381 2200 446 2247 tuno
470 2195 497 2248 in
516 2197 673 2265 punctisH‚
699 2198 722 2250 G
748 2198 807 2266 pla-

194 2277 285 2324 setam
314 2272 482 2329 existentem
508 2277 701 2330 stationarium
740 2277 807 2330 lieri.

193 2351 270 2404 Haec
290 2352 380 2420 prima
395 2353 483 2408 forma
504 2356 647 2419 lemmatii‚
664 2357 741 2426 cnjus
757 2358 808 2409 Co·

192 2431 332 2499 persicus,
357 2433 532 2488 Ptolemaeus
556 2443 586 2490 et
610 2437 694 2490 Ursus
718 2438 809 2491 memi-

193 2527 265 2572 nere,
287 2512 373 2580 plane
393 2513 462 2567 nihil
481 2533 621 2569 commuue
642 2517 730 2570 habet
749 2535 808 2572 cum

192 2591 342 2660 hypothesi
363 2593 499 2662 'Pythonis
520 2602 549 2647 et
568 2597 675 2665 quidem
693 2613 807 2650 versans

192 2670 217 2723 in
236 2670 361 2723 terminis
385 2673 469 2742 longe
484 2674 554 2727 aliis.
593 2677 692 2728 Altera
711 2677 805 2738 forma,

193 2766 274 2820 quam
287 2751 374 2803 Ursus
397 2752 419 2804 si
443 2753 564 2815 vidisset,
588 2756 693 2809 coelum
714 2762 806 2809 terrae

193 2829 407 2884 commiscuisset
421 2849 488 2900 prae
503 2834 598 2887 insano
609 2836 720 2905 gaudio,
736 2837 807 2889 haec

193 2916 247 2962 ost:
263 2913 288 2961 A
306 2908 364 2981 (fig.
382 2909 429 2974 10)
445 2919 566 2966 centrum
582 2916 694 2977 Terrae,
714 2916 804 2968 mundi

193 2996 220 3042 et
232 2989 341 3043 orbium
355 2992 579 3060 planetariorum,
602 2996 625 3047 B
640 2995 687 3049 Sol
708 2997 735 3050 in
753 3013 802 3049 suo

194 3070 267 3131 orbe,
292 3069 340 3123 CD
355 3073 542 3126 concentrious
563 3075 696 3144 planetae
711 3076 802 3144 eujus·

194 3166 299 3219 cunque
324 3149 380 3204 unis
403 3155 502 3206 cumB
524 3156 590 3207 orbe
611 3155 701 3210 Solari
723 3163 753 3208 et
776 3155 802 3208 in

194 3231 308 3283 eandem
317 3241 423 3298 partem
432 3232 600 3288 circumiens.
624 3236 675 3288 ΕΙ)
687 3252 802 3306 magnus

194 3309 325 3377 planetae
335 3311 483 3381 epicyclus,
493 3314 689 3368 sicnt'lerram
699 3315 803 3369 ambiat

194 3390 251 3458 ejus
276 3398 401 3445 centrum
416 3392 450 3453 G;
475 3401 564 3447 motus
587 3395 704 3465 epicycli
729 3395 802 3448 illius

194 3477 289 3524 contra
312 3471 453 3540 signorum
476 3474 574 3528 seriem
593 3482 667 3529 motu
686 3492 802 3528 commu·

195 3556 317 3610 tationis.
346 3555 409 3616 Qua
422 3555 450 3608 in
464 3556 633 3610 assumtione
640 3556 803 3624 Apollonius

194 3636 291 3690 iterum
316 3636 427 3707 quaerit
455 3637 554 3690 lineam
577 3636 803 3690 determinantem

195 3718 336 3778 stationes,
352 3724 384 3770 ut
407 3723 481 3770 ante.
510 3717 588 3770 Haec
602 3717 689 3769 forma
707 3716 746 3769 sic
760 3722 804 3770 est

195 3802 363 3865 comparata,
393 3805 424 3850 ut
442 3797 602 3867 ingeniosus
626 3796 724 3865 aliquis
749 3797 801 3865 Ty·

194 3877 355 3931 chonianam
369 3877 538 3947 hypothesin
561 3895 597 3929 ex
619 3893 654 3930 ea
668 3879 802 3930 deducere

194 3957 288 4025 possit,
313 3959 361 4010 sed
376 3975 429 4010 uon
444 3957 514 4011 citra
527 3973 656 4026 magnum
670 3959 801 4019 lahorem,

194 4037 343 4108 etquidem
357 4036 485 4090 infinities
500 4037 645 4099 difficilius,
671 4053 751 4108 quam
765 4055 802 4090 ex

195 4117 383 4186 Cupernicana
396 4117 513 4171 ratione.
540 4119 609 4171 Nam
623 4118 710 4186 primo
726 4118 803 4171 nulla

195 4197 318 4267 suspicio,
334 4197 440 4251 nullum
449 4197 597 4268 vestigium
605 4196 801 4267 Tychonianae

194 4276 277 4330 inilia
286 4276 315 4329 in
326 4283 425 4345 aperto
436 4283 465 4330 et
475 4278 625 4346 propatulo
636 4286 687 4333 est.
703 4294 762 4329 cum
773 4294 872 4346 scopus
884 4281 1004 4334 auctoris
1017 4289 1145 4336 versetur
1155 4281 1181 4336 in
1192 4283 1427 4338 demonstratione
1437 4298 1510 4352 punc
1520 4288 1561 4335 to·

195 4373 248 4411 mm
267 4356 502 4417 stationariorum.
519 4357 627 4411 minime
643 4357 670 4410 in
685 4358 899 4412 conformatione
914 4361 1035 4429 partium
1049 4361 1178 4418 universi.
1220 4362 1346 4417 Secundo
1370 4380 1424 4415 non
1441 4361 1554 4431 ponitur

195 4444 313 4490 centrum
325 4436 501 4504 planetarum
513 4438 539 4490 in
551 4437 622 4498 Sole,
640 4437 724 4490 sedin
737 4438 832 4492 Terra.
861 4439 955 4493 Tertio
966 4457 1019 4495 non
1030 4447 1073 4494 est
1083 4443 1116 4493 de
1127 4442 1252 4496 omnihus
1264 4441 1386 4512 planetis
1397 4441 1476 4494 simul
1488 4457 1551 4493 con-

195 4515 328 4578 sideratis,
344 4518 393 4569 sed
409 4518 442 4569 de
457 4517 575 4587 singulis
590 4517 712 4570 seorsim.
749 4518 853 4578 Quarto
869 4519 986 4588 quilibet
1001 4521 1116 4589 planeta
1129 4522 1217 4576 hahet
1230 4538 1308 4576 suum
1325 4521 1419 4574 orbem
1432 4536 1560 4590 geocen·

195 4597 296 4651 tricum.
329 4595 441 4658 Quinto,
458 4612 536 4666 quem
547 4597 642 4666 Tycho
657 4599 749 4651 orbem
764 4598 897 4667 planetae
908 4600 979 4659 dicit.
998 4601 1019 4653 is
1035 4601 1061 4654 in
1073 4600 1219 4670 Apollonio
1235 4599 1354 4667 (etiamsi
1364 4599 1562 4656 intercesserit
