3366 5482
701 268 732 319 u
750 268 823 319 ssia
841 269 1003 336 „mapsa
1463 269 1525 337 301

168 425 210 486 Et
232 435 335 487 minen
360 425 414 486 illa
435 425 554 505 tragica
576 425 689 505 passim
713 426 742 486 in
758 426 887 487 Austris
909 427 965 488 sub
990 427 1053 505 ejus
1069 427 1187 489 nomine
1202 429 1376 507 palliantur.
1414 431 1528 492 Astro-

169 514 230 593 logi
253 514 401 588 dicerent,
427 513 527 593 vigere
552 514 748 575 directionem
772 514 837 592 ejus
862 516 905 575 M.
924 514 958 576 C.
985 516 1022 576 ad
1048 519 1109 586 00)
1134 526 1165 577 et
1190 513 1259 594 >kb

239 670 286 720 His
305 671 337 720 de
355 672 428 721 rebus
446 671 551 735 politicis
570 673 752 724 narrationibus
773 672 833 721 nihil
852 673 994 722 addendum
1013 688 1155 731 censemus:
1176 682 1348 740 comparentur
1365 674 1485 725 historici.

239 741 320 802 Quem
339 757 415 806 snpra
433 743 492 791 dicit
504 743 636 807 Keplerus,
657 743 945 800 Zimmermanuns,
964 745 1170 808 superintendens
1183 755 1238 795 erat
1260 748 1420 795 ecclesiarum
1430 745 1528 808 Styriae

168 813 270 861 Lutheri
296 813 355 863 fidei
384 814 552 873 addictarum,
579 814 636 862 iude
662 814 694 862 ab
720 829 785 862 anno
806 811 883 862 1596,
921 814 1002 864 Natus
1022 823 1060 864 est
1084 830 1149 864 asino
1170 815 1239 864 tolo
1256 816 1400 874 Neostadii,
1424 818 1451 865 in
1470 817 1526 866 civi·

167 890 222 934 tate
248 884 478 948 Wiirtembergica,
512 894 538 933 et
562 885 696 934 Maestlino
723 885 817 948 pridem
845 887 955 934 amicitia
978 889 1125 949 conjunctus
1151 894 1219 944 erat,
1248 902 1303 937 cum
1328 895 1431 950 uterque
1457 887 1530 937 simul

168 969 212 1018 per
241 955 336 1019 aliquot
363 969 442 1004 anuos
468 955 651 1020 Heidelbergae
675 963 881 1014 commoraretur,
909 958 950 1005 ille
975 971 1047 1006 sacer
1073 960 1188 1022 principis
1219 967 1300 1007 orator
1327 967 1352 1006 et
1380 972 1396 1006 a
1420 958 1528 1008 consiliis

168 1026 361 1083 ecciesiasticis,
386 1025 426 1075 hic
455 1027 595 1076 matheseos
620 1027 747 1089 professor.
786 1026 825 1075 De
851 1028 1044 1077 Zimmermanui
1071 1029 1121 1077 filio
1148 1030 1224 1078 refert
1248 1029 1371 1092 Keplerns
1395 1028 1527 1079 Maestllno

166 1111 244 1160 snpra
261 1111 319 1161 pag.
342 1093 386 1145 ³0.

242 1168 334 1217 Literis
349 1167 451 1231 Kepleri
464 1167 488 1215 d.
505 1165 545 1216 15.
556 1164 640 1216 Martii
659 1167 998 1230 responditMaestlinns
1016 1170 1124 1233 pluribus
1146 1169 1277 1235 „postridie
1291 1169 1344 1219 eat.
1354 1168 1416 1232 Maj.
1432 1167 1525 1219 low
1629 1234 1638 1253 ·
1666 1185 1671 1191 ’

166 1238 240 1300 Quae
259 1253 290 1288 ex
307 1239 345 1288 bis
368 1239 445 1288 literis
463 1238 511 1287 huo
531 1240 663 1301 pertinent,
683 1240 746 1288 baec
764 1246 834 1289 eunt:

238 1309 337 1358 Literas
351 1310 427 1366 Tuas,
443 1308 549 1358 Doctiss.
560 1309 611 1364 l'ir,
632 1309 738 1358 Domine
752 1317 777 1358 et
792 1312 871 1359 amice
884 1310 1010 1373 perchare,
1032 1315 1118 1374 accepi
1129 1311 1188 1360 mihi
1201 1312 1369 1376 gratissimas;
1389 1311 1448 1359 mibi
1466 1326 1525 1376 qno·

166 1395 213 1443 qne
232 1387 354 1444 pergrata
373 1388 411 1429 est
428 1381 592 1442 respondendi
612 1383 718 1429 occasio.
758 1381 807 1429 Sed
825 1383 971 1430 ubiiacinm
990 1384 1104 1430 initium?
1142 1386 1181 1430 An
1199 1399 1248 1431 non
1268 1384 1299 1431 ab
1319 1397 1357 1442 eo,
1376 1383 1526 1446 quodsuper

166 1451 265 1499 mudum
285 1453 381 1515 ingenti
399 1452 526 1500 moestitia
543 1466 585 1500 cor
603 1467 685 1499 meum
704 1451 793 1499 afflixit
812 1459 838 1501 et
856 1451 937 1501 adhuc
957 1453 1064 1518 affligit?

239 1521 321 1571 Natus
341 1524 388 1570 fuit
406 1520 466 1570 mibi
485 1522 562 1576 filius,
590 1529 663 1570 natus
682 1529 721 1569 est
740 1524 816 1570 etiam
834 1523 887 1571 tibi.
926 1523 979 1571 Ah!
1011 1524 1112 1573 Utinam
1132 1524 1226 1572 felicior
1242 1530 1299 1572 tuus
1319 1523 1424 1579 eradat,
1451 1530 1525 1587 atque

166 1601 190 1640 te
217 1600 338 1656 tuumque
365 1595 478 1641 suarium
505 1595 577 1641 aliter
605 1592 738 1641 exhiberet.
777 1593 878 1656 Speravi
903 1595 1043 1643 diuturnam
1067 1598 1142 1643 vitam
1167 1594 1234 1644 lilioli
1258 1596 1321 1651 mei;
1352 1593 1458 1643 confisus
1481 1596 1525 1651 iul,

166 1667 246 1728 ipsum
265 1666 401 1713 senectutis
421 1664 554 1727 aliqnando
579 1679 650 1712 meae
669 1678 728 1726 prae
748 1666 837 1713 ceteris
861 1667 921 1714 meis
941 1666 1022 1714 liberis
1040 1667 1091 1715 fore
1110 1665 1235 1714 baculum.
1273 1665 1374 1714 Promisi
1393 1665 1452 1713 mibi
1470 1665 1524 1728 plu·

166 1737 229 1784 mma
248 1734 279 1782 de
297 1736 364 1798 ipso;
385 1735 426 1783 alii
444 1735 503 1783 mihi
522 1750 551 1783 ex
571 1737 652 1783 animo
672 1743 729 1783 sunt
748 1736 874 1800 gratulati.
912 1736 965 1801 Ego
979 1736 1033 1785 Deo
1052 1752 1113 1800 quas
1131 1738 1293 1801 persolverem
1312 1737 1524 1800 granssneseivi,

165 1806 252 1856 sedulo
270 1812 357 1855 tamen
381 1806 558 1855 ardentissimis
580 1808 642 1854 votis
668 1807 747 1869 ipsum
772 1807 909 1856 sollicitari.
949 1808 1040 1856 Verum
1063 1808 1123 1856 illud
1145 1822 1227 1856 meum
1245 1807 1363 1871 gaudium
1383 1807 1524 1856 diuturnum

165 1893 214 1927 non
233 1877 289 1925 fuit
327 1875 393 1926 Nam
413 1877 446 1925 ad
466 1877 481 1924 5
501 1874 653 1940 septimanas
678 1892 726 1925 nou
752 1880 877 1940 pervenit;
908 1881 999 1927 etenim
1022 1880 1061 1927 die
1081 1876 1115 1942 ij,
1140 1880 1181 1942 qui
1201 1880 1246 1927 fuit
1266 1876 1307 1925 15.
1327 1877 1386 1926 Feb.
1407 1878 1525 1941 epilepsia

165 1951 278 1999 laborare
298 1949 372 2010 cepit,
392 1947 454 1997 hora
472 1951 554 1997 noctis
573 1946 604 2005 ὃς
624 1949 681 1996 inde
700 1963 751 2012 seq.
772 1949 811 1998 die
831 1951 953 1997 continuis
972 1951 1115 2012 paroxismis
1134 1957 1213 1997 totum
1232 1949 1402 2011 corpusculum
1421 1962 1524 1998 enema-

163 2030 216 2072 tnm
235 2019 291 2074 fuit,
311 2027 340 2066 ut
357 2018 420 2068 hora
438 2021 517 2068 noctis
540 2017 571 2066 10
590 2027 739 2082 postremum
759 2020 912 2068 exhalaverit
925 2022 1044 2083 spiritum.
1085 2021 1137 2068 Ah!
1166 2020 1213 2068 Ubi
1226 2019 1424 2081 mesillaspesi
1443 2034 1525 2068 meum
1584 2065 1588 2070 .

164 2087 302 2158 gaudium?
330 2090 389 2138 illae
408 2089 608 2155 gratulationes?
646 2090 673 2137 ln
693 2092 858 2146 moestitiam,
885 2091 1031 2153 lachrymas
1045 2098 1070 2141 et
1088 2091 1278 2154 insuperabilem
1297 2090 1421 2138 tristitiam
1442 2091 1526 2139 omnia

163 2172 222 2212 sunt
241 2160 360 2210 resoluta.
399 2160 480 2209 Natus
499 2162 546 2209 fuit
564 2160 622 2209 mibi
641 2161 705 2208 iilius
725 2177 774 2209 non
793 2163 861 2210 iilia:
894 2171 919 2211 et
938 2162 1036 2225 quidem
1055 2178 1084 2212 eo
1103 2169 1213 2225 ternpore
1230 2176 1277 2225 quo
1296 2162 1403 2208 maxime
1422 2172 1523 2224 exopta·

163 2248 255 2284 reram.
289 2229 387 2280 Nomen
407 2232 438 2280 ab
456 2234 570 2296 Augusto
588 2234 698 2296 principe
718 2235 817 2296 accepit
828 2235 977 2297 Angustum.
1010 2237 1149 2298 Angustum
1168 2233 1275 2281 futurum
1294 2233 1398 2296 sperari.
1433 2231 1526 2280 Verum

163 2312 243 2354 murts
261 2304 403 2366 etquidem
422 2305 567 2367 epileptica,
596 2304 666 2360 dira,
690 2305 751 2360 ista,
771 2319 835 2367 quae
854 2305 1000 2353 videbantur
1018 2306 1163 2354 felicissima
1184 2305 1283 2361 omina,
1311 2305 1337 2351 iu
1361 2302 1462 2351 nihilum
1480 2304 1524 2352 ab·

162 2380 251 2427 ierunt

234 2444 286 2494 Sed
304 2459 351 2507 quo
371 2444 433 2493 abeo
452 2444 582 2494 affectibus
602 2451 628 2494 et
645 2445 870 2507 perturbationibus
898 2443 927 2505 (a
946 2445 1045 2509 quibus,
1075 2445 1094 2493 si
1121 2445 1192 2494 frena
1210 2446 1245 2493 eis
1264 2444 1359 2502 laxem,
1385 2458 1423 2491 me
1443 2445 1481 2491 rix
1500 2449 1526 2493 et

162 2517 273 2581 profecto
291 2517 332 2563 rix
349 2529 464 2564 revocare
483 2512 593 2579 possum)
613 2517 716 2564 nimium
738 2516 844 2564 inhians.
883 2520 1010 2580 Augustus
1030 2517 1110 2564 estin
1129 2517 1234 2580 glorioso
1254 2523 1358 2580 augusto
1374 2515 1525 2579 Angelorum

162 2590 245 2648 choro,
266 2585 442 2649 compendiosa
459 2588 501 2634 ria
519 2587 552 2635 ad
570 2587 594 2634 id
613 2587 677 2649 quod
696 2587 865 2650 principaliter
882 2602 1010 2650 speramus
1029 2590 1148 2649 pervenit.
1186 2591 1220 2635 At
1240 2602 1295 2652 ego,
1315 2588 1362 2636 etsi
1378 2588 1459 2634 omine
1477 2585 1524 2635 hoc

161 2675 211 2710 non
230 2659 350 2720 deceptus
368 2671 435 2713 sum,
464 2672 535 2706 omen
558 2664 643 2706 tamen
666 2659 731 2706 istud
755 2659 829 2721 longe
854 2659 927 2707 aliter
949 2657 1009 2706 mihi
1034 2659 1069 2706 fui
1088 2660 1272 2722 interpretatus.
1311 2658 1387 2706 Vivat
1405 2672 1463 2721 ergo
1481 2658 1524 2714 ibi,

163 2733 259 2780 huatm
277 2729 365 2792 quibus
384 2743 428 2775 nos
448 2727 528 2777 adhuc
552 2730 578 2776 in
596 2744 639 2791 spe
662 2730 715 2793 ipse
738 2731 763 2777 in
789 2744 827 2787 re,
858 2731 916 2793 quia
934 2729 988 2778 Deo
1015 2730 1052 2778 ita
1076 2732 1154 2778 usum
1178 2737 1228 2779 est:
1260 2731 1358 2778 interim
1383 2734 1468 2776 tamen
1486 2727 1524 2776 sui

161 2815 281 2866 magnum
300 2799 447 2848 desiderium
464 2799 505 2846 hic
523 2800 582 2847 mihi
600 2800 705 2862 reliquit.
744 2800 913 2849 Veruntamen
938 2801 1054 2863 quoniam
1081 2801 1249 2849 animadverto
1273 2804 1352 2863 ipsum
1376 2799 1524 2862 longaevum

161 2875 200 2922 rix
216 2873 328 2920 futurum
340 2871 414 2918 fuisse
433 2867 499 2929 (vide
518 2885 594 2933 supra
611 2886 634 2932 p.
650 2868 722 2930 298),
743 2885 791 2934 ago
811 2870 865 2919 Deo
886 2873 996 2935 gratias,
1016 2871 1080 2933 qnod
1099 2887 1148 2919 non
1168 2872 1208 2919 diu
1227 2871 1270 2919 illa
1289 2886 1332 2934 spe
1351 2871 1385 2918 fui
1404 2869 1521 2918 laetatus.

161 2943 284 2992 Dominus
302 2941 386 2997 dedit,
414 2940 536 2989 Dominus
555 2941 670 2997 abstulit,
697 2943 729 2989 sit
754 2957 843 2990 nomen
862 2942 962 2990 Domini
991 2940 1042 3002 (Ab
1062 2955 1136 3004 quam
1156 2955 1230 3005 aegre
1249 2941 1312 2990 haec
1332 2955 1362 2990 ex
1380 2940 1523 3002 perturbato

162 3015 236 3064 corde
262 3009 434 3076 prorumpunt)
463 3013 628 3061 benedictum.
667 3012 759 3062 Verum
785 3013 829 3061 fiat
852 3013 965 3061 voluntas
991 3021 1048 3067 tua,
1078 3012 1197 3061 Domine!
1239 3012 1314 3061 Plura
1340 3011 1447 3060 scribere
1473 3024 1524 3059 non

160 3100 290 3206 ”mlum
309 3154 418 3203 adalia
456 3153 632 3201 Tristissimnm
659 3167 689 3200 ex
712 3152 790 3201 literis
808 3154 857 3201 tuis
876 3154 975 3216 percepi
994 3153 1111 3201 nuncium
1136 3153 1167 3201 de
1186 3157 1264 3202 morte
1284 3151 1345 3201 Rev.
1365 3150 1418 3199 Viri
1437 3150 1469 3200 D.
1489 3149 1522 3201 D.

161 3226 233 3276 wilh.
255 3225 456 3274 Zimmermanni.
495 3223 533 3272 Ab
552 3231 670 3287 quantam
690 3224 796 3272 ecclesia
816 3223 863 3272 Dei
881 3225 927 3272 boc
946 3225 1036 3272 amisso
1058 3223 1114 3272 Viro
1134 3226 1192 3273 fecit
1207 3227 1332 3286 jacturam
1341 3223 1352 3270 !‘
1385 3222 1453 3271 Deus
1472 3222 1523 3272 cle·

160 3304 258 3348 menter
276 3299 330 3358 ejus
348 3297 506 3351 misercatur,
535 3296 604 3343 etin
624 3294 704 3343 locum
728 3296 803 3358 ipsius
829 3297 852 3344 ei
871 3295 946 3343 alium
965 3295 1078 3350 fidelem,
1105 3298 1146 3358 qui
1171 3297 1224 3359 pari
1250 3295 1397 3343 dexteritate
1421 3295 1522 3357 praesit,

160 3371 304 3419 substituat·
341 3368 407 3416 Dum
427 3381 456 3415 ex
474 3367 551 3415 literis
569 3367 618 3414 tuis
637 3372 741 3414 mortem
758 3367 831 3427 hujus
849 3367 892 3414 riri
912 3366 1011 3430 collegis
1038 3368 1099 3415 meis
1118 3367 1243 3421 referrem,
1262 3382 1347 3416 omnes
1365 3366 1524 3416 vehementer

160 3442 343 3504 ingemuerunt,
370 3439 400 3487 de
426 3438 533 3487 ecclesia
560 3439 704 3501 praesertim
724 3444 860 3486 vestrorum
885 3438 993 3486 locorum
1019 3438 1151 3487 admodum
1176 3439 1282 3487 solliciti.
1321 3437 1370 3486 Sed
1395 3450 1522 3500 speramus

161 3511 258 3566 Deum,
288 3511 328 3573 qui
352 3511 431 3573 ipsum
455 3511 556 3558 tandem
585 3524 614 3557 ex
637 3508 674 3556 his
700 3511 823 3557 aerumnis
848 3509 976 3565 liberarit,
1006 3509 1128 3559 ecclesiae
1155 3525 1215 3560 suae
1239 3510 1328 3558 iterum
1345 3515 1449 3571 paterne
1469 3521 1523 3557 esse

178 3598 190 3631 r
252 3588 356 3631 omnim.

163 3595 306 3712 milam
331 3652 362 3700 de
389 3654 513 3698 cometa
537 3648 585 3696 dici
603 3649 701 3707 scribis,
731 3663 807 3711 nuper
832 3650 907 3697 etiam
927 3648 1026 3698 aliunde
1049 3650 1082 3698 ad
1099 3666 1139 3699 me
1158 3652 1244 3702 delata
1261 3658 1326 3699 sunt.
1364 3648 1456 3699 Vemm
1475 3662 1522 3713 ego

163 3729 287 3774 comeum
313 3723 406 3771 nullum
432 3721 488 3768 vidi.
526 3720 643 3768 Existimo
667 3727 750 3768 autem
778 3716 814 3778 (id
837 3720 900 3782 quod
920 3735 950 3768 ex
968 3722 1160 3770 circumstantiis
1179 3723 1282 3788 colligo,
1308 3721 1366 3769 dum
1392 3720 1522 3784 diligenter

163 3809 211 3858 qna
229 3801 303 3858 parte
327 3794 388 3842 coeli
413 3793 478 3840 risus
502 3792 577 3839 fuerit
596 3787 775 3853 explorarem),
804 3792 864 3838 istos
891 3791 1002 3839 homines
1025 3793 1152 3842 vicinitate
1171 3793 1193 3853 'll
1213 3802 1239 3843 et
1258 3786 1282 3857 Q
1302 3792 1419 3854 deceptos
1438 3792 1521 3849 fuisse,

163 3866 263 3929 qnando
282 3866 396 3913 nimirum
416 3855 440 3926 9
460 3863 583 3910 interdum
601 3877 645 3925 per
663 3862 740 3910 nubes
760 3862 869 3910 caudata
888 3864 940 3909 risa
958 3862 1011 3910 fuit

232 3935 452 3999 astrologiam
472 3933 542 3981 rideo
561 3941 586 3981 te
605 3949 654 3981 non
673 3934 788 3994 abjicere.
826 3933 861 3980 At
879 3946 925 3980 nec
945 3946 976 3980 ea
994 3933 1099 3995 priorum
1116 3947 1227 3982 mearum
1239 3933 1365 3982 literarum
1383 3932 1521 3982 fultmens.

156 3997 212 4056 'Sed
233 4020 291 4070 ego,
309 4021 356 4055 nec
375 4020 425 4053 non
445 4005 486 4053 alii
505 4018 601 4052 mecum
620 4004 777 4053 vehementer
796 4003 912 4052 admirati
929 4010 1002 4060 sunt,
1027 4018 1076 4066 qua
1094 4019 1120 4053 re
1138 4005 1163 4053 in
1182 4004 1341 4070 Prognostico
1360 4004 1434 4065 hujus
1453 4001 1522 4052 1598

164 4091 218 4127 cam
238 4085 369 4140 tantopere
389 4074 571 4139 exagitaveris?
608 4074 754 4138 Respondes
772 4074 810 4122 his
829 4075 919 4132 literis,
947 4081 972 4122 te
991 4090 1040 4122 nou
1060 4075 1234 4140 astrologiam,
1257 4076 1302 4124 sed
1320 4075 1419 4125 inutilia
1437 4074 1520 4124 domo·

163 4164 215 4208 rum
233 4148 399 4198 numeralium
419 4148 585 4195 instrumenta
604 4153 678 4208 atque
698 4147 727 4193 de
747 4146 849 4208 speciali
867 4145 1036 4207 praedictione
1055 4153 1213 4210 arrogantem
1234 4148 1442 4209 praesumtionem
1462 4160 1519 4196 con·

164 4221 246 4271 futare
264 4216 310 4267 dtc.
349 4221 383 4265 At
406 4219 467 4265 mihi
491 4218 636 4277 ridebantur
654 4219 704 4265 ista
722 4218 746 4264 in
767 4217 842 4264 alium
861 4222 996 4265 tractatum
1013 4217 1163 4266 reservanda
1180 4217 1262 4276 fuisse,
1283 4219 1309 4267 in
1328 4233 1375 4283 qno
1395 4232 1451 4268 curn
1463 4216 1521 4266 solis

164 4291 264 4341 eruditis
285 4290 404 4352 disputari
422 4295 513 4350 posset.
551 4288 599 4337 Hic
619 4304 642 4335 n.
663 4302 719 4336 cum
738 4289 832 4336 rustica
856 4287 928 4350 plebe
948 4294 973 4336 et
991 4288 1088 4343 idiotis,
1115 4302 1131 4336 a
1156 4289 1243 4351 quibus
1266 4305 1315 4338 non
1340 4302 1459 4354 arrogans
1477 4287 1521 4337 iiis

163 4363 322 4426 praesumtio,
343 4360 387 4409 sed
404 4361 565 4423 prognostica
582 4359 613 4407 de
631 4359 788 4422 proventibus
808 4359 876 4414 anni,
896 4359 927 4407 de
945 4358 1014 4406 bellis
1034 4364 1142 4421 atquae
1160 4361 1281 4421 eiusmodi
1299 4367 1365 4416 sunt,
1386 4365 1520 4423 expectan-
1615 4359 1622 4364 '

165 4443 202 4483 tur
221 4439 267 4482 aut
284 4436 438 4494 spectantur,
459 4433 548 4495 agitur.
586 4431 685 4479 Etenim
703 4429 741 4477 hia
759 4431 847 4494 ignota
866 4436 924 4477 sunt
941 4428 1104 4478 fundamenta
1121 4431 1245 4479 rationum
1265 4429 1298 4478 12
1311 4431 1438 4479 domorum
1450 4428 1521 4484 coeh,

166 4505 339 4568 triplicitatem
357 4501 401 4550 uc.
440 4501 490 4550 Sed
509 4502 539 4550 de
557 4501 595 4548 his
614 4503 690 4549 etiem
709 4501 815 4563 quiesco.
853 4499 930 4548 Vides
949 4515 988 4548 me
1006 4507 1115 4548 mentem
1134 4507 1202 4549 tuam
1220 4515 1271 4550 non
1289 4503 1456 4565 impugnasse,
1476 4498 1520 4548 sed

164 4576 227 4640 qnod
245 4575 307 4623 mihi
325 4573 445 4632 rideatur,
466 4587 521 4621 eam
541 4573 708 4634 impertinenti
727 4571 780 4619 loco
799 4571 874 4620 fuisse
894 4573 1052 4633 propositam,
1071 4571 1185 4620 nimirum
1204 4573 1292 4620 saltem
1311 4573 1336 4619 in
1355 4571 1519 4634 prognostico,

163 4661 225 4710 quae
246 4645 337 4694 durant
356 4659 431 4720 unum
450 4658 555 4700 annum,
577 4658 632 4692 cum
652 4643 702 4691 alia
720 4644 826 4705 scripta,
846 4642 933 4707 quibus
951 4641 995 4690 illa
1013 4643 1119 4690 materia
1137 4642 1287 4691 commodius
1306 4643 1409 4690 mactari
1426 4641 1518 4703 petuis·

162 4726 208 4776 ⁵0²,
226 4724 278 4840 ⁸3:
294 4722 422 4862 lgm?
434 4786 655 4839 astronomico
682 4790 725 4836 tuo
748 4782 907 4835 vehementer
935 4782 1016 4835 laeter
1041 4782 1102 4834 mihi
1124 4769 1158 4834 ad
1179 4787 1206 4834 te
1224 4781 1347 4834 scribendi
1364 4782 1520 4861 occasionem
