3366 5482
158 303 225 370 ero
289 250 294 267 ’
704 303 826 369 Aaou
843 302 967 364 aaut

157 464 205 526 Ex
232 464 280 527 his
304 471 431 542 apparet
453 461 574 522 occasio
597 462 741 539 genuina,
771 479 847 541 quae
871 460 1034 538 Apollonio
1064 461 1140 521 haue
1165 459 1360 522 assumtionis
1392 461 1516 521 formam

158 552 409 632 suppeditaverit.
457 551 535 611 Nam
564 551 642 629 quod
667 568 824 610 accessum
849 558 880 609 et
902 568 1054 610 recessum
1085 549 1276 627 planetarum
1304 548 1344 609 ad
1367 567 1424 610 uos
1451 566 1520 628 pro·

158 642 358 722 portionalem
381 639 569 701 conversioni
595 638 677 699 Solis
703 639 822 710 attinet,
848 639 972 698 eundem
998 639 1089 698 ctiam
1108 638 1315 700 ptolemaicae
1337 637 1521 722 hypotheses

158 730 313 792 exhibent.
360 730 466 808 ltaque
491 728 588 788 adhuc
613 728 684 789 nihil
709 736 766 798 est,
791 745 849 806 quo
873 746 941 787 sese
957 736 1077 788 tueatur
1092 727 1188 788 Ursus
1212 727 1410 807 obtineatque
1424 728 1520 807 Apol·

154 819 270 880 'lonium
280 838 348 879 esse
364 818 546 878 inversarum
561 816 867 890 Aristarchianarum,
884 834 1018 895 quaeque
1034 816 1169 898 Tychoni
1187 817 1342 891 debentur,
1359 824 1520 878 auctorem.

248 908 304 968 His
328 908 405 968 adde
430 914 462 966 et
485 906 556 976 hoc,
587 906 753 984 quodcum
779 905 979 983 inaequalitas
1006 905 1059 965 illa
1082 914 1196 979 motus,
1229 924 1317 984 quam
1342 905 1523 984 Apollonius

160 987 264 1058 asna¹
281 995 536 1057 demonstratione
569 995 735 1072 sejunctam
766 1013 834 1053 esse
859 994 967 1067 voluit,
1003 994 1115 1073 negligi
1139 1002 1285 1073 nequeat,
1319 995 1425 1074 itaque
1448 1011 1523 1073 apo·

161 1104 269 1164 gaeum
303 1094 334 1144 et
366 1085 538 1163 perigaenm
571 1084 599 1142 iu
634 1084 712 1143 linea
742 1083 816 1153 ΗΝ,
850 1082 902 1144 GE
936 1083 980 1154 (in
1015 1084 1127 1144 schem.
1163 1084 1281 1164 quinto)
1315 1101 1438 1161 semper
1468 1082 1522 1143 sibi

163 1175 221 1254 ipsi
244 1174 392 1254 parallela
416 1172 557 1233 constitui
582 1172 706 1245 debeat,
731 1192 769 1232 ex
793 1191 827 1230 eo
852 1172 965 1245 evenit,
1001 1180 1034 1232 ut
1058 1171 1113 1232 ΑΕ
1138 1173 1265 1252 apogaei
1290 1171 1402 1233 lineam
1425 1171 1523 1233 dicero

158 1264 223 1342 jam
245 1281 333 1342 porro
358 1281 414 1321 uon
440 1261 587 1339 possimus
611 1270 735 1339 totaque
761 1261 987 1321 nomenclatura
1010 1260 1161 1340 Tychouis
1186 1261 1306 1321 differat
1329 1261 1368 1321 ab
1394 1260 1523 1340 Apollo-

164 1351 221 1413 nio.
269 1349 372 1421 Quare
396 1369 491 1428 neque
515 1359 627 1410 mutum
651 1351 792 1428 planetae
817 1351 845 1409 in
869 1349 1084 1427 praecedentia
1108 1350 1171 1411 lieri
1195 1351 1305 1410 statuit
1327 1367 1366 1409 ex
1389 1351 1421 1410 A
1445 1348 1474 1411 iu
1487 1349 1522 1423 B,

163 1441 217 1502 sed
246 1441 275 1501 iu
303 1440 520 1519 consequentia
547 1458 584 1498 ex
609 1437 634 1499 C
658 1440 687 1498 iu
711 1439 737 1498 B
767 1448 872 1499 contra
901 1457 989 1517 quam
1013 1439 1202 1516 Apollonius.
1250 1440 1287 1500 lu
1313 1447 1407 1499 tauta
1429 1456 1523 1500 rerum

163 1530 413 1608 terminorumque
438 1527 615 1588 diversitate
641 1528 754 1589 frustra
778 1528 897 1588 laborat
921 1528 1016 1589 Ursus
1041 1529 1228 1589 abstractam
1253 1548 1272 1587 a
1294 1527 1438 1608 Tychoue
1463 1528 1522 1588 lor·

163 1637 241 1679 mam
264 1617 475 1699 hypothesium
500 1616 538 1676 ad
561 1617 754 1695 Apollonium
778 1618 904 1678 deferre.

746 2182 866 2280 Caput
893 2181 956 2254 IV.

164 2339 236 2402 Non
269 2347 394 2402 enatam
424 2337 519 2403 alliot
551 2340 733 2401 mentonem
771 2342 1001 2422 hppotheoium,
1040 2362 1121 2423 quos
1154 2343 1261 2426 Tycha
1301 2342 1365 2405 etot
1404 2345 1523 2417 emerit,

616 2428 718 2492 Ursus
741 2429 910 2511 Apollonio
934 2432 1072 2514 assiam.

251 2587 362 2648 Nescio
396 2605 453 2666 quo
488 2587 595 2648 affectu
625 2589 798 2650 stimulante
831 2589 861 2650 id
892 2609 981 2651 uuum
1012 2590 1076 2668 agit
1104 2590 1215 2664 Ursus,
1249 2596 1284 2650 ut
1306 2589 1459 2671 Tychouis
1490 2590 1524 2650 de

163 2677 270 2738 mundo
305 2676 516 2755 conceptiones
541 2678 715 2758 antiquitati
741 2687 880 2751 asserat,
910 2678 1102 2739 manifestam
1136 2678 1256 2740 veritati
1291 2678 1351 2738 viur
1386 2678 1523 2740 aderens.

163 2764 295 2827 Primum
324 2782 361 2824 ex
386 2763 537 2826 veteribus
566 2768 594 2828 iu
624 2767 720 2828 aciem
744 2786 835 2846 supra
863 2768 1047 2845 produxerat
1071 2767 1273 2846 Apollonium.
1322 2765 1356 2829 Si
1387 2768 1442 2828 hoc
1471 2767 1523 2827 dc·

165 2854 344 2915 tendendum
369 2854 570 2932 suscepisset,
603 2857 814 2934 cognationem
840 2857 987 2935 quandam
1011 2856 1198 2918 intercedere
1221 2855 1427 2935 Apolloniano
1455 2873 1524 2934 pro·

164 2943 286 3005 blemati
303 2962 369 3003 cum
385 2943 533 3025 Tyehonis
549 2944 779 3025 hypothesibus,
805 2952 927 3023 poterat
949 2946 1073 3007 tolerari
1095 2945 1216 3024 partim,
1243 2946 1273 3005 iu
1297 2945 1409 3006 ceteris
1433 2963 1524 3006 excu-

163 3033 234 3094 sari.
282 3033 369 3093 Nurac
398 3032 467 3111 quia
494 3033 583 3112 plane
612 3043 769 3113 utrumque
803 3042 967 3112 exaequat,
1002 3035 1144 3113 apparuit
1175 3034 1310 3112 proximo
1340 3034 1443 3112 capite
1476 3052 1524 3095 coc

163 3141 220 3182 uon
249 3122 337 3200 plene
360 3121 440 3182 Urso
473 3121 565 3182 fuisse
600 3123 756 3201 cognitos,
790 3122 909 3183 minime
941 3142 1011 3184 vero
1039 3125 1086 3184 vel
1118 3124 1228 3184 lectum
1264 3123 1312 3183 vel
1341 3122 1525 3185 intellectum

163 3209 318 3290 Apollonii
341 3208 504 3288 problema.
552 3208 703 3290 Cognatio
728 3221 828 3272 autem
852 3212 905 3271 illa
929 3212 1141 3291 hypothesium
1164 3212 1314 3292 Tychouis
1337 3230 1406 3272 cum
1424 3212 1523 3290 Apol·

162 3299 234 3361 lonii
264 3299 467 3378 problemate,
501 3318 589 3378 quam
621 3309 652 3360 et
682 3319 773 3378 supra
802 3300 1007 3361 demonstravi
1040 3309 1072 3361 et
1096 3301 1162 3379 jam
1185 3300 1308 3362 concedi
1338 3318 1430 3379 posse
1455 3300 1523 3374 diri,

158 3387 222 3466 jam
247 3387 365 3467 quidem
389 3388 528 3460 cernitur,
553 3396 712 3468 postquam
728 3389 830 3468 Tycho
855 3408 938 3449 suam
962 3390 1061 3451 muudi
1088 3391 1212 3451 formam
1235 3388 1452 3451 diversissimis
1476 3390 1522 3451 iu-

164 3477 271 3537 ductus
295 3476 478 3554 argumentis
503 3485 534 3536 et
548 3478 705 3539 constituit
720 3485 754 3537 et
771 3478 915 3555 prodidit.
962 3479 1089 3558 Absque
1106 3479 1161 3539 hoc
1177 3486 1269 3554 esset,
1294 3478 1375 3539 haud
1390 3474 1525 3560 equidem
1559 3478 1566 3487 '

164 3565 237 3636 scio,
261 3584 299 3624 au
325 3565 479 3645 quisquam
510 3566 586 3625 adeo
611 3565 691 3626 felici
720 3566 836 3626 futurus
862 3565 969 3628 fuisset
991 3568 1125 3646 iugenio,
1161 3575 1194 3628 ut
1226 3587 1265 3627 ex
1282 3567 1348 3628 solo
1372 3565 1524 3646 Apollonii

163 3654 351 3733 problemate
366 3654 503 3732 iuspecto
519 3655 547 3713 in
564 3654 713 3746 Tychonis
737 3655 941 3733 cogitationes
956 3655 1087 3717 incidere
1103 3656 1272 3737 potuisset3
1296 3656 1373 3717 adeo
1398 3657 1524 3719 obscura

166 3751 214 3804 est
237 3743 319 3803 haec·
337 3742 477 3820 cognatio
502 3762 668 3822 coecusque
692 3743 847 3804 transitus.
1230 3813 1234 3821 ¹

252 3831 341 3892 Alter
372 3850 408 3891 ex
438 3832 589 3906 vjeteribus
614 3832 746 3913 Tychoui
776 3832 814 3892 ab
838 3833 916 3894 Urso
945 3840 1087 3910 tanquam
1116 3832 1249 3893 aemulus
1278 3833 1316 3893 ob
1340 3834 1446 3895 oculos
1470 3833 1523 3895 ad·

164 3919 282 3981 ducitur
305 3919 516 3981 Martianus
541 3919 710 4000 Capella,
730 3916 771 3994 ¹⁸)
800 3921 830 3981 iu
855 3940 912 3999 quo
937 3920 1029 3980 multo
1053 3922 1149 3982 adhuc
1173 3920 1351 3983 imbecillius
1376 3931 1443 3984 stat
1466 3922 1523 3986 Ur·

165 4028 216 4068 sus
247 4027 336 4087 quam
366 4008 397 4070 iu
420 4009 591 4088 Apollonio.
615 4000 759 4070 'Etenim
783 4010 809 4069 is
834 4019 952 4080 auctor,
986 4028 1052 4070 cum
1081 4011 1239 4071 honestam
1267 4029 1283 4070 e
1309 4010 1407 4073 literis
1436 4009 1522 4073 animi

165 4097 380 4157 recreationem
404 4105 524 4176 peteret
548 4099 608 4170 (vir
632 4098 711 4159 eninr
739 4098 878 4176 politicus
902 4106 969 4159 erat
999 4106 1031 4158 et
1052 4117 1177 4177 praeses
1201 4100 1356 4174 Africae),
1387 4101 1523 4180 poeticen

165 4185 414 4266 encyclopaediae
439 4188 619 4264 conjungere
644 4187 767 4260 statuit,
801 4186 960 4265 tabulaque
984 4187 1171 4266 pereleganti
1202 4188 1330 4249 conficta
1353 4188 1392 4249 de
1415 4188 1523 4270 nuptiis

165 4272 306 4334 Mercurii
331 4283 361 4336 et
380 4275 578 4354 Philologiae,
604 4295 670 4337 cum
693 4275 915 4354 philosophiam
930 4275 1118 4337 Platonicam
1142 4285 1206 4337 tum
1228 4277 1257 4338 iu
1282 4277 1383 4357 speeie
1410 4287 1524 4358 septem

165 4372 249 4424 artes
274 4364 323 4437 (ut
345 4364 549 4442 appellamus)
576 4365 717 4426 liberales
741 4364 786 4425 ita
809 4364 912 4443 tetigit
936 4372 967 4423 et
989 4366 1145 4442 percurrit,
1170 4374 1204 4426 ut
1227 4386 1285 4427 nou
1299 4374 1420 4429 tautum
1441 4384 1523 4430 sum·

164 4470 243 4514 mam
275 4452 419 4531 cujusque
450 4452 626 4515 brevissime
660 4464 837 4531 exponeret,
872 4453 926 4514 sed
960 4454 1049 4513 etiam
1074 4454 1215 4533 quidquid
1243 4456 1272 4515 iu
1301 4455 1431 4534 singulis
1462 4456 1524 4536 ipse

72 4552 76 4565 '
164 4540 410 4620 deprehendebat
433 4540 560 4621 insigne,
584 4543 765 4616 abstrusum,
790 4541 1011 4615 admirandum,
1036 4550 1089 4603 aut
1111 4544 1174 4603 tale
1203 4544 1282 4624 quod
1305 4543 1405 4624 ipsum
1426 4545 1522 4627 potio·
1562 4624 1568 4629 ¹

163 4629 269 4691 timum
294 4628 457 4702 afficiebat,
483 4630 513 4691 id
537 4650 603 4692 cum
627 4632 787 4710 diligentia
802 4631 1032 4710 cincinnatoque
1054 4631 1135 4712 stylo
1149 4632 1326 4694 inculcaret.
1373 4634 1408 4696 lu
1423 4642 1523 4697 aeuo

164 4717 265 4777 nomia
286 4717 492 4790 Macrobium‚
515 4719 647 4782 Plinium
670 4726 701 4780 et
724 4719 897 4781 Vitruvium
920 4719 1110 4799 potissimum
1134 4729 1256 4782 secutus
1279 4729 1344 4796 est,
1369 4720 1524 4789 nummu

165 4801 293 4866 Latinos
316 4805 483 4886 scriptores
509 4807 599 4887 idque
622 4806 715 4882 adeo,
739 4815 774 4869 ut
797 4827 834 4870 ue
849 4808 970 4888 quidem
985 4808 1024 4870 ab
1038 4809 1189 4872 erroribus
1211 4826 1314 4873 eorum
1329 4804 1523 4886 diarmait,
