3366 5482
672 291 783 355 rryms
802 291 1003 357 eoumque

628 488 672 551 m
697 486 837 551 onnon
859 485 1056 584 nummu

697 610 790 661 NOTA
809 609 986 661 sucnoms.

241 719 270 787 o)
298 722 343 775 Ex
367 720 465 791 anguli
488 735 526 772 sc.
549 718 618 772 recti
648 717 822 788 aptitudine,
853 723 884 770 et
906 718 977 786 qnod
1000 717 1087 770 omnis
1117 716 1145 768 iu
1171 713 1342 768 semicirculo
1367 721 1461 767 nctus
1484 721 1528 768 est

161 804 291 874 angulus.

753 921 937 932 -—--

739 1061 860 1159 Caput
887 1059 949 1132 VI.

480 1219 576 1297 Quod
597 1220 681 1282 inter
703 1219 813 1282 Jonem
835 1225 866 1280 et
887 1218 1027 1280 Martem
1044 1216 1202 1299 pyramis.

249 1357 320 1420 Jam
345 1378 397 1420 cur
420 1360 526 1421 cubum
547 1361 681 1438 excipiat
702 1359 844 1441 pyramis,
870 1377 956 1418 nemo
972 1358 1131 1418 admodum
1147 1356 1313 1430 mirabitur,
1338 1375 1406 1418 cum
1425 1355 1459 1430 l)
1474 1357 1528 1419 illa

163 1449 225 1511 lere
250 1450 286 1508 de
309 1448 480 1528 principatu
504 1450 585 1510 ausit
607 1469 673 1510 cum
698 1448 773 1510 cubo
795 1448 991 1514 contendere,
1017 1444 1053 1518 2)
1077 1446 1198 1524 insuper
1220 1446 1269 1507 vel
1294 1444 1361 1523 ipsa
1384 1447 1433 1507 vel
1457 1441 1527 1522 ὃμο-

162 1540 233 1617 loya
256 1537 432 1617 irregularia
455 1537 569 1599 faciunt
593 1539 630 1599 ad
655 1546 822 1599 ceterorum
842 1536 1097 1616 compositionem.
1134 1534 1214 1596 Nam
1237 1533 1416 1596 icosaedron
1441 1554 1526 1597 com-

162 1633 276 1707 ponunt
300 1622 344 1688 20
367 1627 557 1707 pyramides,
586 1627 677 1705 paulo
701 1626 855 1689 breviores
884 1625 1095 1686 tetraddricis:
1128 1623 1302 1685 octaddmm
1334 1631 1404 1685 octo
1428 1623 1527 1687 adhuc

163 1715 327 1777 breviores.
375 1714 592 1776 Dodecaedron
618 1715 676 1776 etsi
700 1716 848 1796 quadrato
872 1714 990 1774 occulto
1014 1720 1149 1783 constat,
1174 1722 1273 1772 tamen
1298 1713 1327 1772 in
1351 1713 1527 1793 pyramidas

161 1804 273 1866 resolvi
297 1822 423 1864 necesse
448 1813 506 1865 est.
549 1801 585 1877 3)
607 1805 713 1883 Neque
728 1803 977 1865 contemnendum
991 1802 1057 1874 hoc,
1082 1801 1160 1880 quod
1183 1800 1370 1862 tetraedmm
1393 1801 1424 1861 iu
1448 1820 1526 1882 qns-

162 1901 231 1954 tuor
254 1892 408 1971 periectas
435 1893 610 1973 pyramidas
629 1903 671 1954 ct
693 1911 782 1954 unum
812 1892 977 1953 octaedron
1010 1890 1137 1952 laterum
1160 1889 1282 1950 dimidio
1305 1889 1452 1951 minomm
1475 1909 1526 1952 re-

161 1980 238 2042 solvi
261 1988 374 2060 potest.
413 1976 449 2051 4)
473 1980 560 2043 Sicut
585 1983 613 2042 io
638 1981 737 2060 planis
762 1980 862 2041 omnia
886 1980 1074 2058 multangula
1098 1978 1125 2039 in
1151 1977 1302 2056 triangula
1325 1978 1526 2054 resolvuntur,

161 2069 206 2130 ita
230 2069 346 2148 reliqua
370 2069 470 2129 solida
492 2069 683 2130 mensurandi
708 2088 801 2129 cansa
829 2069 858 2129 in
888 2069 1080 2149 pyramidas,
1116 2086 1190 2146 quas
1220 2067 1327 2128 deinde
1357 2066 1462 2139 cubis,
1495 2077 1529 2129 ut

161 2157 314 2235 triangula
346 2156 521 2236 quadratis,
556 2159 704 2218 metimur.
752 2157 809 2217 Est
836 2157 928 2236 igitur
957 2158 1136 2236 reliquorum
1165 2175 1307 2217 mensura
1337 2164 1369 2218 et
1396 2157 1527 2219 omnium

161 2244 304 2306 facillime
324 2266 342 2304 a
361 2244 436 2305 cubo
455 2245 600 2307 monsilis.
639 2244 675 2317 5)
698 2246 776 2306 Hinc
799 2245 958 2324 pleraeque
983 2245 1048 2324 ejus
1072 2245 1179 2318 lineae,
1204 2254 1239 2305 nt
1261 2252 1295 2306 et
1317 2243 1440 2306 cubicae
1465 2253 1528 2308 tam

162 2333 251 2395 facile
276 2333 475 2413 quantitatem
507 2353 543 2394 ex
573 2334 690 2396 ratione
719 2334 851 2412 diagooii
886 2334 1054 2414 accipiunt,
1089 2352 1147 2394 nou
1180 2341 1280 2394 tamen
1315 2333 1405 2395 aliter
1438 2353 1526 2415 qnam

162 2422 318 2503 quadratis
334 2423 475 2482 numeris.
511 2419 546 2496 6)
571 2422 739 2504 Pyramidis
758 2424 850 2484 etiam
870 2423 1050 2501 regularitas
1074 2441 1112 2482 ex
1136 2421 1210 2484 solis
1233 2422 1379 2483 lateribus
1403 2424 1525 2503 pendet,

162 2510 230 2572 cubi
253 2511 345 2571 etium
369 2528 406 2571 ex
430 2511 558 2590 angulis.
593 2513 695 2591 Atque
719 2511 763 2572 sio
787 2512 972 2593 pyramidum
994 2512 1073 2573 iuter
1092 2511 1279 2591 aequilatera
1298 2530 1355 2572 non
1374 2512 1444 2590 plus
1468 2531 1528 2575 una

161 2606 219 2674 est,
245 2608 278 2660 at
301 2600 329 2660 in
353 2595 495 2677 ἑξαεδρῳ,
519 2601 655 2679 quamvis
680 2601 856 2680 aequalibus
876 2601 1029 2674 lateribus,
1054 2609 1156 2661 tamen
1180 2599 1296 2661 infinita
1318 2600 1454 2662 varietas
1478 2608 1527 2661 est

161 2688 348 2768 angulorum.
395 2685 463 2757 Quo
487 2689 624 2764 nomine,
655 2690 681 2751 si
705 2690 803 2750 nullae
828 2690 907 2750 aliae
931 2699 1035 2750 essent
1055 2688 1199 2759 rationes,
1224 2688 1302 2750 sitne
1325 2689 1527 2769 praeferenda

57 2788 59 2792 ’
162 2776 252 2850 cubo,
279 2795 317 2836 an
341 2779 566 2855 postponenda,
596 2779 625 2839 io
650 2777 739 2839 dubio
763 2778 908 2857 relinquo.
956 2777 991 2850 7)
1016 2777 1101 2837 Hanc
1125 2785 1252 2839 naturae
1276 2777 1432 2840 solertiam
1457 2778 1525 2839 imi·
1559 2859 1562 2864 Ι

164 2865 222 2927 tati
245 2865 380 2926 homines
408 2865 534 2946 primum
564 2867 720 2928 materiam
744 2867 782 2927 ad
806 2867 1048 2947 perpendiculum
1078 2867 1198 2946 erigunt
1227 2867 1378 2947 rectisque
1408 2867 1526 2948 angulis

161 2955 358 3034 contiguam,
395 2955 503 3016 deinde
537 2955 695 3035 triangulis
733 2956 853 3016 firmant
878 2965 908 3015 et
939 2955 1106 3016 stabiliunt.
1166 2953 1203 3029 8)
1241 2957 1367 3035 Insuper
1404 2964 1525 3018 acutum

160 3043 303 3123 angulum
335 3062 401 3104 cnm
434 3044 549 3105 habeat
579 3044 733 3125 pyramis,
767 3045 848 3123 prior
880 3051 929 3106 est
959 3044 1178 3122 obtusangulis.
1229 3044 1309 3106 liam
1343 3043 1373 3104 id
1406 3063 1526 3126 semper

158 3132 287 3212 primum
310 3140 359 3192 est
381 3131 411 3193 iu
441 3133 562 3207 ordine,
593 3134 671 3213 quod
698 3133 814 3211 justam
843 3133 936 3193 habet
964 3133 1185 3211 quantitatem:
1218 3133 1275 3194 hoc
1298 3133 1383 3213 sequi
1406 3134 1526 3196 videtur

160 3220 258 3282 miuus
278 3220 396 3299 justo,
413 3222 483 3300 quia
505 3232 537 3283 et
561 3222 678 3301 longius
703 3221 811 3283 abesse
834 3222 954 3282 videtur
978 3222 1016 3282 ab
1045 3221 1207 3296 infinitate,
1239 3241 1327 3302 qnam
1350 3221 1420 3301 plns
1440 3222 1525 3304 justo

160 3318 193 3370 et
216 3309 380 3388 simplicius
404 3311 495 3371 etiam
520 3319 577 3371 est.
621 3312 701 3372 Nam
725 3310 956 3389 obtusangnlum
980 3309 1099 3370 videtur
1123 3311 1342 3391 quodammodo
1366 3311 1527 3393 multiplex

162 3417 199 3458 ex
222 3406 306 3458 recto
331 3406 362 3458 et
385 3408 483 3460 acuto.
530 3397 598 3470 Quo
623 3399 720 3461 minus
744 3400 925 3467 mirandum,
957 3418 1009 3460 cur
1032 3399 1170 3478 paucitas
1196 3399 1370 3479 angulorum
1394 3400 1424 3462 in
1449 3400 1525 3476 basi,

160 3495 193 3549 et
216 3487 348 3567 ipsarum
378 3487 471 3549 etiam
500 3488 614 3549 basium
646 3488 793 3550 tetraddri
823 3507 882 3548 non
906 3489 1034 3566 deroget
1056 3487 1142 3549 nubo.
1189 3489 1269 3550 uam
1293 3489 1473 3568 angulorum
1496 3497 1528 3552 et

161 3575 277 3636 basium
301 3594 441 3636 numeros
465 3577 504 3637 ad
528 3585 700 3655 susceptam
726 3576 827 3656 angnli
851 3576 980 3655 speciem
1005 3576 1176 3637 necessario
1200 3577 1345 3657 sequitur.
1387 3578 1477 3641 Unde
1501 3578 1526 3640 si

161 3674 261 3724 rectus
275 3665 358 3742 prior
372 3672 421 3724 est
437 3673 536 3733 acuto,
559 3666 642 3743 prius
658 3665 749 3727 etiam
773 3662 923 3744 ἑξαεόροτ,
949 3684 1035 3745 quam
1052 3665 1235 3739 tetraedrom
1260 3667 1526 3747 tetragonoddrum

160 3771 247 3833 qnam
273 3754 506 3832 trigouoddrum.
546 3751 582 3826 9)
608 3756 710 3834 Atque
734 3756 764 3815 id
789 3755 880 3815 etiam
905 3755 972 3814 inde
996 3755 1096 3834 colligi
1120 3762 1234 3832 potest,
1258 3756 1336 3835 quod
1359 3756 1526 3834 perlectum

159 3842 269 3922 ubique
292 3842 434 3920 primum,
464 3850 535 3922 post
564 3844 611 3916 id,
642 3844 719 3922 quod
745 3844 857 3916 delicit,
884 3844 1020 3917 demum,
1052 3844 1130 3924 quod
1155 3843 1283 3905 excedit.
1332 3842 1411 3906 Cum
1433 3845 1527 3925 igitur

159 3932 295 3992 senarius
320 3931 463 3992 facierum
487 3951 627 3993 numerus
650 3933 803 4011 perfectus
830 3931 885 4005 sit,
916 3933 1052 4011 sequitur
1078 3932 1277 4013 pyramidem,
1308 3952 1385 4014 quae
1413 3933 1525 4011 delicit,

159 4036 215 4080 non
240 4020 359 4100 quidem
383 4022 565 4101 praecedere
590 4021 700 4081 debere
725 4021 845 4094 cubum,
872 4029 906 4081 at
928 4020 1100 4081 immediate
1125 4021 1220 4100 sequi·

246 4108 402 4170 Habemus
427 4128 479 4171 cur
503 4109 705 4171 iuterJovem
729 4118 758 4169 et
780 4110 913 4171 Martem
937 4110 1067 4170 secundo
1092 4111 1157 4171 loco
1182 4109 1224 4171 sit
1245 4110 1391 4191 pyramis.
1426 4108 1527 4191 Supra

160 4195 188 4256 in
214 4215 359 4274 suspenso
384 4198 450 4268 fuit,
475 4200 552 4278 quod
579 4218 685 4278 corpus
710 4199 801 4259 tertio
827 4199 892 4259 loco
917 4199 958 4259 sit
981 4198 1205 4262 interblartem
1229 4200 1412 4261 et'l'erram.
1447 4200 1525 4262 Illud

158 4302 230 4344 vero
255 4285 302 4345 hic
326 4286 415 4346 facile
442 4287 598 4349 deciditur.
639 4285 715 4348 Cum
737 4287 816 4347 enim
840 4307 856 4347 e
880 4287 1029 4367 primariis
1054 4288 1205 4348 residuum
1229 4288 1270 4349 sit
1291 4288 1525 4362 dodecaedrum,

158 4373 218 4433 erit
243 4373 313 4435 illud
338 4374 441 4435 ordine
465 4377 604 4446 tertium,
628 4378 707 4437 inter
730 4376 862 4438 Martem
886 4385 917 4437 et
941 4377 1087 4437 Terram:
1119 4377 1156 4436 de
1180 4376 1266 4455 cujus
1288 4376 1527 4457 proprietatibus

157 4462 229 4543 qnid
253 4463 442 4525 sentiendum
467 4464 521 4539 sit,
547 4465 709 4526 collatione
734 4465 973 4545 comptioribus
998 4466 1079 4526 lacta
1104 4465 1193 4527 facile
1216 4465 1345 4545 patebit.

759 4656 930 4667 ο*-
