3366 5482
170 288 210 353 12
753 285 925 356 houmere

135 470 141 485 ·
167 458 212 512 ter
235 445 437 511 astronomiae
461 446 684 528 Copornicapae
709 446 852 508 scientiae
875 446 1018 529 inopiam,
1062 445 1180 509 Licebit
1193 443 1256 512 ,tibi
1287 444 1404 516 linare,
1442 460 1508 507 ms·

166 550 240 614 tare,
266 537 380 610 tollere,
406 555 538 608 censere,
561 537 730 598 admouere.
775 535 897 598 Nullam
921 534 1193 597 literam.scribere
1216 552 1332 614 quoquo
1351 531 1438 594 modo
1452 548 1509 610 po-

167 629 259 702 teris,
293 644 367 705 quae
397 624 468 687 mrlri
491 644 548 687 non
573 625 673 687 futura
695 624 736 685 sit
757 621 941 704 gratissima.
987 622 1083 692 Orare
1106 632 1136 685 te
1158 622 1357 698 institissem,
1390 620 1417 683 si
1439 618 1522 683 mihis

166 735 224 779 non
248 725 332 777 esset
353 720 507 794 comperta
528 721 582 776 tna
608 714 656 775 hie
683 714 875 792 promtitndo.
921 713 998 776 lllud
1030 713 1139 780 saltem
1166 712 1222 774 tibi
1242 712 1314 774 'loco
1342 709 1525 773 luculentae.

165 802 330 891 rogationis
354 822 422 865 esse
444 803 569 882 poterit,
601 801 679 882 qnod
708 821 775 864 uror
801 803 919 883 penitus
950 802 1105 866 desiderio.
1121 811 1240 864 tuarum
1262 800 1440 871 literarum,
1462 795 1511 877 qui

165 904 229 958 tam
252 894 302 968 diu
321 893 385 972 jam
409 891 490 953 siles.
537 891 619 953 Male
642 891 684 952 sit
706 892 873 966 tabellario,
899 891 925 953 si
949 893 1012 971 ipse
1036 892 1065 953 in
1089 898 1262 954 causaest
1299 891 1400 969 Atque
1424 887 1525 961 adeo,-

165 984 234 1065 quia
257 981 419 1045 familiares
443 981 501 1043 mei
525 999 627 1042 omnes
650 980 680 1041 in
703 979 804 1059 patrii
826 983 961 1055 aberunt,
987 981 1036 1042 ubi
1059 980 1236 1043 adolescens
1257 980 1315 1042 istc
1330 978 1369 1040 ad
1383 996 1438 1039 vos
1452 995 1510 1056 ap-

165 1072 292 1154 pulerit,
325 1070 463 1132 omittere
487 1089 545 1132 uon
568 1088 699 1150 possum,
725 1069 793 1148 quin
817 1071 865 1132 vel
890 1091 927 1135 ex
942 1071 989 1134 De
1012 1078 1205 1151 praeceptore
1228 1088 1344 1150 rogem,
1376 1067 1509 1129 advene-

164 1163 242 1225 ritue
265 1160 372 1222 advos
387 1158 438 1221 illo
453 1156 673 1237 Saessingeusis
695 1159 828 1234 nuncius,
852 1158 1048 1222 Wendeliuus
1070 1159 1196 1233 nomine,
1221 1158 1270 1238 qui
1293 1153 1515 1221 setarum

164 1251 233 1314 hinc
256 1248 340 1322 abiit,
363 1266 430 1309 cum
453 1248 595 1309 mediocri
618 1265 732 1310 summa
756 1250 828 1325 auri,
853 1249 931 1330 quod
953 1267 1019 1311 meo
1042 1249 1158 1314 nomine
1173 1246 1381 1310 Stuccardiam
1398 1245 1509 1325 depor-

163 1348 229 1402 tare
253 1337 364 1400 debuit
410 1336 515 1419 Angor
538 1337 575 1398 de
598 1336 662 1416 ejus
685 1335 751 1399 fide.
799 1339 900 1402 Velim
932 1345 1032 1400 autem
1060 1356 1195 1410 rursum,
1228 1344 1262 1398 ut
1285 1336 1350 1416 jam
1372 1334 1421 1396 bis
1443 1332 1510 1403 leci,

84 1447 88 1455 ’
163 1428 207 1491 tui
226 1424 332 1508 judicii
356 1424 392 1487 do
415 1424 462 1486 his
486 1426 574 1487 rebus
598 1424 729 1504 aliquam
752 1428 860 1489 saltem
884 1426 1114 1490 delineationem
1137 1444 1269 1488 cernere.
1314 1425 1409 1505 quue
1430 1423 1508 1493 ideo.

163 1519 233 1599 quia
254 1513 460 1597 pulcherrime
473 1514 618 1594 placuerit
641 1515 832 1598 magistratui
854 1535 934 1591 meo,
967 1515 1021 1577 sub
1051 1514 1180 1595 ipsorum
1203 1513 1324 1580 nomine
1344 1514 1406 1576 tale
1429 1511 1508 1593 quid,

162 1607 240 1671 tanti
262 1602 440 1687 praesertim
462 1603 620 1679 momenti,
645 1605 747 1684 quanti
771 1625 827 1686 ego
850 1625 968 1680 censeo,
993 1605 1091 1666 edere.
1138 1603 1182 1666 At
1204 1603 1269 1665 sine
1291 1612 1344 1667 tuo
1366 1601 1519 1666 testimo·

163 1697 211 1759 uio
234 1715 289 1757 nee
312 1692 371 1780 ipsi
393 1691 581 1755 nobilitatem
603 1691 775 1776 intelligent
798 1696 960 1766 materiae,
984 1714 1038 1756 nec
1061 1693 1133 1757 mihi
1155 1695 1324 1756 consultum
1346 1694 1376 1755 iu
1395 1693 1509 1756 docto-

163 1806 226 1848 rum
249 1792 403 1865 aspectum
425 1781 553 1862 prodire.
599 1780 645 1845 De
668 1781 831 1860 Mercurio,
861 1786 930 1866 qnia
952 1785 1024 1848 novi
1045 1784 1115 1866 quid
1137 1783 1224 1846 vides¹
1245 1784 1276 1846 in
1299 1781 1509 1846 ecoentrioita·

316 1911 317 1914 ¹
387 1904 434 1953 εις.
448 1903 469 1944 a.
695 1885 757 1937 tem
789 1876 951 1950 intrusum,
990 1876 1048 1938 sic
1063 1875 1168 1956 accipe
1201 1874 1337 1953 amplius.
1388 1869 1509 1939 assu

342 1970 366 2020 Ι)
555 2012 637 2058 *A
697 1964 753 2026 AB
778 1964 924 2027 distantia
947 1985 984 2026 ex
1005 1973 1058 2027 tua
1081 1964 1186 2027 tabula
1208 1981 1249 2026 sc.
1265 1958 1411 2027 29’·24”ι
1452 1957 1510 2023 AC
1536 1974 1538 1978 ·

218 2095 239 2147 a
514 2102 632 2149 ---A
698 2054 844 2118 distantia
866 2073 904 2115 ex
926 2054 1058 2116 octaedri
1081 2053 1227 2135 quadrato
1251 2052 1401 2126 desumto,
1425 2048 1510 2112 scili·

285 2109 336 2172 Ἢ
368 2129 389 2168 ¹
646 2226 648 2232 Α
698 2149 748 2202 εει
761 2136 898 2208 28’46”.
922 2143 980 2210 BD
992 2143 1223 2204 totacrassities
1237 2139 1530 2204 orbisMercurialis··

163 2254 206 2298 sc.
227 2231 276 2295 ll‘
291 2230 366 2316 221⁴,
389 2232 471 2312 Ergo
487 2232 512 2293 si
528 2231 584 2295 AB
599 2231 653 2294 dat
665 2230 736 2292 BD:
756 2228 813 2297 Ac
824 2232 909 2293 dabit
923 2229 976 2295 GE
994 2231 1108 2295 t·1⁴7⁴‘·.
1133 2232 1288 2294 Hactenus
1303 2231 1419 2304 eadem,
1435 2246 1510 2310 quas

163 2325 192 2386 in
217 2316 285 2385 aliis
308 2322 459 2402 planetis.¹
478 2319 547 2382 Jarn
566 2321 621 2383 AF
635 2320 783 2382 distantia
791 2339 827 2382 ex
840 2321 904 2400 ipso
917 2321 1059 2385 octaedro
1070 2323 1210 2383 desumta
1218 2340 1261 2383 sc.
1272 2317 1326 2384 23⁴
1337 2316 1413 2384 29“.
1443 2318 1510 2381 Non
1538 2354 1541 2356 v

163 2421 263 2475 autem
285 2419 334 2473 εει
356 2409 535 2485 verisimile,
564 2410 644 2472 orbis
667 2408 856 2474 Mercurialis
886 2411 998 2473 nullam
1021 2431 1088 2473 esse
1112 2409 1295 2474 crassitiem:
1328 2417 1362 2472 ut
1388 2408 1432 2471 sic
1447 2407 1512 2470 AF

93 2574 96 2578 A
163 2508 246 2564 esset
270 2500 417 2562 distantia
430 2498 546 2560 media
590 2499 670 2573 Nam
691 2496 745 2561 Fu
768 2518 826 2561 non
850 2508 898 2562 εει
920 2500 1042 2563 dimidia
1063 2500 1219 2563 crassities
1242 2498 1323 2562 orbis
1340 2497 1509 2561 Mercuria-

164 2591 210 2662 lis,
233 2608 300 2651 cum
319 2589 381 2669 jam
405 2586 516 2650 dictum
539 2587 589 2662 sit,
615 2587 753 2666 quicquid
775 2590 815 2652 sit
837 2591 968 2669 snpra'F
982 2608 1085 2652 versus
1100 2588 1135 2661 G,
1159 2589 1190 2650 id
1212 2589 1251 2650 ab
1270 2588 1413 2650 octaedro
1429 2585 1508 2661 elidi,

163 2698 217 2741 uec
240 2677 323 2739 ullibi
347 2678 443 2739 locum
466 2675 616 2749 invenire,
648 2675 705 2740 nisi
734 2678 763 2740 in
791 2679 856 2757 ipso
885 2679 1031 2759 quadrato
1059 2697 1148 2759 super
1174 2679 1303 2740 medium
1335 2675 1508 2740 ocmsdrum
1540 2709 1543 2713 ·

162 2776 346 2831 transeunte.
393 2764 494 2845 Quare
517 2773 551 2827 ut
573 2773 727 2828 constaret
749 2766 812 2829 orbi
830 2787 891 2829 sua
914 2768 1083 2840 crassities,
1107 2767 1201 2830 demsi
1225 2767 1263 2829 ab
1286 2766 1455 2828 Eversum
1479 2761 1545 2826 G*

158 2865 287 2930 tantum,
312 2865 454 2936 quantum
477 2863 525 2917 εει
548 2875 567 2916 ε
590 2851 615 2917 Ο
639 2872 757 2918 „versum
778 2857 812 2919 F.
859 2857 1024 2919 Residuum
1047 2855 1104 2920 FG
1127 2865 1175 2919 est
1198 2853 1273 2931 33⁴¹,
1298 2853 1450 2917 dimidium
1468 2853 1507 2926 H,

161 2966 205 3008 sc.
231 2945 318 3007 modo
342 2950 476 3007 correcto
500 2943 599 3006 media
623 2942 777 3020 distantia,
800 2946 826 3008 F
848 2946 940 3026 igitur
962 2965 1086 3020 summa,
1110 2953 1252 3027 quautam
1275 2944 1390 3025 patitur
1412 2943 1509 3023 ipsum
1546 2978 1548 2980 v

161 3034 295 3112 octaddri
318 3053 444 3115 corpus,
469 3030 494 3099 0
519 3051 649 3106 summa,
673 3018 815 3114 qua'ntam
838 3037 951 3115 patitur
975 3035 1162 3116 quadratum.
1207 3035 1300 3096 Esset
1322 3033 1413 3113 igitur
1434 3032 1509 3094 haee

370 3146 416 3194 rr..
432 3146 454 3188 o.
669 3124 764 3185 forma
785 3123 866 3185 orbis
889 3123 1090 3189 Mercurialis
1133 3124 1206 3197 AB,
1230 3120 1287 3186 Ac
1310 3121 1507 3202 perpendicu-

397 3201 424 3248 A
666 3214 745 3275 lares
778 3213 806 3274 in
838 3213 961 3275 basibus
989 3214 1140 3287 octaedri,
1173 3224 1249 3293 qnae
1282 3211 1396 3274 faciunt
1426 3210 1508 3273 ina

667 3301 732 3374 (ubi
754 3320 843 3363 unum
866 3303 944 3365 latus
967 3303 1117 3376 bisecant)
1140 3303 1280 3382 angulum
1302 3301 1392 3380 paulo
1409 3300 1507 3378 maio-

667 3409 728 3452 rem
752 3398 844 3453 reoto.
890 3392 986 3471 Igitur
1011 3394 1109 3455 minus
1141 3391 1328 3473 epicyolinm*
1347 3388 1422 3466 OE,
1454 3384 1524 3450 ur

668 3479 743 3540 facit
765 3481 933 3542 crassitiem
957 3483 987 3558 d,
1008 3501 1069 3562 -quo
1093 3484 1114 3559 d
1137 3482 1176 3543 ad
1186 3488 1307 3542 tantam
1321 3479 1507 3542 altitudinem

666 3568 811 3641 evehitur,
835 3579 977 3650 quantam
1001 3572 1163 3634 admittant
1186 3569 1225 3643 G,
1248 3570 1288 3644 H,
1312 3577 1417 3631 centra
1439 3568 1506 3648 pla·

628 3662 767 3719 c'norum
807 3660 1054 3724 octaedricorum.
1112 3659 1160 3722 ΑΙ
1191 3658 1319 3721 altitudo
1357 3656 1505 3739 quadrati.

663 3744 732 3820 OA,
755 3747 924 3811 DK-radii
939 3749 1060 3828 majoris
1085 3748 1235 3829 epicyelii,
1259 3765 1314 3828 per
1337 3749 1415 3829 qnod
1438 3747 1505 3828 pla-

663 3843 734 3897 neta
756 3838 795 3898 ad
817 3836 848 3899 A
870 3857 962 3918 usque
987 3837 1131 3900 ascendit.
1162 3835 1234 3899 an
1250 3846 1297 3899 est
1314 3838 1345 3900 in
1360 3855 1505 3918 apogaeo‚

663 3925 712 3986 vel
734 3925 862 4005 ἀφηλιφ,
889 3928 919 3990 in
942 3925 1027 4000 Diu
1053 3928 1188 4004 asprptsrp
1216 3935 1349 3989 centrum
1363 3963 1367 3970 ·
1381 3923 1505 4009 epicycli
1551 3968 1553 3972 -

663 4015 795 4095 majoris.
841 4014 882 4090 L,
899 4016 935 4078 M
956 4016 1026 4096 poli.
1069 4013 1248 4101 LGOHMF
1275 4015 1355 4078 orbis
1378 4016 1504 4096 integer.

662 4103 823 4186 Epicyclus
847 4105 940 4184 major
961 4105 1053 4185 igitur
1075 4104 1194 4166 eminet

245 4189 291 4250 De
315 4187 501 4267 digressione
526 4190 618 4255 etiam
640 4191 768 4257 Veneris
792 4201 824 4256 et
845 4194 985 4257 Mercurii
1007 4193 1153 4268 maxima,
1186 4193 1272 4254 velim
1301 4192 1394 4268 scire,
1429 4211 1505 4273 quae

158 4297 250 4341 causa
266 4277 314 4339 sit
335 4277 521 4342 diversitatis
544 4281 622 4343 inter
644 4289 725 4351 tuam
738 4283 873 4346 tabulam
887 4290 918 4346 et
932 4282 1011 4345 inter
1023 4283 1211 4344 Protenicas.
1237 4284 1285 4343 An
1296 4300 1367 4344 vero
1382 4281 1502 4344 distan-

159 4368 204 4430 tia
225 4359 255 4428 in
279 4366 360 4447 sinus
382 4385 526 4431 conversa
549 4370 640 4448 (quae
664 4380 712 4433 est
735 4356 787 4436 29‘
811 4368 891 4444 W)
916 4391 973 4433 non
997 4371 1119 4433 exhibet
1141 4371 1213 4433 mihi
1236 4390 1337 4434 arcum
1360 4371 1503 4450 longissi-
1532 4388 1535 4393 “

159 4475 231 4544 mae
249 4453 443 4538 digressionis
467 4478 486 4519 a
508 4458 605 4520 medio
628 4461 694 4522 loeo
719 4446 820 4527 Solis?
864 4461 932 4525 Nisi
961 4469 993 4523 tu
1017 4460 1089 4522 mihi
1113 4460 1236 4532 dixeris,
1269 4479 1417 4540 nunquam
1446 4479 1503 4541 ego

159 4546 299 4610 didicero.
344 4543 394 4606 Au
418 4562 473 4624 ego
496 4547 572 4610 forte
597 4567 662 4616 erro
686 4549 714 4611 in
738 4549 982 4629 computatione?
1009 4547 1131 4621 Quanta
1144 4549 1244 4629 ⁴igitur
1266 4558 1315 4611 est
1337 4549 1367 4611 in
1392 4549 1514 4612 Prote-1

158 4635 256 4698 uicis?
288 4631 444 4715 Quomodo
466 4636 634 4714 capienda?
666 4636 789 4708 Quanta
807 4639 836 4701 iu
860 4639 992 4701 maxima
1014 4638 1196 4717 digressione
1220 4638 1371 4701 anomalia
1393 4657 1501 4702 eccen-
1549 4698 1553 4705 .

159 4726 223 4788 tri?
249 4722 382 4804 ‚Quanta
404 4724 662 4806 commutationis?
698 4727 742 4789 'l'u
770 4728 845 4790 haee
869 4727 940 4789 mihi
959 4726 1058 4790 tribus
1081 4728 1181 4790 verbis
1193 4726 1344 4808 :expedire
1363 4726 1499 4808 poteris:

160 4832 215 4877 nec
236 4814 271 4899 in
289 4811 438 4908 ingratum
460 4812 635 4900 beneficium
658 4815 810 4887 conteres.¹
840 4815 906 4896 Ego
920 4815 966 4879 'sic
979 4835 1097 4893 censeo,
1116 4816 1146 4879 in
1161 4815 1500 4906 superioribusprosth·

170 2011 191 2063 Β
