3366 5482
163 272 208 348 ῃ
760 279 922 332 mmmm

161 445 193 504 in·
216 441 418 522 descriptione
443 441 540 504 latina
563 438 732 514 monuisse,
768 458 835 502 esse
866 441 938 502 mihi
971 442 1000 502 in
1029 451 1149 521 promtu
1178 459 1316 504 numeros
1339 433 1526 513 minutibrea

162 531 349 612 sedqnibns
373 530 455 593 intra
478 527 543 592 200
567 546 662 590 annos
685 530 806 591 circiter
828 524 869 592 8⁰
892 549 973 591 error
997 530 1201 592 committatur
1222 530 1253 591 in
1268 532 1367 592 reditu
1388 529 1425 602 Ω.
1464 527 1527 591 οο-

161 629 258 684 terum
284 619 402 681 incilins
426 626 474 679 est
498 618 596 698 perito
620 617 727 679 artifici
750 626 815 680 tam
837 617 933 679 exiles
961 619 1118 698 effingere,
1147 638 1237 698 quam
1264 619 1338 680 mibi
1364 619 1474 699 partiri
1497 617 1527 679 in

161 717 246 771 rotas
269 710 383 788 plures.
428 707 551 768 Numeri
576 705 655 767 enirn
679 707 757 790 inter
780 725 813 768 se
835 706 922 786 primi
946 716 1036 768 sunt:
1061 716 1129 769 tota
1152 726 1222 768 vero
1246 708 1343 770 forma
1366 715 1398 769 et
1420 706 1528 786 dispo·

163 798 234 859 sitio
258 816 325 859 enm
350 797 378 858 in
402 796 520 859 modurn
545 802 700 874 suscepta,
733 796 782 874 qni
812 813 870 856 non
894 796 994 874 possit
1016 814 1071 874 pro
1095 816 1154 857 nna
1177 796 1253 856 duas
1277 807 1363 858 rotas
1387 793 1526 876 adipisci,

163 888 205 948 uti
230 895 261 947 te
280 887 346 967 jam
370 885 539 962 intelligere
564 885 663 944 credo.

252 976 285 1036 ln
311 972 417 1034 eadem
442 974 536 1034 latina
560 972 761 1052 descriptione
785 990 889 1033 secure
913 972 1105 1051 scrupulosus
1134 972 1194 1033 fui:
1229 990 1264 1050 ep
1289 973 1368 1053 quod
1398 971 1455 1032 tibi
1479 990 1528 1032 me

162 1064 220 1126 soli
234 1063 365 1124 scribere
381 1080 544 1123 censorem.
577 1062 746 1140 Propterea
766 1062 857 1121 etiam
882 1061 974 1123 latine
999 1061 1115 1138 scripsi,
1141 1070 1173 1121 et
1195 1061 1224 1122 iu
1248 1060 1423 1141 germanico
1448 1059 1529 1132 cavi,

162 1171 199 1214 ue
223 1152 319 1213 letina
342 1151 505 1229 descriptio
529 1150 557 1210 in
582 1149 697 1211 alienas
721 1168 827 1211 manus
852 1149 1002 1210 deveniat.
1041 1148 1093 1210 Sic
1117 1149 1195 1210 eninr
1219 1149 1403 1222 existimavi,
1429 1148 1528 1210 nemi·
1556 1143 1559 1148 ’

115 1292 119 1299 .
162 1259 228 1302 nem
252 1259 291 1302 ex
314 1238 495 1301 consiliariis
519 1239 600 1310 iore,
631 1238 762 1317 quinon
788 1246 871 1300 tuum
896 1238 989 1299 solius
1014 1237 1168 1299 consilium
1192 1239 1313 1316 expeti,
1347 1255 1438 1317 qnam
1461 1237 1529 1316 ipae

162 1329 394 1411 prolixissimum
409 1327 555 1407 scriptum
573 1327 695 1406 ignotae
711 1328 867 1401 materiae,
893 1346 999 1387 manus
1022 1326 1275 1400 intricatissimae,
1302 1328 1403 1405 legere
1428 1326 1527 1388 malit

161 1418 268 1498 ltaque
287 1417 388 1479 'adhuc
412 1434 469 1495 ego
493 1417 530 1476 de
554 1415 693 1476 sollicitis
712 1416 780 1476 istis
800 1415 988 1477 cantionibus
1008 1434 1132 1475 securus
1150 1434 1226 1476 sum.
1265 1413 1354 1486 Quod
1379 1414 1406 1475 si
1431 1415 1528 1476 ctiam

163 1508 273 1585 legant,
299 1505 444 1566 videbunt
467 1523 514 1566 me
538 1513 674 1583 apertum
699 1524 766 1565 esse
791 1516 821 1566 ct
845 1505 1034 1583 diligentem,
1059 1503 1108 1582 qui
1133 1505 1232 1564 omnia
1256 1504 1441 1582 expendam,
1467 1521 1526 1565 nec

162 1604 311 1667 metuent,
335 1603 369 1655 nt
392 1613 438 1655 me
462 1594 532 1674 qnid
558 1593 650 1653 latere
675 1595 785 1671 possit,
812 1593 889 1673 quod
914 1593 951 1654 ad
977 1593 1019 1653 rei
1044 1610 1189 1653 summam
1213 1600 1342 1671 spectet.

251 1681 339 1753 Quod
364 1683 402 1742 ed
426 1701 473 1743 me
498 1682 545 1742 hic
570 1681 782 1760 increpandum
805 1690 858 1744 tuo
882 1681 1019 1760 exemplo
1043 1680 1152 1753 uteris,
1181 1681 1276 1753 scito,
1300 1680 1380 1743 idem
1404 1681 1445 1742 ad
1470 1698 1528 1740 un·

161 1791 249 1853 gnem
272 1772 343 1832 mihi
369 1771 415 1832 hic
440 1771 596 1833 accidisse.
630 1769 743 1832 Rector
759 1781 861 1831 noster
875 1770 953 1831 male
968 1770 1039 1830 mibi
1059 1769 1208 1848 cupiebat,
1235 1769 1302 1849 ejus
1326 1788 1385 1849 ego
1409 1769 1537 1830 calum·'

162 1862 289 1924 niasde
314 1859 447 1921 novitate
472 1860 577 1921 odiosa
601 1860 778 1920 metuebam.
824 1860 920 1937 Igitur
944 1858 1100 1920 consilinm
1123 1858 1188 1936 cepi
1217 1857 1402 1919 extenuandi
1426 1874 1529 1919 coram

162 1951 213 2012 illo
237 1949 295 2011 urei
319 1949 443 2019 inventi,
468 1957 500 2010 ut
515 1947 593 2026 quod
617 1966 676 2007 nou
701 1966 810 2008 novum
835 1948 888 2008 sed
904 1948 1069 2026 antiquitus
1093 1955 1196 2007 notum
1221 1947 1320 2009 inerit.
1364 1946 1477 2009 Incidit
1499 1945 1529 2006 in

161 2037 295 2119 Scyllam
324 2038 447 2115 cupiens
481 2035 578 2097 vitare
604 2032 787 2115 Charybdin.
835 2035 915 2097 Nam
946 2035 1072 2114 arripnit
1094 2033 1168 2095 illud
1193 2035 1229 2094 de
1255 2035 1439 2115 antiquitate
1463 2054 1530 2096 ma·

157 2128 314 2207 j0remque
338 2144 376 2185 ex
400 2145 436 2185 ea
460 2123 638 2184 calumniam
667 2124 696 2183 in
726 2142 772 2184 me
805 2124 971 2196 derivavit,
1006 2143 1095 2204 quam
1128 2143 1164 2184 ex
1194 2124 1313 2185 curiosa
1342 2132 1374 2185 et
1398 2123 1530 2203 superba

160 2213 299 2275 novitate
321 2213 471 2292 potuisset
496 2229 646 2293 uuquam:
671 2219 703 2271 et
726 2219 826 2273 tamen
851 2231 919 2274 mea
940 2213 1037 2274 vitula
1060 2210 1176 2273 arabat.

232 2389 380 2438 Maestlinns
393 2389 417 2437 d.
432 2386 474 2436 22.
487 2388 546 2437 Jan.
563 2384 629 2436 ¹509
647 2386 712 2437 baec
729 2390 867 2452 respoudit:
890 2387 1030 2439 Mirabilem
1046 2388 1118 2438 rideo
1135 2390 1241 2452 priorum
1259 2387 1387 2437 literarum
1417 2401 1529 2439 menum

160 2462 285 2510 iortunam
296 2461 320 2509 iu
333 2460 428 2511 itinere.
439 2459 644 2523 quemadmodum
652 2459 795 2509 tabellarius
800 2460 909 2510 Jacobus
921 2460 1084 2523 superioribus
1093 2460 1218 2509 mensibus
1227 2459 1287 2509 mihi
1300 2474 1396 2524 quoque
1408 2461 1528 2523 exposuit

160 2532 254 2581 Verum
272 2546 311 2580 res
330 2528 392 2579 beno
416 2530 508 2587 habet,
533 2530 653 2593 siquidem
671 2530 710 2580 rel
728 2531 829 2582 taudem
848 2531 956 2580 traditas
978 2532 1084 2580 inerunt.
1123 2529 1211 2579 Mense
1231 2529 1331 2580 Octobri
1350 2530 1433 2580 nullas
1453 2530 1487 2579 ad
1505 2537 1530 2580 te

161 2603 248 2665 scripsi
266 2601 359 2652 literas.
375 2637 382 2650 .
396 2636 424 2650 ..
444 2600 542 2651 Literas
560 2608 616 2650 tuas
635 2602 781 2665 superiores,
800 2616 862 2668 quas
881 2601 911 2651 de
930 2602 1054 2666 horologio
1074 2598 1106 2650 ad
1125 2615 1185 2664 opus
1201 2602 1393 2650 astronomicum
1414 2600 1530 2651 addendo

160 2686 287 2721 unacum
306 2672 389 2720 rotulis
409 2671 497 2721 dedisti
517 2672 549 2720 ad
567 2687 607 2721 me
626 2672 757 2721 admodum
775 2673 897 2736 prolixas.
917 2672 998 2722 adhuc
1016 2686 1113 2721 mecum
1132 2673 1235 2721 retineo.
1274 2671 1349 2721 Ratio
1369 2679 1418 2727 est,
1437 2671 1529 2722 Kreti-

162 2756 278 2805 mayerus
295 2745 430 2806 praeterito
448 2757 533 2792 mense
552 2742 618 2807 spnd
641 2758 686 2792 nos
710 2744 770 2797 init.
799 2746 837 2793 cui
865 2744 951 2793 literas
969 2745 1118 2799 monstrari,
1145 2757 1278 2807 earumque
1304 2750 1427 2794 contenta
1446 2757 1531 2793 coram

162 2813 192 2863 D.
215 2813 247 2862 l).
269 2813 440 2863 Haienredero
459 2816 567 2878 exposui.
605 2813 655 2864 Sed
673 2815 759 2871 udan.
787 2816 911 2864 bominem
937 2815 969 2863 ab
994 2814 1040 2863 hoc
1065 2815 1164 2877 negotio
1188 2814 1262 2877 plane
1282 2814 1423 2864 abhorrere.
1464 2813 1529 2863 Con·

160 2884 289 2935 auluerunt
307 2900 365 2949 ergo
384 2899 478 2942 omnes,
497 2887 659 2936 mutationem
675 2886 769 2935 nullam
783 2901 837 2937 esse
850 2885 1039 2948 suscipiendam.
1070 2885 1179 2948 Cumque
1195 2900 1244 2940 me,
1264 2900 1295 2933 ns
1312 2886 1431 2949 princeps
1451 2884 1529 2935 offen·

160 2955 267 3012 deretur,
286 2962 396 3006 metuere
415 2955 529 3015 dentem,
548 2955 590 3006 ille
608 2956 742 3019 respondit,
762 2956 821 3006 nihil
835 2957 867 3004 ibi
880 2957 981 3005 subesse
993 2956 1111 3019 periculi;
1130 2956 1176 3003 sibi
1195 2958 1261 3005 euim
1279 2957 1396 3019 principis
1416 2957 1529 3007 animum

159 3025 195 3074 ric
214 3028 339 3092 cognitum
359 3041 429 3083 esse.
455 3027 502 3075 nisi
521 3041 604 3076 coram
622 3027 699 3076 oeulis
717 3027 816 3083 rideat,
844 3034 888 3077 ant
908 3027 976 3075 bisce
999 3021 1095 3090 scriptis
1120 3033 1266 3083 moneatur,
1295 3028 1372 3089 ipsius
1393 3027 1459 3077 Cels.
1479 3040 1530 3076 non

158 3096 261 3147 ulterius
279 3098 311 3147 de
329 3112 359 3148 eo
377 3099 508 3161 quicquam
531 3112 586 3148 esse
606 3105 736 3148 maturam.
775 3098 887 3163 Inprimis
909 3112 980 3152 rero.
1007 3098 1072 3161 quod
1093 3097 1152 3146 mibi
1175 3111 1271 3160 quoque
1293 3097 1438 3153 ridebatur.
1465 3099 1532 3148 sicut

160 3169 324 3232 superioribus
342 3169 420 3218 literis
438 3171 532 3232 scripsi,
550 3171 684 3218 immanem
705 3171 884 3219 denticulorum
905 3183 1033 3218 numerum
1052 3169 1151 3218 dicebat
1169 3182 1326 3232 nequaquam
1345 3171 1532 3232 repraesentari

159 3254 239 3304 posse.
277 3240 418 3290 Parendum
437 3255 495 3305 ergo
515 3241 563 3289 init
581 3255 665 3289 eornm
683 3240 794 3296 consilio.
814 3242 887 3296 etsi,
906 3240 971 3302 quod
989 3254 1028 3288 res
1047 3247 1093 3296 est,
1113 3240 1193 3288 denno
1213 3241 1295 3289 dicere
1314 3239 1397 3297 velim.
1417 3242 1488 3291 suasi
1505 3238 1531 3289 id

160 3311 231 3359 initio
257 3310 334 3366 nitro,
360 3310 473 3375 idemque
492 3310 573 3361 adbuc
593 3311 708 3360 iacerem.
746 3310 797 3360 Sed
814 3312 886 3360 nimis
904 3311 1038 3373 pretiosum
1058 3324 1118 3374 opus
1142 3318 1195 3367 est;
1222 3316 1299 3359 antea
1325 3316 1412 3360 antem
1431 3313 1530 3361 dusm-

161 3381 219 3431 dere
238 3380 298 3430 illud
316 3380 385 3429 haud
402 3384 479 3444 potui.
498 3381 557 3444 quia
574 3383 707 3445 putabant,
727 3395 758 3430 aa
776 3383 890 3431 universa
909 3395 926 3430 a
943 3388 969 3430 te
985 3383 1037 3442 jam
1050 3388 1110 3430 ante
1123 3383 1214 3445 optime
1227 3382 1310 3441 inisse,
1331 3384 1456 3445 quomodo
1474 3396 1529 3446 per·

159 3450 200 3501 tici
218 3458 327 3516 possent,
347 3451 537 3515 praemeditata.

232 3523 368 3573 Excusatio
387 3529 432 3572 tua
450 3523 481 3572 do
498 3525 572 3587 priori
590 3524 681 3586 scripto
699 3531 743 3572 tuo
762 3522 794 3572 ad
812 3536 853 3571 me
871 3522 930 3572 dato
949 3523 1026 3571 etsie
1045 3522 1165 3572 adornato
1185 3523 1250 3585 apud
1262 3537 1302 3571 me
1315 3522 1436 3575 facillime
1449 3525 1532 3577 iocum

159 3593 248 3650 babet,
274 3608 358 3643 rernm
377 3593 537 3643 metuendum
556 3601 635 3651 esset,
660 3601 690 3643 ut
708 3594 774 3659 apud
792 3593 866 3651 alios,
891 3593 978 3657 quibus
995 3593 1044 3642 hae
1062 3601 1122 3642 tuae
1140 3594 1250 3642 rationes
1268 3594 1372 3658 ignotas
1391 3602 1453 3645 sunt
1472 3593 1532 3658 (nec

160 3665 226 3714 enim
244 3663 356 3713 omnibus
377 3677 421 3713 eas
440 3679 563 3728 exponere
580 3662 702 3728 possem),
722 3679 761 3713 res
780 3664 853 3713 aliter
871 3665 1031 3727 acciperetur.
1070 3663 1120 3713 Sed
1137 3678 1177 3712 res
1195 3664 1259 3714 bene
1277 3663 1371 3723 habet,
1392 3667 1453 3730 quia
1471 3666 1543 3732 tund,

159 3735 277 3798 scriptum
301 3740 400 3798 propter
424 3747 527 3784 causam
551 3735 643 3783 dictam
667 3737 692 3783 in
716 3735 818 3784 aliorum
843 3747 931 3782 manus
956 3749 1004 3782 nnn
1028 3735 1103 3783 venit.
1142 3733 1236 3793 Quodsi
1253 3734 1292 3784 rel
1311 3737 1428 3801 princeps
1447 3752 1532 3791 muana

158 3808 293 3863 monuerit,
312 3806 350 3855 rel
369 3805 414 3854 tibi
431 3819 470 3854 res
489 3806 562 3855 aliter
579 3805 704 3866 videatur,
722 3812 764 3855 sat
785 3807 903 3868 temporis
921 3807 969 3854 erit
987 3805 1018 3854 de
1036 3807 1136 3871 negotio
1154 3805 1221 3854 ultra
1238 3807 1375 3870 cogitandi.
1395 3832 1434 3845 -·

230 3963 270 4014 Ad
287 3963 351 4015 haee
369 3963 548 4027 chlerus:

250 4072 296 4131 De
312 4069 538 4150 Stuggardiauo
562 4071 684 4150 negotio
707 4069 768 4130 tuis
787 4071 945 4149 acquiesco
965 4069 1109 4139 consiliis.
1148 4069 1250 4131 Velim
1274 4079 1389 4147 temen,
1416 4092 1531 4154 argen-

158 4168 232 4231 tum,
258 4159 338 4237 quod
357 4159 422 4237 jam
445 4158 611 4237 impensum
634 4167 691 4233 est,
717 4159 884 4231 asservari,
911 4177 967 4219 non
993 4159 1073 4220 inter
1095 4158 1233 4238 privatos
1258 4158 1405 4236 distrahi,
1432 4171 1483 4237 ut,
1507 4163 1533 4225 si

160 4247 280 4328 qnando
294 4264 380 4324 opus,
406 4246 493 4325 quale
518 4246 574 4308 tibi
598 4246 754 4324 descripsi,
780 4246 855 4306 meis
877 4248 926 4308 vel
951 4247 1078 4325 alicujus
1098 4247 1213 4326 opificis
1233 4249 1384 4311 sumtibus
1408 4251 1533 4332 periec-

159 4343 224 4396 tum
248 4342 281 4395 et
303 4333 475 4395 absolutum
498 4336 625 4414 principi
647 4353 702 4414 pro
725 4353 811 4396 meae
835 4335 934 4396 lamae
961 4334 1133 4395 defensione
1155 4337 1303 4411 obtulero,
1330 4339 1471 4402 rationes
1495 4341 1532 4403 de

160 4430 287 4501 argento
311 4421 354 4482 illi
379 4421 441 4482 sint
464 4423 634 4501 expeditae.
682 4420 797 4492 Quodsi
827 4424 1017 4484 metuendum
1045 4423 1101 4483 tibi
1130 4442 1187 4484 non
1217 4434 1283 4497 est,
1318 4435 1354 4488 ut
1381 4428 1468 4491 ultra
1495 4447 1534 4492 ex

151 4510 232 4571 'aula
254 4509 473 4589 interpellaris,
498 4511 618 4572 remitte
642 4511 714 4572 mibi
738 4510 969 4589 descriptionem
995 4511 1119 4572 latinam
1143 4512 1271 4586 saltem,
1304 4526 1471 4580 reservata
1494 4517 1533 4579 ad

161 4617 278 4660 omnem
302 4605 442 4659 eventum
466 4599 654 4678 germanica,
680 4599 750 4680 quia
773 4601 927 4679 exemplar
950 4619 1007 4659 uon
1033 4599 1139 4660 habeo.

938 4685 1424 4754 mmmeemmmmm)
