3366 5482
227 261 295 330 22
655 262 1168 328 lmfflmflfl·

226 425 436 497 Ptolemaeug
457 422 593 484 invenies
616 422 762 483 distimta
784 445 1000 501 αωρημορια
1022 424 1254 503 (quadrantes),
1274 416 1315 484 'iu
1337 421 1448 502 quibus
1469 440 1594 493 nam

231 515 423 587 (versamur)
444 512 607 590 planetae;
630 511 814 590 qumnnos
833 511 925 590 igitur
942 512 1069 572 zodiaci.
1116 510 1233 581 Quales
1255 512 1349 574 vcro?
1390 510 1593 587 mnu,

226 603 346 678 Um,
368 600 450 672 toa,
471 599 699 673 ἄποιαλαοια,
721 598 928 673 hminum,
951 601 1007 661 hoc
1030 610 1095 673 est,
1119 601 1159 660 ab
1182 600 1338 661 horizonte
1360 599 1459 660 ortivo
1482 606 1593 660 etoc-

226 690 317 753 ciduo
340 691 478 768 incepta,
512 689 541 749 in
565 689 790 768 nonagesimum
814 689 907 767 igitur
928 699 1016 751 extra
1038 689 1235 750 meridianum
1258 688 1464 750 terminantia.
1511 686 1592 749 nam

226 798 288 842 non
311 779 422 839 dicitur
444 798 687 855 mapsqpopm,
711 778 768 838 nisi
790 779 943 857 perlectus
966 779 1133 856 quadrans,
1161 798 1217 838 nec
1239 795 1313 856 pure
1336 776 1508 848 hostum,
1532 775 1592 835 nisi

228 890 249 929 a
270 867 465 946 nsua'gesimo
488 867 637 944 inceptus.
683 865 861 928 Decimo:
894 877 943 927 est
970 867 1073 946 aliqua
1096 869 1215 939 domus,
1244 885 1322 944 quae
1351 865 1462 927 dicitur
1483 861 1592 926 tam

231 977 328 1034 φορας
359 955 570 1032 ἀναφερεσθω
601 974 673 1014 vero
697 955 837 1015 tribuitur
864 956 959 1033 siguis
982 956 1109 1016 nodiaci.
1155 955 1271 1014 Doinus
1295 955 1388 1033 igitur
1409 952 1592 1031 intelligitur

227 1046 267 1106 dc
293 1063 365 1104 arcu
391 1043 527 1117 zodiaci,
559 1043 610 1103 ille
638 1061 709 1103 vero
738 1044 847 1105 dicitur
875 1049 1131 1122 ὄοδειαιημοριω.
1179 1043 1405 1105 Undecimo:
1438 1043 1485 1104 sic
1517 1040 1590 1103 alibi

228 1134 365 1214 appellat
395 1153 433 1192 so
462 1136 684 1204 modcmomr
715 1129 827 1203 Codes.
873 1135 974 1192 Zodra
1006 1145 1077 1192 sunt
1105 1132 1220 1192 zodiaci
1242 1141 1347 1211 partes
1371 1130 1589 1193 duodecimae:

227 1239 306 1301 ergo
329 1221 445 1292 domm,
469 1239 546 1299 quae
567 1226 792 1294 ιαποόαιμωω
805 1221 923 1294 dicitur,
948 1230 997 1282 est
1020 1221 1135 1282 zodiaci
1148 1239 1221 1299 pars
1234 1220 1307 1281 XII.
1362 1218 1589 1282 Duodecimo

227 1310 309 1373 ratio
338 1309 479 1382 accedat,
516 1326 584 1368 cum
607 1309 646 1369 de
668 1309 730 1370 situ
759 1310 890 1387 partium
913 1310 1027 1370 zodiaci
1062 1310 1247 1387 disputatur,
1280 1311 1358 1369 unde
1390 1309 1454 1370 illie
1486 1307 1588 1388 potius

226 1398 371 1477 incipiat,
406 1417 496 1477 quarn
518 1417 537 1455 a
560 1405 671 1475 puncto
702 1398 862 1458 altissimo.
911 1399 989 1459 Hinc
1012 1398 1206 1459 Ptolemaeus
1230 1397 1312 1465 alibi,
1341 1417 1407 1458 cum
1432 1398 1527 1458 etiam
1550 1396 1588 1456 de

226 1508 328 1557 ηας
350 1482 652 1566 compungamus
674 1486 754 1565 agit,
788 1487 1000 1566 appellatam
1027 1509 1103 1547 acco
1133 1507 1262 1564 nomm
1285 1507 1376 1547 rosor
1407 1486 1588 1566 quadratum

226 1577 267 1638 ab
298 1577 475 1654 horoscopo.
521 1574 755 1635 Tredecimo:
790 1596 810 1635 a
839 1596 912 1636 voce
941 1575 1035 1636 Medii
1054 1573 1151 1637 Coeli.
1198 1573 1233 1635 Si
1255 1576 1335 1635 enim
1366 1576 1510 1636 zodiacus
1538 1581 1589 1634 est

223 1666 255 1727 ia
277 1664 382 1726 domos
405 1662 629 1724 distribuendus
651 1676 777 1743 propter
799 1665 988 1743 planetarum
1018 1665 1047 1725 in
1072 1683 1108 1724 eo
1132 1662 1318 1724 versantium
1342 1672 1445 1725 statos
1469 1682 1586 1742 expeu-

223 1753 350 1826 deudos,
373 1762 495 1831 oportet
516 1752 621 1830 utique
644 1753 712 1830 ejus
730 1754 861 1814 medium
880 1773 938 1814 nou
953 1754 1075 1815 verbale
1094 1771 1165 1813 esse
1186 1753 1217 1813 in
1232 1753 1407 1826 meridiano,
1432 1751 1489 1813 sed
1503 1752 1586 1812 reale

224 1849 314 1904 exus
336 1841 534 1902 meridianum
556 1840 586 1900 in
609 1841 815 1921 nonagesimo.

314 1928 417 2003 Satis,
451 1929 574 2010 opinor,
612 1929 727 1991 obtinui
759 1931 966 2009 propositum
1007 1948 1086 1989 nunc
1117 1929 1275 1989 audiamus
1307 1945 1397 2007 porro
1426 1926 1584 1989 Stadium:

223 2018 459 2092 „Ptolemaeus,
497 2019 547 2078 uhi
579 2018 617 2079 de
647 2019 829 2080 deductione
859 2028 1087 2099 prorogatorem
1111 2018 1195 2096 agit,
1233 2018 1277 2078 Μ.
1303 2015 1339 2079 C.
1364 2017 1393 2077 iu
1418 2016 1585 2078 meddiauo

223 2108 418 2169 constituit.“
463 2106 522 2167 Est
544 2124 617 2185 ergo
641 2107 752 2186 duplex
776 2108 818 2168 Μ.
845 2107 881 2170 C.
906 2127 960 2186 pro
984 2107 1096 2186 duplici
1118 2106 1270 2179 instituto,
1300 2105 1417 2166 duobus
1440 2106 1582 2177 motibus,

223 2195 340 2257 duobus
363 2195 516 2273 primariis
538 2194 658 2256 circulis
681 2214 840 2275 eorumque
862 2197 951 2276 polis,
974 2205 1006 2256 et
1032 2194 1222 2256 latitudinum
1246 2193 1503 2274 verticalihusque
1521 2193 1581 2254 cir-

223 2282 309 2346 culis.
355 2283 436 2344 Nam
463 2284 491 2344 si
519 2284 557 2344 de
590 2283 650 2345 situ
679 2284 796 2363 agimus
825 2285 958 2359 zodiaci,
992 2286 1035 2346 Μ.
1061 2282 1098 2345 C.
1127 2291 1177 2342 est
1204 2283 1234 2341 in
1257 2283 1353 2361 gradu
1377 2283 1582 2362 nonagesimi;

223 2371 272 2434 sin
296 2379 398 2432 autem
422 2372 459 2434 de
482 2379 565 2432 motu
587 2373 694 2452 primo,
718 2383 753 2434 ut
775 2373 804 2433 iu
828 2374 968 2435 doctriua
991 2372 1197 2444 directionum,
1222 2379 1276 2433 aut
1299 2371 1325 2432 si
1344 2371 1580 2444 consideramus,

223 2468 369 2541 qnantum
393 2461 489 2522 distet
510 2459 583 2535 Sol,
608 2462 712 2536 Luna,
736 2462 784 2522 vel
808 2463 960 2540 planetae,
984 2462 1101 2523 ratione
1124 2467 1225 2520 motus
1247 2460 1336 2539 primi
1359 2481 1379 2519 a
1406 2458 1579 2531 meridiano,

222 2549 263 2610 ab
286 2567 323 2610 eo
345 2568 389 2609 sc.
414 2557 535 2628 puncto,
559 2551 589 2609 in
614 2569 672 2629 quo
696 2551 739 2612 illi
763 2569 799 2610 eo
822 2551 871 2611 die
894 2551 957 2612 heri
981 2557 1109 2629 possunt
1132 2548 1283 2620 altissimi,
1310 2558 1344 2608 ut
1366 2548 1402 2609 lit
1424 2550 1456 2609 in
1480 2549 1580 2627 eapite

222 2638 261 2700 ds
284 2637 484 2716 dignitatibus
507 2647 540 2699 et
562 2639 653 2699 alibi:
678 2649 749 2700 tuuc
773 2639 816 2698 Μ.
842 2639 878 2701 G.
904 2650 952 2700 est
976 2640 1006 2701 in
1031 2637 1209 2710 meridiano,
1234 2637 1305 2717 quia
1327 2655 1364 2697 eo
1388 2637 1437 2697 die
1460 2636 1583 2716 planeta

222 2744 282 2788 non
305 2726 438 2788 absolvit
460 2726 635 2799 nodiacum,
669 2728 724 2789 sed
752 2728 949 2806 parallelum,
983 2729 1067 2806 cujus
1099 2734 1242 2805 punctum
1272 2726 1457 2787 altissimum
1481 2733 1531 2786 est
1555 2725 1581 2785 io

221 2813 396 2878 meridiano.
444 2813 575 2877 Secutus
598 2825 648 2877 est
669 2815 726 2877 hoc
751 2814 909 2878 Cardauus
934 2816 962 2877 in
987 2815 1123 2877 centuria
1144 2814 1316 2893 genesium,
1342 2814 1486 2874 etmulti
1511 2825 1581 2873 ante

220 2921 299 2965 eum.
345 2903 522 2981 Exemplum
545 2923 584 2965 er
607 2925 674 2965 mea
687 2905 814 2984 genesi:
838 2924 896 2966 uon
919 2914 968 2966 est
991 2906 1081 2965 altior
1104 2903 1216 2982 gradus
1230 2901 1347 2963 zodiaci
1363 2921 1454 2981 quam
1468 2899 1578 2973 wit,

221 2991 292 3072 quia
313 2991 408 3054 oritur
431 2987 544 3069 25?st
591 2996 636 3054 At
659 2994 771 3072 gradus
794 2994 837 3055 Μ
862 2991 898 3055 C.
933 2992 1091 3058 (Cardano
1115 2991 1226 3052 dicitur
1248 3010 1309 3052 cor
1332 2992 1428 3058 coeli)
1456 2986 1581 3052 w&

220 3080 298 3142 satis
321 3098 431 3159 magno
455 3101 526 3142 arcu
551 3092 600 3142 est
622 3083 775 3151 humilior,
808 3102 897 3162 quam
920 3079 1029 3153 25’)(.
1077 3080 1131 3142 Sol
1156 3079 1280 3140 veroin
1309 3075 1409 3154 ¹5⁰5
1434 3079 1464 3140 in
1487 3079 1580 3139 meri-

220 3168 311 3230 diano
335 3170 455 3248 quidem
479 3170 513 3230 fit
537 3170 721 3245 altissimus,
747 3183 781 3232 at
803 3190 840 3232 ne
864 3170 942 3231 hanc
966 3171 1085 3250 quidem
1109 3188 1144 3230 eo
1168 3170 1216 3229 die
1240 3167 1415 3247 assequitur
1437 3168 1580 3228 altitudi-

219 3274 299 3331 nem,
325 3276 414 3336 quam
438 3258 530 3320 habet
553 3254 684 3331 erm,
708 3260 762 3320 sed
786 3260 881 3321 multo
904 3259 1059 3320 minorem.
1107 3259 1214 3336 ltaque
1237 3256 1356 3316 ratione
1370 3256 1450 3317 situs
1464 3250 1584 3319 22⁶2·-

221 3345 334 3407 nullam
358 3346 453 3407 habet
475 3347 651 3422 efficaciam,
676 3357 710 3409 ut
732 3348 825 3409 hahet
848 3367 990 3426 magnam
1013 3347 1131 3408 ratione
1155 3354 1264 3406 motus.
1311 3343 1354 3406 Et
1375 3352 1468 3418 nota,
1491 3351 1528 3405 ut
1549 3362 1582 3405 se

219 3433 313 3496 habet
335 3435 412 3496 situs
436 3435 475 3496 ad
498 3454 626 3515 corpus,
661 3436 705 3497 sic
733 3455 767 3497 se
796 3437 889 3497 habet
912 3444 1024 3509 motus,
1060 3435 1098 3495 ad
1126 3435 1229 3495 vitam.
1276 3434 1310 3493 Iu
1335 3433 1581 3495 consideratione

217 3521 311 3603 igitur
335 3523 470 3602 corporis
493 3534 526 3584 et
548 3544 624 3605 quae
648 3526 816 3586 adhaerent
838 3543 891 3603 pro
915 3525 958 3584 Μ.
984 3524 1020 3586 G.
1046 3524 1258 3601 nonagesimus
1273 3531 1323 3582 est
1340 3522 1585 3583 considerandus

218 3609 330 3690 magis:
355 3624 389 3673 at
412 3613 441 3673 in
464 3612 706 3674 consideratione
729 3615 826 3687 vitae,
851 3613 880 3675 h.
906 3634 932 3675 e.
958 3613 1110 3673 actionum
1133 3612 1278 3682 hominis,
1303 3619 1337 3671 et
1358 3628 1437 3689 quae
1460 3611 1579 3673 adhae-

217 3707 300 3773 rent,
324 3708 413 3762 utet
436 3701 465 3762 in
490 3701 722 3773 directionibus,
753 3703 873 3763 omniuo
895 3701 1065 3782 praepollet
1088 3701 1131 3760 Μ.
1157 3698 1194 3761 Ο.
1219 3700 1248 3759 in
1274 3698 1450 3760 meridiano.
1498 3699 1580 3761 Dili-

218 3797 327 3868 genter
350 3789 442 3867 igitur
464 3790 715 3852 considerandum
739 3790 828 3870 quale
850 3791 907 3852 M„
921 3789 957 3853 C.
983 3789 1089 3870 quovis
1104 3787 1271 3850 Ptolemaei
1296 3787 1362 3849 loco
1387 3788 1578 3857 adhibeatur,

219 3880 253 3937 et
274 3877 397 3939 sublata
421 3878 479 3940 erit
501 3879 597 3939 omnis
621 3879 795 3940 difficultas.

309 3966 416 4045 Pergit
439 3965 581 4028 Stadios:
615 3967 799 4029 meridianus
823 3967 862 4028 ab
886 3966 1041 4028 horizonte
1069 3983 1189 4042 semper
1217 3982 1271 4024 sex
1294 3963 1378 4023 horis
1401 3963 1581 4043 aequalibus

218 4051 325 4124 distat,
349 4065 382 4116 ut
405 4056 496 4117 docet
518 4056 746 4117 Ptolemaeus.“
792 4059 837 4118 At
860 4056 945 4123 haec,
970 4074 988 4116 o
1009 4053 1107 4126 Stadi,
1132 4051 1311 4130 ἀκνρολογια
1333 4058 1392 4122 est,
1416 4070 1475 4112 nou
1492 4070 1580 4114 usur-

219 4151 296 4220 pata
319 4163 338 4204 a
361 4144 538 4205 Ptolemaeo
563 4145 618 4205 hoc
643 4145 719 4206 loco.
756 4145 857 4207 Nullis
880 4143 963 4206 horis
986 4144 1103 4205 distant
1126 4142 1156 4202 hi
1170 4142 1284 4210 circuli,
1308 4140 1364 4200 aed
1387 4139 1477 4200 simul
1501 4148 1579 4201 sunt

217 4229 350 4293 Planeta
384 4251 454 4294 vero
487 4251 553 4294 cum
587 4243 637 4293 est
668 4234 698 4293 in
728 4233 902 4301 horizonte,
936 4232 1024 4292 abest
1057 4253 1076 4293 a
1107 4230 1272 4291 meridiano
1301 4246 1422 4307 semper
1454 4224 1581 4291 dhoris

218 4336 276 4383 non
292 4321 471 4402 aequalibus
486 4340 607 4400 semper
625 4331 657 4382 et
671 4321 808 4382 omnibus
832 4322 948 4394 diebus,
973 4323 1027 4381 sed
1051 4318 1269 4398 temporalibus
1292 4317 1507 4397 inaequalibus
1528 4335 1582 4398 per

216 4406 284 4470 dies
307 4410 455 4480 diversos,
481 4429 556 4488 quae
581 4419 683 4471 tamen
707 4421 778 4471 sunt
801 4411 944 4490 aequales
969 4409 997 4468 in
1022 4410 1070 4470 die
1096 4426 1154 4468 uno
1178 4407 1257 4467 inter
1280 4425 1314 4466 se
1337 4405 1435 4485 ipsae.

257 4528 263 4537 ·
306 4496 394 4568 Quae
419 4498 448 4557 in
473 4496 581 4559 Stadio
604 4507 786 4578 sequuntur,
825 4518 882 4559 non
911 4497 1046 4577 indigent
1070 4495 1333 4557 commentatione.
1381 4494 1450 4557 Non
1476 4508 1580 4575 repre·

218 4584 315 4646 hendo
342 4586 584 4648 distributionem
608 4588 746 4647 domuum
770 4587 1019 4666 Regiomontani‚
1051 4587 1077 4646 si
1101 4603 1160 4646 uon
1182 4602 1236 4664 pro
1261 4582 1450 4645 Ptolemaios
1473 4583 1581 4645 vendi-

217 4679 309 4736 tetur.
357 4674 468 4738 Posset
496 4674 625 4755 aliquis,
658 4684 693 4735 ut
720 4693 862 4754 superum
892 4673 1144 4754 hemisphaerium
1172 4673 1201 4732 in
1226 4667 1247 4733 6
1271 4681 1431 4752 segmenta
1452 4672 1580 4744 dividat,

90 4848 93 4853 Ι
217 4760 259 4824 ad
280 4762 511 4827 similitudinem
533 4763 769 4843 Regionioutaoi
791 4783 847 4846 per
869 4764 1021 4825 sectiones
1043 4771 1165 4826 mutim
1187 4760 1352 4823 horizontis
1374 4766 1409 4822 et
1427 4759 1583 4825 wrticalis
