3366 5482
158 466 235 508 anuo
264 443 308 508 94
340 445 510 522 dimiserat,
544 464 695 527 nunquam
725 452 788 506 tam
819 445 1000 523 exquisitam
1027 444 1099 505 mihi
1128 443 1420 534 commendationem
1448 445 1521 526 (qua

157 546 267 607 tamea,
293 534 362 594 dum
385 536 498 616 vixero,
524 536 647 596 inferior
670 538 736 608 ero)
761 534 988 612 impertivisset.
1026 534 1134 614 Itaque
1157 534 1215 596 hac
1239 552 1296 614 ego
1320 533 1423 615 specie
1447 534 1520 597 doc-

156 624 255 685 trinae
283 623 312 684 in
341 625 529 701 praeclaram
559 623 727 703 opinionem
751 623 788 683 de
815 623 893 684 Urso
918 631 1038 683 erectus
1062 623 1153 683 incidi
1178 632 1288 701 postea
1318 623 1350 684 in
1375 623 1522 704 quosdam

157 732 196 773 ex
220 710 378 772 nobilitate
397 712 553 794 Styriaca,
583 713 797 772 mathematum
822 720 976 785 amantes,
1008 710 1114 790 quibus
1138 713 1216 791 quod
1240 720 1325 774 esset
1347 713 1522 775 necessaria

157 800 283 861 subinde
314 820 399 862 mora
426 803 456 863 in
481 803 551 863 aula
574 800 735 872 Caesaris,
767 800 838 862 Ursi
863 799 972 860 notitia
996 808 1071 861 erat.
1119 800 1168 862 Illi
1191 800 1321 862 hominis
1344 800 1521 880 praedicare

158 889 318 968 ingenium,
343 890 476 965 inventa,
501 891 618 952 hortari
642 910 697 963 me,
723 897 757 950 ut
780 889 932 949 anniterer
955 888 983 948 in
1009 888 1075 966 ejus
1092 889 1332 951 familiaritatem
1352 889 1521 968 pervenire,

97 1040 100 1044 .
159 977 294 1058 polliceri
317 998 402 1041 suam
427 998 559 1059 operam.
607 977 668 1039 Sed
692 977 860 1054 Diogenem
885 977 1054 1056 quempiam
1083 977 1156 1039 mibi
1180 977 1397 1040 describebant
1420 978 1521 1060 aliqui,

159 1066 205 1127 cni
229 1066 287 1127 nisi
311 1077 364 1128 aut
393 1069 497 1130 lubeat
520 1077 573 1129 aot
596 1086 662 1128 cum
686 1067 879 1144 improbitate
903 1065 1006 1145 aliqua
1030 1067 1201 1146 extorqueri
1225 1067 1297 1128 nihil
1321 1066 1433 1147 possit.
1467 1066 1522 1128 His

159 1174 216 1235 ego
247 1155 283 1215 de
312 1157 413 1218 causis
445 1158 569 1218 iuventa
595 1158 685 1235 paulo
713 1165 784 1233 post
813 1154 1019 1233 speculatione
1048 1173 1129 1230 mea,
1159 1173 1315 1216 cum‘non
1339 1164 1425 1218 esset
1452 1155 1522 1217 milri

160 1244 288 1305 vicinior
310 1246 551 1319 mathematicus,
577 1246 614 1306 ad
634 1264 720 1325 quern
744 1242 926 1304 commodius
950 1243 1122 1318 scriberem,
1148 1245 1187 1305 ad
1207 1244 1398 1306 scribendum
1411 1244 1522 1326 impul-

159 1354 225 1407 sus,
262 1334 386 1395 formam
410 1336 508 1414 ipsam
530 1334 640 1413 partim
665 1333 702 1393 ad
727 1332 856 1393 hominis
880 1341 1018 1394 naturam
1052 1352 1128 1411 quae
1149 1334 1315 1408 ferebatur,
1344 1334 1460 1412 partim
1483 1332 1521 1395 ad

159 1441 227 1490 eas,
261 1439 336 1502 quas
366 1432 430 1485 tum
461 1425 538 1484 forte
564 1421 686 1483 fortuito
719 1422 875 1499 legebam,
912 1421 1140 1482 efficacissimae
1170 1421 1330 1483 brevitatis
1364 1421 1522 1503 epistolas,

159 1512 306 1572 dissoluto
331 1512 360 1572 in
384 1532 525 1592 pompam
550 1512 650 1571 animo
681 1531 717 1570 ex
742 1511 856 1570 recenti
881 1509 1061 1570 inventionis
1085 1529 1170 1571 meae
1195 1530 1315 1583 amore,
1349 1529 1519 1573 accommo-

160 1600 239 1674 dari,
264 1619 386 1662 securus
409 1603 446 1662 de
470 1602 526 1661 hoc
551 1610 672 1661 eventu.
719 1597 787 1668 Quo
812 1599 899 1659 ruodo
922 1600 949 1659 si
973 1598 1043 1677 quid
1066 1599 1139 1660 mihi
1163 1599 1275 1661 excidit
1296 1599 1389 1679 paulo
1413 1600 1521 1680 majus,

160 1708 249 1769 qoam
273 1689 310 1749 de
333 1690 399 1768 ipso
423 1709 587 1763 senseram,
613 1689 642 1750 in
666 1688 796 1766 gratiam
820 1688 1010 1749 laudatorum
1033 1687 1128 1767 ipsius
1152 1696 1184 1749 et
1207 1688 1266 1749 mei
1289 1689 1385 1768 ipsius
1408 1707 1519 1763 amore,

160 1785 258 1839 totum
283 1778 312 1837 id
333 1779 477 1857 juvenilis
500 1777 681 1839 temeritatis
701 1786 759 1850 est,
783 1796 838 1837 nec
862 1777 950 1837 aliter
973 1795 1094 1851 excuso,
1119 1777 1279 1838 dummodo
1302 1777 1428 1840 sceleris
1453 1796 1520 1839 sus·

158 1867 306 1947 picionem
339 1868 487 1929 aboleam.
534 1867 582 1928 Ex
606 1867 658 1940 iis,
685 1884 761 1945 quae
786 1865 865 1938 diri,
891 1865 975 1926 vides
998 1864 1136 1944 primum,
1163 1885 1210 1926 me
1235 1867 1314 1927 bona
1337 1867 1522 1928 conscientia

164 1955 334 2035 „gloriam“
360 1956 416 2036 ipsi
436 1955 588 2030 tribuisse,
614 1975 673 2034 qua
686 1955 844 2015 videbatur
858 1974 984 2033 regnare
999 1957 1028 2016 in
1053 1954 1122 2014 aula
1138 1952 1281 2015 Caesaris
1305 1963 1337 2016 et
1359 1956 1441 2037 apud
1456 1973 1522 2017 ma·

159 2045 359 2117 thematicos,
384 2063 457 2123 quos
482 2045 511 2104 in
537 2044 639 2105 libello
655 2063 708 2103 suo
725 2043 942 2124 alloquebatur.
993 2043 1272 2115 „illustrissimam“
1289 2052 1392 2106 autem
1405 2063 1460 2107 cur
1475 2045 1521 2106 di·

160 2133 270 2204 xerirn,
300 2151 424 2192 causam
454 2151 511 2192 non
536 2134 673 2211 reperio,
708 2132 764 2192 nisi
794 2133 871 2212 qnod
901 2133 1034 2194 illustres
1064 2132 1159 2193 nostri
1188 2125 1254 2193 eu'm
1282 2122 1463 2211 praedicant
1493 2141 1524 2193 et

164 2220 392 2281 lllustrissinrus
416 2220 591 2299 praedicare
615 2221 749 2293 uidetur,
775 2222 844 2281 dum
868 2240 934 2281 eum
958 2221 985 2282 in
1010 2220 1080 2281 aula
1098 2221 1203 2293 habet,
1235 2230 1267 2281 ct
1290 2222 1368 2302 quod
1391 2239 1521 2302 pompo-

162 2328 227 2370 sum
248 2308 398 2387 ingenium
423 2310 512 2370 facile
537 2329 668 2370 muscam
693 2311 892 2388 conspicatur,
918 2329 954 2369 en
970 2329 1029 2390 qua
1053 2309 1147 2370 faciat
1161 2309 1364 2389 elephantum.
1407 2310 1522 2372 Eodem

161 2400 258 2459 refero
283 2405 316 2458 et
339 2398 378 2474 id,
404 2399 482 2478 quod
505 2417 571 2459 cum
595 2407 751 2459 constaret
774 2399 811 2460 de
835 2398 994 2479 aliquibus,
1020 2397 1080 2459 disi
1105 2397 1146 2472 (si
1165 2398 1253 2460 modo
1268 2399 1347 2473 dixi)
1370 2398 1409 2461 ab
1425 2400 1521 2461 omui-

159 2487 216 2547 bus
252 2486 349 2547 doctis
381 2488 477 2566 ipsum
511 2488 691 2567 magnifieri3
727 2497 808 2549 certe
841 2489 919 2549 enim
952 2487 1147 2549 Maestlinom
1180 2495 1213 2548 ct
1240 2489 1413 2569 Tychonem
1446 2489 1523 2551 iuter

161 2575 266 2636 doctos
299 2576 458 2650 habebam,
493 2595 567 2656 quos
600 2577 732 2637 sciebam
763 2597 819 2637 non
856 2577 1015 2637 admodum
1047 2578 1202 2655 praeclare
1231 2577 1268 2637 de
1301 2576 1367 2657 ipso
1396 2577 1521 2640 sentire.

160 2662 249 2733 Quod
274 2674 374 2725 autern
399 2665 490 2726 etiam
513 2666 600 2746 plura
630 2667 659 2727 in
684 2665 761 2726 huuc
785 2666 904 2726 modum
930 2666 1154 2726 declamaturus
1178 2664 1316 2740 fuissem,
1351 2666 1378 2727 si
1402 2675 1522 2745 tempus

159 2752 290 2827 tulisset,
316 2754 346 2814 id
370 2773 428 2814 non
452 2754 573 2815 memini
592 2774 638 2815 me
662 2755 807 2834 polliceri.
856 2755 919 2816 lmo
945 2755 998 2815 illa
1022 2754 1058 2814 de
1083 2754 1262 2834 garrulitate
1286 2753 1396 2823 aliena,
1412 2776 1433 2815 a
1455 2774 1521 2817 ma·

160 2842 333 2903 thematicis
356 2843 538 2922 protestatio
568 2863 625 2903 non
658 2845 740 2903 facta
764 2852 812 2904 est
835 2844 872 2904 ad
898 2843 1072 2904 excusanda
1095 2844 1186 2904 etiam
1215 2843 1302 2922 plura
1328 2842 1519 2922 hujusmodi:

160 2931 214 2992 sed
237 2931 337 3010 potios
361 2932 399 2992 ad
424 2932 601 3011 corrigenda
624 2933 732 3010 priora.
780 2930 869 3001 Quod
893 2935 917 2992 si
943 2951 1013 2992 vero
1045 2951 1112 2992 mea
1135 2940 1205 2992 suut
1224 2932 1324 2992 omnia
1347 2940 1380 2993 et
1402 2932 1547 3013 singula·

159 3019 222 3081 ista
244 3021 347 3095 verba,
377 3021 476 3100 „quod
498 3022 731 3082 mathematicos
755 3021 841 3099 hujus
865 3021 932 3080 aevi
955 3030 1072 3082 tantum
1087 3020 1251 3100 praecedat
1264 3039 1353 3097 nnus,
1379 3029 1523 3100 quantum

160 3109 329 3171 Phoebeius
346 3109 427 3170 orbis
442 3109 558 3170 minuta
572 3110 712 3170 sidera“:
739 3129 787 3171 me
813 3107 951 3171 Christe!
976 3128 1116 3188 magnam
1139 3110 1276 3189 injuriam
1302 3109 1407 3171 multis
1430 3129 1520 3191 prac-

160 3198 336 3260 clarissimis
359 3198 432 3258 viris
462 3207 551 3278 atque
576 3199 652 3259 adeo
680 3199 738 3260 mei
767 3198 862 3277 ipsius
886 3198 1087 3260 conscientiae
1120 3199 1292 3278 imprudens
1326 3198 1394 3260 feci.
1445 3199 1522 3261 Illud

158 3287 315 3348 verissime
340 3287 439 3348 dicere
462 3305 598 3366 possum,
625 3307 773 3366 nunquam
798 3307 844 3349 me
868 3288 928 3348 ullo
952 3287 1040 3348 modo
1065 3289 1154 3359 serio,
1183 3307 1237 3367 per
1260 3288 1366 3362 lusum,
1391 3288 1520 3367 publice,

158 3375 318 3456 privatim,
350 3376 379 3436 in
413 3394 447 3435 os
476 3396 513 3436 an
544 3396 581 3436 ex
610 3377 725 3449 animo,
761 3378 911 3437 volentem
935 3385 966 3437 et
993 3377 1169 3455 prudentem
1200 3377 1256 3436 hoc
1275 3375 1407 3452 dixisse,
1445 3376 1521 3458 qnod

158 3464 416 3544 Regiomontano,
442 3462 623 3543 Coperuico,
648 3465 788 3538 Rhotico‚
813 3464 997 3538 Reiuholdo,
1023 3465 1173 3548 Tychoni,
1197 3465 1384 3538 Maestlino,
1409 3464 1520 3527 ceteris

159 3573 234 3615 unns
258 3554 355 3617 Ursus
387 3554 601 3633 praeferendus
626 3553 676 3615 sit.
723 3555 883 3633 Nunquam
916 3555 1014 3628 seusi,
1048 3574 1197 3634 nunquam
1228 3555 1385 3634 praesenti
1420 3555 1520 3617 animo

159 3642 448 3722 scripsi,'ounqua1n
472 3652 535 3703 tarn
560 3644 742 3722 flagitiosam
766 3642 967 3704 adulationem
991 3644 1126 3722 probavi.
1174 3643 1262 3714 Quod
1288 3643 1313 3703 si
1333 3643 1432 3706 verba
1454 3662 1522 3705 mes
1555 3666 1568 3673 ·

158 3732 287 3810 genuina
310 3733 372 3793 tale
392 3731 462 3810 quid
485 3740 604 3805 sonant,
631 3733 708 3812 quod
732 3730 843 3801 nescio,
868 3750 956 3793 casus
980 3733 1117 3810 inculpa
1141 3741 1189 3793 est
1211 3751 1337 3813 meaque
1353 3733 1520 3815 festinatio,

159 3828 191 3880 et
214 3821 292 3900 quod
322 3820 391 3902 quid
416 3820 589 3899 scripserim
621 3840 678 3881 non
704 3821 807 3899 relegi.
855 3820 1025 3894 Po'eticum,
1050 3830 1085 3882 ut
1108 3822 1209 3896 vides,
1243 3829 1341 3883 totum
1364 3820 1396 3883 id
1421 3830 1470 3883 est
1492 3828 1523 3883 et

160 3928 197 3970 ex
220 3917 313 3988 poeta
336 3910 514 3983 desumtum,
541 3917 572 3969 et
595 3910 714 3988 poetico
739 3910 847 3989 spiritu
872 3910 998 3970 dictum:
1025 3911 1103 3990 quod
1127 3928 1184 3971 non
1209 3918 1328 3971 tautum
1348 3911 1417 3991 jam
1441 3910 1520 3985 nolo,

159 3997 213 4058 sed
237 4005 269 4059 et
292 4007 362 4072 tum,
389 4018 455 4058 com
480 3999 601 4077 scripsi,
626 4000 763 4060 uolebam
788 3999 930 4059 aliorsum
948 3999 1028 4077 rapi,
1059 4000 1199 4060 uolebam
1224 3998 1316 4060 aliam
1340 4018 1522 4079 repraesen-

160 4086 218 4146 tari
239 4088 436 4161 sententiam,
462 4106 550 4167 quarn
576 4088 653 4167 quod
679 4088 843 4148 antecellat
867 4089 986 4166 vulgus,
1012 4089 1136 4167 vulgus,
1161 4088 1299 4167 inquam,
1322 4088 1522 4150 mathemati·

159 4193 274 4250 corum,
299 4178 377 4255 quod
401 4185 432 4237 et
465 4175 624 4237 credebam
657 4185 688 4237 et
711 4176 788 4238 citra
819 4177 1012 4255 praecipuam
1040 4177 1168 4256 gloriam
1196 4177 1259 4238 lieri
1291 4185 1407 4256 potest.
1455 4178 1522 4241 Nou

159 4271 346 4342 protestarer
368 4272 457 4325 tanta
480 4265 706 4327 asseveratione
731 4273 837 4326 contra
859 4265 1022 4326 manifesta
1042 4267 1134 4327 verba
1159 4266 1200 4339 (si
1220 4266 1308 4327 modo
1332 4266 1522 4341 tabesam),

160 4351 217 4413 nisi
248 4352 277 4412 in
302 4353 369 4431 ipsa
400 4354 452 4414 illa
472 4354 605 4432 'epistola
629 4355 837 4416 documentum
866 4355 1028 4415 maximum
1052 4363 1173 4416 extaret
1200 4373 1286 4415 meae
1319 4356 1522 4429 innocentiae,

160 4441 196 4502 de
222 4461 279 4522 quo
303 4459 403 4521 supra.
425 4477 431 4482 ·
450 4443 529 4504 Nam
554 4443 628 4515 etsi,
662 4444 768 4524 quibus
792 4443 892 4505 verbis
916 4444 1066 4524 Tychouis
1090 4444 1272 4506 mentionem
1301 4444 1441 4521 fecerim,
1468 4462 1524 4507 nc-

159 4532 231 4607 scio,
259 4532 367 4593 fecisse
392 4539 493 4592 tamen
517 4532 595 4593 scio:
620 4542 652 4594 et
675 4533 822 4612 ejusmodi
846 4532 1029 4593 mentionem
1053 4533 1173 4613 quidem
1198 4540 1288 4613 atque
1313 4552 1352 4595 ex
1375 4530 1526 4615 eJusmodi

159 4621 298 4699 opinione
321 4619 503 4702 profectam,
530 4640 606 4702 quae
630 4623 736 4684 merito
760 4623 871 4685 Ursum
894 4631 1028 4703 pungat,
1062 4622 1088 4683 si
1112 4640 1179 4683 eum
1201 4630 1264 4684 tam
1289 4622 1422 4686 feliciter
1443 4622 1525 4687 titil-

160 4709 224 4771 lant
247 4711 321 4773 haec
345 4712 509 4789 suiipsius
534 4710 643 4789 elogia.
691 4711 753 4772 Sed
777 4719 875 4783 cante,
907 4718 942 4772 ut
966 4710 1065 4783 vides,
1084 4712 1213 4791 posthac
1236 4710 1432 4775 scribendum
1454 4712 1525 4776 erit.

159 4797 247 4860 Adeo
269 4819 419 4883 nunquam
450 4819 507 4861 non
532 4799 667 4862 salutare
691 4800 844 4882 quippiam
875 4799 937 4863 ursi
964 4800 993 4862 in
1025 4820 1127 4864 aurem
1155 4800 1373 4864 insusurraudo
1398 4803 1526 4884 praeci-
