3366 5482
647 301 678 351 ιι
694 301 767 352 oso·
786 299 946 366 omitum.
1410 287 1476 358 879

122 462 199 525 tlara
224 461 254 522 in
278 462 384 541 impari
408 478 541 533 numero,
565 478 632 521 cum
647 460 712 538 pari
727 466 910 540 comparato,
937 471 1063 540 apparet
1077 461 1169 521 etiam
1184 474 1337 519 excessus.
1373 454 1477 514 Mares

122 551 212 632 igitur
235 550 438 632 Pythagoraei
463 571 535 610 suas
560 549 673 609 liabent
694 550 863 623 mentulas,
888 550 940 608 sed
967 550 1104 611 femellae
1128 545 1349 628 Pythagoricae
1371 546 1477 603 carent

122 640 226 701 mlvis.

209 728 280 790 Jarn
305 728 343 787 ad
368 727 465 806 ipsum
482 727 612 787 auctoris
637 725 806 787 institutum
830 727 928 795 venio,
954 728 1001 806 qui
1024 733 1122 806 putat,
1148 743 1179 784 se
1204 721 1381 783 chordarum
1405 736 1476 795 pro-

122 817 273 898 portiones
298 835 335 876 ιι
358 817 496 895 sphaeris
521 815 704 875 coelestibus
720 815 888 876 deduxisse
929 816 1009 876 Mira
1027 814 1199 893 persnasi03
1226 830 1291 871 cum
1311 810 1362 868 ille
1377 806 1477 885 potius

122 925 157 967 ex
194 905 325 984 cognitis
361 905 538 965 chordarum
576 903 817 983 proportionibus
859 904 1025 981 opinionem
1063 901 1235 980 conceperit
1273 900 1309 958 de
1350 912 1476 976 propor-

122 994 200 1056 tione
238 994 433 1073 sphaerarum
466 993 658 1063 coelestinum
700 993 777 1052 unde
819 993 979 1053 musicales
1020 1012 1108 1053 aeras
1142 987 1325 1057 extruxerit,
1366 982 1477 1044 nescio.

122 1082 237 1155 Video,
273 1083 394 1142 eosdem
424 1101 492 1141 esse
524 1098 662 1142 numeros
696 1099 761 1141 eum
790 1080 993 1156 Calvisianis,
1027 1089 1059 1141 et
1089 1098 1176 1141 aures
1204 1076 1343 1156 probant.
1321 1072 1479 1135 tDiffe-

122 1172 223 1234 rentia
254 1171 283 1230 in
315 1191 350 1232 eo
380 1179 447 1244 est,
484 1169 562 1248 quod
587 1168 739 1231 Calvisius
768 1171 828 1230 ah
857 1170 963 1249 incipit
986 1170 1109 1232 vocibus
1136 1167 1306 1228 adscribere
1331 1179 1477 1232 numeros,

123 1260 312 1322 Reinhardus
341 1260 428 1319 abe
476 1258 543 1318 Etsi
568 1266 667 1319 autem
692 1259 799 1318 literae
824 1266 892 1320 sunt
915 1256 1071 1320 technicae
1095 1262 1281 1338 possuntque
1306 1267 1477 1313 accommo-

123 1349 184 1409 dari
209 1366 264 1426 pro
289 1355 443 1408 auctorum
470 1348 572 1420 lubitu,
597 1354 698 1408 tamen
724 1355 772 1407 sto
796 1367 861 1408 cum
879 1346 1027 1420 Calvisio;
1054 1367 1147 1408 cansa
1169 1363 1260 1422 seque
1263 1351 1321 1414 tur,
1345 1340 1372 1400 si
1395 1336 1477 1438 prius

123 1439 175 1498 hoc
200 1436 354 1508 addidero,
380 1455 426 1495 me
451 1435 579 1496 libenter·
603 1436 647 1495 ιιιι
671 1434 793 1497 uocibus
816 1436 965 1515 propriis:
993 1447 1024 1498 et
1046 1455 1099 1516 pro
1115 1436 1238 1496 lemmat
1240 1451 1255 1492 e
1225 1431 1370 1493 tdicere
1386 1424 1476 1488 semi

123 1525 248 1597 tonium;
283 1525 393 1584 lemma
424 1523 502 1584 enim
536 1531 625 1584 sonat
648 1524 784 1585 relictum
807 1533 878 1603 post
904 1526 1120 1587 abscissionem
1148 1520 1361 1602 proportionis
1408 1515 1480 1576 Jam

123 1631 190 1674 uero
215 1613 327 1691 gradus
361 1631 464 1673 vocum
489 1611 624 1686 ἐμμελιις
657 1632 715 1672 ιιοιι
745 1622 907 1675 nascuntur
940 1635 977 1675 ex
1006 1613 1209 1686 abscissione,
1244 1618 1277 1671 nt
1300 1605 1481 1687 opinabatur

123 1702 219 1774 Plato,
246 1702 299 1761 sed
323 1720 361 1760 ex
384 1702 609 1780 comparatione
634 1702 870 1763 harmonicorum
897 1704 1132 1781 proportionum.
1165 1701 1284 1764 Natura
1308 1695 1387 1757 enim
1406 1711 1479 1754 con-

123 1789 224 1853 stituit
248 1790 433 1850 harmoniam
463 1785 557 1870 ²,let
587 1784 637 1871 Ἰ,,
669 1809 790 1870 quarum
815 1790 984 1852 differentia
1014 1800 1061 1852 est
1089 1785 1145 1873 Ἰ,,
1176 1808 1262 1868 quem
1286 1787 1353 1847 dico
1376 1795 1479 1844 tonum

123 1879 285 1959 majorem:
311 1879 354 1938 sic
379 1879 484 1939 eadem
509 1888 618 1939 natura
642 1879 798 1940 coristituit
828 1876 919 1958 Ἰ,ιι
943 1875 994 1958 Ἰ,,
1021 1898 1144 1960 quarum
1160 1877 1329 1938 differentia
1344 1883 1392 1934 est
1411 1868 1479 1948 Ἰ,,,

123 1987 208 2049 quern
233 1967 299 2027 dico
324 1976 426 2028 tonum
452 1968 603 2039 minorem,
631 1976 662 2027 ut
682 1977 745 2040 est;
770 1968 896 2049 demque
914 1979 1020 2030 natura
1039 1967 1196 2029 constituit
1224 1960 1309 2046 ⁴,ets
1331 1957 1377 2043 Ἰ,
1403 1979 1479 2040 qua-

123 2075 188 2117 rum
213 2056 382 2116 differentia
406 2067 453 2118 est
486 2050 573 2137 “Ἰ,,,
600 2057 678 2134 quod
703 2057 768 2116 dico
793 2058 993 2119 usitatissima
1008 2058 1128 2118 notione
1145 2054 1344 2117 semitonium.
1383 2049 1479 2111 Reiu-

123 2145 234 2206 hardns
259 2145 409 2222 appellat.
435 2145 542 2204 lemma
566 2152 597 2204 et
621 2155 721 2204 tonum
747 2146 901 2224 majorem.
949 2148 987 2207 ιιι
1013 2155 1082 2206 sunt
1107 2145 1218 2224 gradus
1242 2160 1346 2201 vocum
1364 2137 1478 2211 usitati,

123 2241 152 2294 et
176 2233 359 2294 naturaliter
382 2233 517 2293 omnibus
540 2234 713 2311 placentes,
739 2235 844 2312 quibus
870 2236 948 2295 addo
972 2233 1258 2296 discriminationem
1283 2237 1389 2291 cautus
1413 2225 1479 2286 duri

124 2328 151 2383 et
174 2321 286 2382 mollis.
332 2321 454 2381 Natura
477 2322 554 2382 enim
579 2322 736 2381 constituit
763 2317 857 2404 ’,ιΙι
846 2319 920 2401 t⁶,l
932 2343 1095 2404 ,quarum
1125 2320 1294 2382 differentia
1319 2325 1366 2377 est
1395 2309 1478 2394 “sm

124 2429 212 2490 quarn
238 2411 357 2488 appello
382 2410 493 2483 diesin,
529 2411 613 2489 quasi
639 2411 843 2473 remissionem
868 2413 1014 2474 chordae:
1049 2432 1085 2472 ea
1116 2429 1211 2489 neque
1244 2420 1350 2479 tonus,
1386 2421 1481 2484 neque

124 2499 321 2570 semitonium,
347 2498 416 2576 quia
440 2517 497 2558 non
522 2498 638 2559 canitur·
663 2521 680 2558 a
724 2498 773 2558 b
767 2520 794 2559 m
819 2501 851 2571 ιι,
881 2503 940 2562 nisi
964 2503 992 2561 in
1014 2501 1179 2561 mutatione
1204 2498 1285 2569 toni;
1311 2493 1483 2572 agnoscitur

124 2595 225 2649 tamen
250 2587 288 2646 ab
313 2587 445 2647 auribus.
494 2586 640 2664 Superest
663 2606 792 2662 comma,
827 2583 915 2668 ἸΙΜ,
949 2592 1025 2668 quod
1051 2598 1099 2652 est
1127 2588 1295 2649 differentia
1320 2585 1397 2643 inter
1425 2574 1477 2662 Ἰ,

124 2683 152 2737 ιι
180 2668 239 2752 Ἰ,;
270 2694 326 2735 nec
349 2676 523 2754 agnoscitur
547 2676 688 2754 explicite
712 2677 750 2736 ab
775 2681 909 2751 auribus,
946 2679 1000 2739 sed
1024 2686 1139 2739 tantum
1165 2675 1307 2754 implicita
1332 2691 1385 2751 per
1408 2689 1479 2749 pro-

124 2782 259 2844 gressum
283 2772 313 2823 et
337 2765 559 2825 successionem
584 2784 707 2837 voonm;
733 2768 841 2845 quippe
866 2787 960 2847 neque
985 2778 1032 2828 est
1056 2765 1226 2827 differentia
1246 2761 1480 2823 lmrnronicarum

124 2853 359 2933 proportionum,
385 2854 438 2912 sed
463 2853 698 2914 differentiarum
722 2855 901 2916 differentia.

210 2941 295 3001 Haec
320 2941 409 3019 igitur
433 2942 544 3002 addere
569 2943 657 3002 volui.
705 2944 792 3006 Nunc
816 2964 939 3005 eausam
964 2944 1071 3009 dicam,
1097 2962 1148 3003 cur
1173 2941 1210 3000 ab
1234 2939 1252 2997 ιι
1278 2938 1378 2997 malim
1403 2935 1480 2996 inci-

124 3048 192 3110 pere
219 3048 357 3090 numeros
381 3029 561 3102 Reinlrardi,
597 3050 683 3108 quam
708 3031 745 3091 ab
770 3052 797 3093 e.
844 3033 998 3094 Usitatum
1029 3041 1077 3091 est
1105 3031 1133 3090 in
1158 3035 1262 3089 nostra
1286 3026 1414 3095 musica,
1448 3030 1481 3084 ut

124 3128 226 3180 santus
251 3119 358 3178 molles
381 3120 478 3196 magis
503 3138 689 3180 canamusa
732 3122 806 3181 ein
831 3121 864 3192 b,
891 3140 1022 3199 quama
1070 3119 1138 3180 cin
1164 3116 1220 3179 dis.
1268 3115 1374 3191 ltaque
1399 3114 1482 3173 locus

124 3207 217 3268 diesis
249 3199 319 3285 2Ἰ,,
350 3207 490 3269 usitatior
507 3215 555 3268 est
569 3208 648 3268 inter
674 3209 691 3268 b
716 3218 745 3269 et
772 3210 805 3281 ις
830 3230 899 3270 narn
924 3231 942 3269 a
970 3208 1106 3270 emollis
1123 3217 1229 3268 cantus
1244 3223 1296 3283 per
1323 3205 1350 3274 b,
1374 3209 1407 3261 et
1424 3201 1482 3260 du·

124 3314 172 3357 rus
197 3313 254 3373 per
278 3296 296 3354 h
322 3295 519 3356 usitatissime
544 3297 669 3358 canitur.
718 3296 793 3359 Cum
818 3309 916 3359 autem
943 3299 971 3359 in
998 3299 1051 3359 illo
1079 3304 1245 3379 systemate
1270 3298 1482 3368 ιιαιισσαρωι,

125 3385 202 3465 quod
229 3383 323 3443 babet
344 3384 422 3444 inira
447 3395 548 3444 tonum
573 3387 733 3463 majorem,
770 3388 866 3448 medio
891 3388 956 3447 loeo
982 3387 1144 3459 minorem,
1170 3401 1259 3460 snpra
1289 3379 1480 3441 semilonium

125 3473 166 3546 [in
192 3473 343 3532 uulneris:
383 3469 453 3545 180,
484 3469 553 3547 160,
583 3469 654 3542 144,
683 3472 774 3546 135),
805 3483 913 3537 cantus
937 3476 1035 3536 mollis
1068 3483 1185 3536 statuat
1212 3472 1270 3532 imo
1291 3472 1356 3530 loco
1381 3467 1477 3545 majo·

125 3578 194 3634 rem,
220 3561 318 3620 medio
343 3560 408 3621 loco
433 3562 631 3634 semitonium,
658 3583 772 3623 summo
797 3566 941 3626 minorem
958 3575 1058 3625 tonum
1084 3565 1127 3636 (in
1143 3560 1287 3622 numeris:
1318 3551 1480 3628 180‚160‚

125 3647 196 3721 150,
227 3645 312 3721 135),
340 3649 509 3710 differentia
533 3650 624 3727 igitur
647 3651 725 3711 inter
749 3672 839 3714 voces
864 3654 972 3714 tertias
1000 3649 1060 3714 144
1085 3660 1117 3712 et
1143 3650 1205 3713 150
1229 3660 1278 3710 est
1302 3638 1385 3730 ”Ι,,.
1423 3641 1482 3703 Est

125 3737 214 3816 igitur
238 3738 266 3797 in
292 3739 365 3798 duro
389 3739 481 3798 tertia
507 3757 563 3798 vox
589 3741 626 3798 ab
652 3738 729 3800 ιιιιιί
754 3742 789 3814 ιι,
826 3743 854 3801 ιι
881 3743 962 3802 molli
988 3744 1016 3803 b.
1065 3741 1097 3800 Si
1122 3742 1197 3810 hoc,
1233 3756 1304 3808 eruo
1329 3737 1388 3794 ima
1411 3749 1479 3798 vox,

125 3844 175 3904 per
204 3823 266 3886 180
290 3826 428 3904 signata,
463 3834 511 3886 est
535 3848 563 3904 g.
611 3827 653 3886 Et
676 3829 745 3905 quia
773 3825 835 3891 144
866 3831 975 3901 esth,
1008 3830 1099 3906 igitur
1132 3829 1224 3888 etiam
1248 3822 1415 3887 Ileinhardi
1440 3816 1483 3881 48

125 3915 226 3993 (cujus
250 3925 298 3974 est
326 3912 386 3975 144
411 3914 549 3992 triplum)
578 3916 636 3975 erit
659 3916 687 3977 ιι.
735 3918 907 3979 Differimus
930 3919 1022 3996 igitur
1045 3919 1073 3977 in
1099 3936 1151 3991 eo,
1185 3917 1264 3995 quod
1290 3914 1339 3973 ille
1362 3912 1484 3988 inlerg

125 4004 192 4064 eth
217 4004 328 4064 statuit
359 3996 427 4082 “Ἰ,,
453 4022 508 4082 ego
537 3997 591 4084 Ἰ,;
616 4019 722 4066 contra
746 4006 795 4067 ille
820 4027 839 4065 a
882 4007 901 4067 ιι
926 4007 1000 4067 facit
1027 3999 1061 4084 Ἰ,
1091 4025 1146 4083 ego
1176 3997 1242 4085 Ἰ,,,.
1295 4005 1399 4081 ltaque
1417 4000 1484 4060 sola

125 4110 181 4153 vox
206 4112 226 4151 a
250 4111 307 4151 uno
331 4101 479 4152 commate
505 4095 584 4170 apud
609 4113 655 4153 me
680 4103 729 4154 est
752 4095 851 4162 altior,
877 4115 966 4173 quam
990 4096 1068 4173 apud
1094 4093 1187 4154 illum.
1227 4093 1268 4152 Et
1283 4091 1353 4171 quia
1369 4088 1481 4161 nescio,

125 4180 199 4241 uude
215 4180 265 4240 ille
286 4180 332 4241 sui
347 4181 538 4241 monochordi
559 4182 737 4243 divisionem
758 4185 934 4255 extruxerit,
952 4183 1084 4261 aperiam
1105 4200 1160 4259 ego
1177 4201 1286 4241 causas·
1302 4198 1387 4240 meae
1403 4177 1482 4238 divi-

125 4268 226 4331 sionis.
275 4269 354 4330 h'am
377 4269 403 4329 si
426 4281 540 4329 rectam
566 4289 621 4345 epo
646 4272 725 4330 viam
749 4272 866 4343 insisto,
892 4281 1020 4351 oportet,
1047 4283 1078 4329 ut
1103 4271 1168 4348 ipse
1184 4268 1346 4330 erraverit:
1372 4269 1482 4343 dequo

125 4357 165 4419 sic
184 4357 349 4437 judicabis
396 4357 522 4417 Aurium
543 4359 714 4435 judicium'
708 4380 736 4419 m
762 4361 923 4421 harmoniis
947 4359 1114 4439 judicandis
1139 4358 1272 4419 admittit
1298 4353 1460 4456 aliquam
1454 4372 1481 4412 m

126 4448 248 4507 uocibus
273 4446 481 4518 latitudinem,
515 4447 596 4506 intra
620 4467 706 4525 quam
732 4449 863 4510 incertus
886 4450 981 4510 fertirr
1004 4448 1140 4519 auditus,
1146 4448 1322 4539 quodnam
1346 4443 1386 4504 ιιι
1410 4440 1482 4502 illud

126 4537 284 4614 genuinum
309 4544 500 4607 momentum,
526 4535 554 4592 ιιι
579 4556 635 4613 qun
660 4538 736 4598 duae
761 4557 850 4599 uoces
874 4537 986 4615 optime
1011 4508 1267 4606 concordaterint
1294 4533 1391 4592 altera
1415 4549 1482 4589 ma-

126 4635 213 4686 uente
238 4644 323 4698 voce,
349 4623 447 4683 altera
471 4623 627 4702 paullatim
650 4624 747 4686 iutens
735 4648 779 4685 ι.ι
821 4626 886 4686 Ηοι
914 4626 1157 4687 animadvertens
1177 4624 1371 4684 Ptolemaeus
1395 4617 1484 4698 petiit

126 4715 241 4777 auditui
265 4712 430 4775 subsidium
455 4732 472 4772 a
498 4713 624 4774 ratione.
673 4714 818 4777 Verum
810 4715 904 4795 ipsius
929 4715 1025 4788 ratio,
1061 4715 1120 4775 etsi
1149 4710 1363 4792 utplurimum
1387 4708 1481 4769 satis-
