3366 5482
159 200 203 271 50
582 249 585 264 .
752 199 913 252 Mn

159 384 216 428 sna
238 363 348 426 alicubi
372 360 538 437 addixerit,
562 379 657 441 eaque
681 361 720 422 ad
740 368 858 439 tempus
881 365 1182 442 praestenntroqne
1204 359 1292 422 modo
1315 365 1411 422 totam
1433 355 1511 420 barre

158 472 221 518 rem
243 451 452 533 ipsintilitati
475 451 547 513 iore.
594 449 656 513 Sed
684 449 770 524 vide,
803 450 873 529 quid
901 457 997 512 metus
1028 449 1120 511 iaciat
1147 449 1316 511 immanium
1343 447 1510 510 verbemm.

159 541 294 605 Obsecro
308 549 349 613 te,
363 540 546 620 Praeceptor
561 539 742 613 honorande,
766 538 890 608 enitere,
914 547 948 599 ut
966 539 993 600 si
1008 558 1066 619 qua
1080 538 1211 600 conditio
1231 538 1311 619 apud
1334 555 1388 598 vos
1411 544 1509 611 vacet,

159 631 189 692 in
213 649 279 691 eam
304 648 359 709 ego
384 631 553 692 succedam.
599 628 717 708 Ubique
740 627 786 688 ita
808 646 855 689 me
879 646 990 707 geram,
1014 635 1049 690 nt
1071 635 1189 706 gratnm
1213 626 1389 708 discipulum
1413 625 1510 687 decet.

159 717 257 783 Crede
272 718 352 792 mibi,
369 719 394 780 si
408 719 574 799 Tubingam
590 726 705 779 mature
720 735 838 790 venero,
864 717 972 778 multos
988 715 1149 799 Styrenses
1164 716 1280 778 nobiles
1295 734 1330 778 eo
1345 724 1510 789 attraxere,

160 809 209 890 qni
233 807 374 869 aliorsum
397 808 604 869 concederent.
651 806 710 867 De.
725 805 847 885 negotio
875 805 1029 885 eclipsinm
1057 797 1187 885 gaudeo,
1220 805 1275 866 tibi
1303 812 1422 867 cantum
1446 803 1511 884 jam

161 897 286 978 pridem.
314 927 354 939 —
377 896 479 979 ’lycho
502 896 575 959 mire
597 895 841 976 philosophatur,
866 896 1007 956 utendum
1030 894 1147 968 canali,
1179 913 1215 956 ne
1239 913 1291 957 aer
1313 895 1511 955 intercurrens

161 984 325 1048 confundat
347 992 379 1046 et
401 985 543 1047 obliteret
565 984 699 1047 radium:
724 984 839 1064 optices
863 984 910 1045 hic
934 983 1066 1045 nonnihil
1085 983 1232 1064 indigens.
1266 984 1349 1046 Idem
1363 982 1511 1045 aestima-
1549 1010 1555 1027 ·

160 1075 242 1136 tione
266 1074 331 1135 sine
353 1072 465 1135 circino
489 1075 580 1150 sacta,
605 1070 625 1137 5
649 1073 778 1135 testibus
802 1072 1067 1145 consentientibus,
1093 1072 1257 1147 contendit,
1282 1071 1406 1152 eclipsin
1430 1070 1511 1134 Solis

160 1159 213 1226 30.
225 1161 295 1224 500.
308 1163 414 1234 (met.)
430 1162 521 1224 fnisse
537 1171 654 1225 tantum
668 1159 688 1226 5
700 1163 760 1243 dig.
772 1181 860 1243 quam
870 1161 1017 1224 Jostelins
1028 1161 1223 1241 Witebergae
1238 1161 1412 1223 aestimavit
1425 1161 1511 1223 simi·

159 1252 229 1316 liter
243 1251 307 1313 sine
322 1249 433 1312 circino
448 1248 467 1315 7,
483 1259 514 1312 51
531 1253 610 1314 ultra
629 1251 799 1332 digitorum,
822 1270 878 1331 ego
895 1250 1013 1314 Grastii
1032 1251 1153 1312 edocto
1174 1251 1236 1312 lere
1251 1250 1371 1312 extendi
1386 1249 1510 1312 demon-

162 1339 267 1416 stravi,
292 1358 357 1402 cnm
381 1345 463 1400 certo
487 1341 698 1419 appareretis
722 1340 805 1403 radio
830 1341 973 1420 ampliato
997 1332 1072 1423 b'le.
1097 1348 1129 1401 et
1150 1347 1184 1402 tu
1198 1339 1352 1418 Tubingae
1375 1338 1513 1402 similiter

161 1428 320 1492 artificiose
352 1446 409 1489 non
442 1429 628 1489 aestimando
660 1429 762 1491 vidisti
795 1430 875 1491 ultra
914 1429 1066 1491 dimidiam
1095 1429 1232 1491 deficere.
1291 1426 1352 1490 Sed
1381 1436 1414 1492 nt
1442 1427 1511 1491 illuc

161 1518 295 1594 redeam,
317 1515 537 1578 ‘demonstratio
561 1517 653 1578 totius
677 1519 720 1579 rei
743 1538 809 1579 cum
833 1520 875 1581 sit
897 1519 1020 1600 pulchra
1044 1526 1076 1579 et
1099 1518 1275 1592 artificiosa,
1300 1517 1419 1599 videtur
1441 1517 1511 1581 mihi

161 1606 270 1686 digna,
299 1625 388 1687 quam
415 1605 496 1689 typis
526 1605 682 1678 mandem,
711 1616 745 1668 nt
774 1608 914 1671 hederam
942 1608 1143 1687 suspendam,
1171 1626 1237 1669 cum
1258 1607 1321 1687 jam
1344 1605 1512 1670 absolutum

161 1695 234 1759 nibil
249 1696 376 1757 habeam
391 1696 482 1757 alind.
515 1695 621 1774 Itaque
646 1693 671 1755 si
696 1695 736 1757 sit
750 1699 965 1778 typographus,
989 1697 1097 1759 curabo
1113 1695 1251 1775 imprimi.
1289 1696 1411 1759 Interea
1434 1697 1510 1770 vale,

161 1794 192 1849 et
214 1786 273 1848 mci
295 1803 407 1847 memor
430 1785 483 1856 sis,
507 1785 576 1846 dum
599 1782 628 1843 io
652 1782 875 1848 calamitatibus
898 1786 979 1849 hisce
1003 1804 1115 1860 versor,
1140 1785 1189 1866 qui
1211 1804 1258 1848 mc
1279 1785 1414 1848 loelieem
1429 1804 1511 1849 sem·

184 1893 216 1936 or
239 1875 359 1937 amasti.

161 1893 181 1956 p
250 1964 367 2043 Pragac
392 1957 422 2024 6.
450 1958 501 2025 16.
525 1961 599 2022 Dec.
625 1979 673 2021 an.
703 1955 795 2023 1600.
1047 1964 1086 2024 H.
1112 1963 1144 2023 T.
1192 1961 1280 2025 Grat.
1306 1963 1468 2043 discipulus

336 2090 338 2095 <
1127 2051 1174 2115 Μ.
1198 2052 1231 2115 J.
1256 2051 1383 2136 Kepler.

250 2173 289 2234 D.
312 2173 352 2236 D.
377 2160 514 2253 Zieglero
546 2172 704 2253 plurimam
736 2170 863 2232 salutem
896 2172 945 2242 (nt
971 2180 1003 2235 et
1030 2176 1139 2236 ceteris
1166 2176 1410 2257 praeceptoribus
1438 2177 1512 2239 meis

163 2263 314 2336 omnibns)
337 2261 414 2327 dico.
456 2259 614 2333 Quartana
637 2278 696 2322 non
720 2260 780 2321 lert
801 2261 901 2339 plures
925 2261 1079 2339 epistolas.
1120 2263 1181 2326 Oro
1205 2272 1314 2336 tamem
1338 2274 1371 2328 ut
1394 2266 1512 2329 affinem

164 2372 248 2414 snum
271 2351 309 2414 D.
334 2350 558 2430 Engelhardum
582 2349 778 2427 Stuccardiac
802 2348 959 2430 degentem
987 2349 1137 2429 hortetur,
1167 2373 1204 2414 nc
1221 2354 1303 2416 'mibi
1332 2375 1388 2416 sna
1421 2374 1513 2436 opere

165 2441 246 2504 desit
268 2441 297 2504 in
321 2459 368 2517 rc,
402 2459 489 2520 qnam
520 2440 558 2501 ab
587 2440 653 2519 ipso
676 2437 869 2518 Engelhardo
891 2458 946 2521 per
968 2439 1073 2501 literas
1097 2442 1190 2520 petii,
1226 2452 1257 2504 et
1280 2443 1315 2504 de
1339 2463 1399 2524 qna
1422 2444 1513 2524 Zieg-

163 2530 225 2594 lero
257 2537 398 2592 constat:
431 2549 473 2591 sc.
505 2536 538 2590 nt
567 2528 605 2592 D.
630 2528 771 2590 Doldium
803 2537 941 2603 moneat,
975 2537 1007 2591 et
1039 2529 1143 2592 literas
1171 2549 1226 2611 per
1253 2539 1371 2611 postam
1400 2533 1440 2595 ad
1467 2552 1513 2596 mo

165 2620 316 2682 amandet.

237 2779 277 2830 Ad
293 2778 356 2829 baec
368 2776 514 2828 Maestlinns
532 2791 581 2826 non
598 2777 731 2840 respondit,
750 2777 895 2841 penitusque
914 2777 1042 2839 obmutuit,
1061 2779 1172 2843 quamvis
1190 2781 1289 2843 saepius
1308 2779 1445 2846 aKeplero
1463 2797 1514 2832 mo·

165 2852 240 2909 nitas,
254 2863 331 2915 neque
344 2848 377 2899 ad
386 2863 478 2898 annum
491 2845 565 2909 1805,
578 2863 625 2913 qno
634 2848 737 2897 tandem
747 2847 855 2912 Keplero
865 2849 941 2898 etiam
954 2855 1028 2914 atque
1042 2851 1117 2899 etiam
1130 2852 1227 2915 roganti
1240 2852 1371 2902 obsecutus
1383 2853 1515 2917 rospondit

236 2955 297 3007 cum
314 2957 340 3006 in
358 2955 520 3018 superioribus
538 2953 716 3004 Masstlini
740 2953 771 3003 de
791 2952 923 3016 Gopernico
942 2956 1092 3004 sententiam
1114 2958 1323 3020 proposuerimus,
1350 2973 1399 3016 noo
1424 2957 1469 3008 abs
1490 2973 1517 3009 re

166 3043 219 3080 esse
237 3033 360 3093 potamus,
379 3029 400 3076 si
416 3027 535 3089 judicium
554 3026 664 3089 ejusdem
683 3024 714 3075 ds
727 3025 825 3074 decreto
838 3024 981 3088 pontificali,
1001 3041 1047 3090 quo
1060 3026 1180 3076 damnata
1193 3035 1231 3077 est
1244 3028 1372 3092 Copernici
1385 3031 1457 3086 ratio.
1475 3030 1515 3081 hic

167 3114 332 3166 apponamus,
350 3111 491 3163 quanquam
509 3097 691 3160 imperfectum,
710 3096 775 3161 quod
793 3110 822 3144 eo
840 3097 920 3145 minna
938 3097 977 3148 bic
996 3098 1157 3147 omittendum
1177 3113 1320 3157 censemus,
1339 3100 1404 3166 quod
1420 3101 1514 3152 Maest-

166 3171 230 3224 linas
249 3172 294 3222 sibi
311 3174 478 3235 proposuerat,
498 3168 598 3218 editioni
612 3169 691 3232 operis
704 3167 840 3230 (lopernici.
860 3165 975 3218 Basileae
993 3171 1058 3233 typis
1080 3170 1244 3229 recudendas,
1263 3171 1420 3222 Prodromnm
1433 3187 1516 3223 suum·

167 3256 214 3308 qne
233 3241 394 3307 appendicem
416 3239 558 3305 adjungere.
598 3239 666 3289 Inter
683 3239 851 3302 manuscripta
869 3238 1031 3290 bibliothecae
1051 3238 1250 3307 stuttgartiauas
1268 3243 1362 3294 scilieet
1380 3243 1516 3308 depreben-

167 3314 246 3364 dimna
263 3313 356 3363 555005
373 3326 449 3361 maun
466 3310 592 3363 Maeatlini
610 3312 719 3374 scripta:

239 3398 313 3450 ,pag
332 3381 380 3440 00,
398 3389 453 3459 ppst
470 3382 664 3446 praelationem,
684 3387 742 3431 aute
761 3381 888 3446 epistolam
907 3382 1007 3432 (inseri
1026 3377 1059 3445 ι1)
1078 3386 1265 3448 interponantur
1282 3386 1428 3450 sequemia:

760 3487 922 3538 Additio.

240 3597 351 3649 ductarii
368 3595 422 3647 loco
444 3595 503 3647 5015
521 3596 646 3660 praesenti
665 3595 765 3645 editioni
782 3594 846 3646 baec
865 3598 993 3660 sequentia
1016 3597 1131 3648 addenda
1151 3599 1243 3649 censui.
1273 3599 1338 3648 Exiit
1362 3612 1427 3651 anno
1450 3591 1517 3652 tt'tt

169 3664 202 3724 α’
221 3668 385 3735 typographia
409 3667 528 3718 Gamerae
553 3665 709 3732 Apostolicac
733 3665 830 3718 Romae
854 3666 988 3717 Decretum
1005 3683 1080 3718 mann
1099 3677 1124 3719 et
1147 3670 1225 3736 sigillo
1250 3669 1283 3720 ill.
1306 3668 1378 3720 earo.
1403 3671 1428 3723 S.
1453 3672 1517 3726 055-

170 3743 242 3795 eiliae
259 3743 384 3806 signatum
396 3741 561 3795 etmnnitnm‚
581 3738 620 3789 die
640 3735 766 3791 55101115.
787 3743 855 3802 cnjns
873 3741 998 3802 inscriptio
1017 3747 1068 3791 est:
1093 3741 1260 3792 Decretum
1272 3741 1298 3792 S.
1318 3745 1518 3809 congregationis

170 3813 208 3864 111.
227 3812 253 3864 S.
272 3811 304 3861 tt.
324 3812 352 3862 lt.
373 3811 554 3867 cardinalium,
574 3825 590 3860 a
609 3809 634 3860 S.
653 3809 686 3858 D.
705 3810 737 3860 N.
756 3810 833 3860 Panlo
851 3810 922 3875 Papa
939 3810 971 3861 V.
1002 3810 1143 3877 Sanctaque
1160 3814 1219 3863 sedc
1238 3811 1380 3877 Apostolica
1397 3816 1431 3865 ad
1449 3817 1517 3868 Indi·

171 3900 226 3937 oem
243 3884 370 3934 Librorum
389 3883 567 3947 eomndemqne
585 3883 776 3946 permissionem,
794 3880 993 3946 prohibitionem,
1013 3886 1227 3949 expurgationem,
1246 3891 1272 3935 et
1289 3886 1474 3950 impressionem
1491 3889 1517 3939 10

171 3957 285 4007 nomena
301 3955 364 4020 Rep.
384 3954 524 4004 Christiana
542 3953 680 4017 specialiter
698 3954 884 4017 deputatorum,
902 3954 990 4019 ubique
1008 3955 1189 4019 publicandum.

241 4028 277 4078 Eo
290 4027 389 4079 decreto
401 4028 465 4076 inter
478 4031 561 4076 cetera
572 4025 636 4074 haec
648 4025 779 4090 leguntur:
802 4023 884 4085 ,Quia
902 4025 934 4075 ad
952 4028 1065 4076 notitiam
1083 4042 1102 4076 s.
1117 4029 1313 4094 congregationis
1331 4029 1450 4093 persenit,
1468 4030 1515 4082 lal-

172 4113 227 4151 ram
253 4099 321 4149 illam
349 4098 486 4148 doctrinam
512 4096 702 4161 Pythagoricum
730 4097 827 4155 divinae
848 4098 984 4160 scripturae
1007 4101 1103 4148 omnino
1127 4099 1297 4149 adversantem
1320 4101 1351 4150 dc
1378 4101 1517 4153 mobilitati

172 4171 263 4222 Terrae
282 4177 308 4220 51
325 4168 495 4219 immobilitate
513 4165 590 4225 Solis,
614 4181 687 4232 quam
704 4167 737 4218 N.
757 4168 904 4232 Copsmions
923 4177 949 4218 et
966 4169 1076 4219 Didacus
1094 4172 1215 4220 Aetnnica
1237 4173 1312 4221 511501
1335 4171 1439 4228 docent.
1462 4176 1517 4237 jam

173 4241 293 4307 divulgari
320 4247 345 4292 et
371 4254 388 4290 a
416 4239 499 4290 multis
526 4240 619 4304 recipie
656 4240 729 4290 sicuti
759 4239 840 4290 ridere
863 4247 902 4290 est
926 4255 955 4291 ex
986 4241 1094 4306 quadam
1118 4242 1222 4305 epistola
1245 4244 1364 4307 impressa
1387 4246 1517 4307 cuiusdam

174 4315 202 4365 P.
220 4312 368 4363 Camelitas
379 4310 407 4360 P.
421 4310 452 4360 Δ.
465 4311 600 4366 Foscan'nl.
614 4346 619 4357 .
635 4347 662 4361 ..
681 4312 745 4367 ideo.
764 4325 796 4360 ne
813 4311 914 4361 ulterius
931 4311 1068 4376 hujusmodi
1086 4314 1166 4376 opinio
1184 4314 1209 4362 in
1226 4315 1359 4377 perniciem
1377 4315 1517 4366 oatbolie'ae

173 4385 283 4437 sensatis
300 4389 391 4448 serpat,
410 4383 514 4439 censuit,
533 4382 611 4433 dictos
625 4381 785 4446 Copsmicnm
799 4382 830 4432 de
849 4383 922 4432 reeol.
941 4385 1033 4434 orbium
1046 4389 1072 4433 et
1083 4383 1205 4433 Didacnm
1223 4387 1248 4433 in
1265 4385 1313 4435 Job
1331 4386 1517 4449 suspendendos

175 4470 238 4529 esee,
256 4456 335 4507 donec
352 4454 510 4518 corrigentem.
539 4453 639 4503 Librum
656 4469 712 4504 vero
731 4455 855 4504 Foscarini
874 4456 971 4505 omnino
988 4454 1177 4518 probibendnm¹⁴
1198 4454 1242 4506 dc.
1253 4478 1288 4490 -
1306 4456 1385 4518 Quae.
1405 4459 1516 4517 obsecro.

176 4528 282 4580 candide
298 4525 389 4577 lector!
409 4530 447 4575 est
464 4532 510 4574 tua
527 4524 558 4575 ds
574 4525 621 4576 hoc
635 4525 672 4575 Ill.
688 4525 759 4575 (iord.
780 4527 878 4576 decreto
890 4526 1011 4577 censura?
1036 4528 1076 4576 Διι
1093 4542 1150 4583 000,
1169 4527 1210 4577 051
1227 4530 1330 4592 primum
1347 4531 1400 4592 ejus
1418 4531 1517 4596 magni·

176 4600 250 4653 seon
266 4598 363 4650 titulum
379 4597 483 4662 legeris,
509 4597 553 4647 tibi
571 4598 716 4660 persuades,
736 4598 768 4648 ad
786 4599 858 4647 istam
877 4595 902 4648 S.
923 4598 1142 4663 congregationem
1159 4600 1288 4662 deputatos
1307 4614 1360 4649 ease
1378 4602 1442 4652 viros
1460 4615 1515 4666 spe·

179 4672 288 4729 5155151.
312 4684 361 4721 000
384 4673 481 4718 tantum
498 4669 523 4718 in
546 4669 656 4718 omnibns
675 4667 700 4719 S.
719 4669 871 4734 theologiae,
893 4669 1098 4734 jnrisprodentiae
1116 4668 1160 4721 dc.
1183 4672 1303 4734 partibus,
1329 4671 1373 4721 sed
1397 4675 1473 4723 etiam
1490 4674 1516 4724 10

180 4744 245 4794 omnl
262 4741 339 4795 scibili
356 4740 552 4792 honestissimos
570 4745 596 4789 51
614 4740 780 4799 doctissimos,
805 4753 864 4805 qnos
881 4739 943 4793 nibil
961 4755 1057 4797 eornm.
1083 4755 1146 4806 quae
1165 4741 1267 4807 alicujus
1284 4745 1401 4793 momenti
1419 4745 1445 4793 in
1463 4744 1515 4796 dte·
