3366 5482
241 253 309 320 370
661 257 763 307 Lim
781 255 885 321 ΜΗ
909 258 1064 321 moramque
1081 263 1185 306 masau

240 416 376 476 Tandem
407 416 513 494 puduit
536 415 625 485 belli,
658 416 705 475 cui
730 415 916 475 adhaerebat
938 415 1089 476 calumnia
1112 413 1319 493 spoliationis;
1351 414 1471 492 itaque,
1502 411 1603 492 iniqua

238 505 395 582 pactione,
428 523 465 563 ne
490 505 560 581 quid
584 523 649 564 meo
674 503 776 564 labore
799 504 869 564 inde
893 504 1103 563 concinnatum
1133 504 1211 563 citra
1233 520 1415 564 consensum
1437 501 1600 562 haeredum

239 593 367 662 ederem,
395 593 517 652 tandem
541 611 603 653 1111
628 611 663 651 eo
689 592 809 663 adduxi,
835 601 868 652 nt
892 591 1138 652 observationum
1162 591 1234 651 mihi
1257 591 1346 670 copia
1359 590 1503 651 secundis
1517 589 1601 669 ipso-

239 698 305 741 rnm
335 680 541 741 voluntatibus
570 681 798 759 relinqueretur.
844 679 893 740 Ex
926 700 961 740 eo
993 679 1096 759 itaque
1128 679 1329 759 patrocinium
1358 677 1600 741 lucubrationum

239 768 391 850 Tychonis
415 770 487 829 mihi
511 788 569 829 non
594 789 721 845 arrogo,
745 769 800 828 sed
826 768 856 828 id
881 769 985 829 lubens
1010 767 1141 828 humeris
1167 767 1276 828 nobilis
1300 768 1377 840 viri,
1403 766 1600 828 francisci

239 854 433 928 Gansneh,
468 857 541 917 dicti
565 858 776 936 Tengnagl‚
811 857 1001 935 westphali,
1037 857 1187 936 Tychonis
1209 855 1312 918 Brahe
1340 856 1445 935 generi
1468 855 1598 926 remitto,

241 945 291 1023 qui
314 964 381 1005 cnm
404 946 443 1004 sit
469 966 487 1004 a
511 947 644 1006 consiliis
672 945 909 1025 appellationum
933 945 1178 1018 Bohemicarum,
1210 953 1330 1023 partem
1361 944 1462 1023 operis
1490 943 1598 1005 bonam

237 1050 294 1093 non
314 1033 431 1094 invitus
455 1033 527 1093 milri
550 1034 680 1112 reliquit.
728 1033 816 1102 Quae
839 1034 963 1112 quisque
987 1035 1130 1106 10111111,
1155 1041 1275 1111 tempus
1298 1033 1454 1094 ostendet.

307 1121 372 1169 Hinc
390 1123 481 1169 mansit
498 1120 622 1184 Keplerns
641 1122 673 1171 ad
692 1136 732 1177 ea,
752 1135 816 1185 quas
834 1121 882 1171 huc
895 1136 971 1185 usque
990 1123 1016 1170 in
1035 1121 1152 1170 Martia
1170 1121 1268 1171 theoria
1279 1121 1419 1184 profecerit,
1438 1118 1597 1184 proponenda

235 1192 262 1241 ia
278 1191 340 1241 libro
361 1192 408 1249 „de
426 1193 533 1240 motibus
551 1193 640 1241 stallae
659 1192 774 1248 Martia“,
795 1193 884 1242 deinde
902 1195 1000 1258 pergit:

325 1262 388 1325 Sed
412 1264 450 1323 ad
475 1264 576 1343 capita
601 1264 754 1324 literarum
778 1273 896 1324 tuarum
919 1274 1063 1325 revertar.

324 1351 366 1412 Ut
389 1351 585 1413 fundamenta
609 1353 770 1413 restitutae
805 1353 974 1412 theoriae
1007 1351 1166 1413 Lunaris
1191 1351 1299 1421 edam,
1332 1369 1430 1411 meum
1456 1356 1593 1420 nonest,

234 1439 290 1501 sed
313 1439 494 1512 haeredum,
529 1460 621 1519 quos,
653 1441 843 1513 1111111111,
870 1460 989 1501 monere
1014 1460 1072 1500 non
1097 1438 1229 1511 desisto;
1267 1439 1403 1517 spemin
1429 1437 1593 1516 propinquo

234 1528 346 1590 nullam
370 1528 467 1589 video.
510 1526 589 1598 Quid
614 1530 640 1589 si
664 1548 735 1589 vero
758 1539 791 1590 11
815 1529 880 1608 ipse
903 1530 960 1591 hoe
976 1529 1129 1607 negotium
1144 1545 1319 1607 promovere
1334 1526 1457 1606 possis?
1491 1526 1590 1604 Teng-

235 1617 353 1696 naglins
378 1616 457 1677 enim
481 1636 575 1697 nuper
598 1617 822 1696 peregrinatum
846 1618 929 1692 abiit,
953 1625 1115 1697 praetextu
1135 1615 1278 1676 visendae
1292 1615 1427 1694 patriae;
1451 1614 1590 1694 privatim

233 1724 303 1768 vero
334 1704 453 1783 ajebat,
482 1725 515 1766 se
540 1707 623 1767 adire
647 1707 802 1785 Angliam.
847 1705 905 1766 Est
935 1715 1036 1768 autern
1060 1706 1089 1766 iu
1113 1706 1214 1767 Dauia
1238 1703 1309 1766 Chr.
1335 1703 1475 1766 Severini
1499 1703 1590 1763 Lou-

230 1804 491 1873 gomnntanus,
531 1815 587 1875 quo
617 1796 718 1876 Tycho
748 1795 787 1855 ad
811 1795 944 1856 Lunaria
976 1815 1047 1856 usus
1077 1803 1126 1855 est
1153 1793 1325 1873 plurimum:
1365 1791 1431 1872 qui,
1464 1791 1490 1852 si
1524 1792 1590 1871 quid

232 1891 373 1962 superest
395 1882 600 1958 correctionis,
625 1893 732 1962 suopte
757 1884 785 1944 id
810 1885 910 1944 Marte
933 1884 1016 1962 prius
1032 1883 1219 1956 emendabit3
1243 1883 1374 1954 monitus
1398 1880 1479 1942 enim
1503 1902 1522 1941 a
1546 1898 1590 1940 me

233 1970 265 2032 id
286 1991 341 2051 per
363 1970 469 2031 literas
494 1992 526 2032 se
552 1974 699 2034 facturum
725 1981 772 2033 est
795 1973 961 2051 pollicitus;
997 1992 1054 2052 quo
1080 1973 1161 2033 iacto
1190 1991 1248 2032 uno
1278 1971 1373 2050 gradu
1404 1969 1529 2048 propius
1552 1968 1589 2029 ad

233 2060 395 2121 editionem
419 2063 645 2122 accesserimus.
693 2062 725 2121 In
751 2062 941 2124 conclusione
966 2060 1145 2139 Opticornm
1169 2079 1277 2122 novam
1302 2059 1477 2119 methodum
1499 2057 1589 2136 polli-

229 2147 308 2209 citus
334 2168 399 2208 sum
425 2148 466 2208 rei
490 2150 701 2227 perficiendae.
748 2151 837 2210 Illam
861 2170 942 2223 vero,
967 2149 1032 2210 Deo
1057 2151 1191 2222 volente,
1217 2150 1282 2210 sine
1307 2146 1460 2228 Tychonis
1482 2145 1588 2207 obser·

230 2237 402 2298 vationibus
427 2237 560 2298 editurus
585 2239 668 2300 etin
694 2239 767 2299 meis
792 2239 947 2318 eclipsium
972 2237 1233 2299 observationibus
1258 2237 1470 2315 exploraturus
1492 2253 1567 2295 sum.

318 2323 405 2393 Quod
431 2324 530 2387 fixas
555 2328 675 2400 attinet,
702 2335 789 2388 extat
812 2330 890 2407 apud
915 2327 1062 2388 haeredes
1076 2328 1227 2407 privatum
1252 2342 1325 2404 opus
1353 2321 1438 2386 1000
1454 2324 1588 2394 fixarum,

227 2411 258 2474 in
282 2432 340 2492 quo
365 2414 478 2474 multae
510 2415 539 2475 in
569 2415 772 2495 septentrione
806 2427 928 2496 praeter
961 2435 1114 2477 numemm
1137 2413 1355 2476 Ptolernaieum
1384 2423 1588 2484 accesserunt,

228 2501 358 2582 aliquae,
378 2504 561 2581 praesertim
583 2505 611 2566 in
636 2506 824 2567 meridionali
848 2504 1079 2583 hemisphaerio,
1106 2504 1276 2564 necessario
1294 2503 1376 2563 fuere
1391 2500 1587 2580 praeteritae.

227 2589 304 2654 Utut
328 2590 448 2661 habeat,
473 2591 636 2654 haeredum
660 2594 897 2667 arbitriumest,
922 2594 995 2654 illud
1020 2593 1119 2654 edere.

298 2676 413 2739 (Addidit
439 2679 562 2743 Keplerus
585 2682 651 2731 hunc
678 2683 820 2749 catalogum
844 2683 972 2731 stellarum
996 2681 1099 2730 fixarum
1125 2679 1216 2729 tabulis
1240 2677 1412 2742 Rndolphinis.
1456 2676 1587 2726 Theoriarn

226 2749 351 2800 Lnnarem
370 2750 526 2807 absolutam,
551 2752 679 2802 1111111110
699 2754 855 2810 dedicatam.
882 2755 913 2802 ob
933 2753 1055 2802 1111111111
1074 2750 1221 2816 typographi
1239 2765 1289 2799 non
1307 2747 1498 2813 imprimendam
1517 2761 1586 2799 cura·

225 2822 274 2880 1111
291 2822 358 2871 lnest
374 2822 438 2870 haec
458 2822 513 2870 Vol.
533 2823 566 2872 11.
588 2823 649 2872 hlss.
670 2823 929 2889 Petropolitanorum.)

313 2893 360 2953 De
383 2895 552 2972 astrologia
580 2896 656 2956 talia
684 2898 809 2969 scribis,
845 2897 920 2957 11111
950 2894 1088 2974 quaeris,
1122 2903 1155 2953 ut
1178 2911 1312 2970 sperem,
1347 2890 1403 2953 tibi
1426 2891 1585 2971 plurimum

224 2981 415 3045 satisfactum
455 2982 491 3042 iri
524 2985 580 3044 hac
610 2985 731 3063 adjecta
769 2983 1051 3055 dissertatiuncula,
1085 3001 1143 3062 qua
1170 2982 1263 3054 lecta,
1298 2981 1324 3041 si
1348 2981 1424 3041 hene
1448 2979 1584 3059 conjicio,

222 3071 392 3151 aequiorem
402 3073 610 3148 pronunciabit
621 3074 802 3134 sententiam
816 3093 869 3134 rex
884 3072 1136 3152 sapientissimus.
1163 3069 1225 3130 Sed
1241 3071 1371 3130 fortasse
1386 3068 1502 3148 poterit
1512 3070 1584 3130 haec

222 3160 294 3222 olim
308 3160 437 3220 materia
459 3161 634 3239 diligentius
658 3171 689 3222 et
712 3162 756 3224 111
780 3162 928 3235 adornari,
954 3168 987 3222 ut
1011 3159 1210 3222 serenissimis
1234 3159 1300 3237 ejus
1315 3159 1410 3219 oculis
1429 3157 1584 3218 honestius

223 3249 377 3310 offeratur.
424 3248 507 3309 Deus
533 3270 579 3311 me
604 3270 642 3311 ex
666 3252 852 3313 astronomia
875 3250 1037 3329 expediat,
1071 3257 1104 3310 ut
1133 3249 1171 3309 ad
1200 3266 1301 3309 curam
1329 3246 1430 3325 operis
1459 3246 1518 3307 mei
1547 3246 1583 3306 de

223 3336 430 3398 Harmonia
453 3339 573 3399 rnundi
597 3350 767 3402 convertar.
813 3339 961 3419 Equidem
984 3338 1058 3399 illud
1082 3357 1157 3416 opus
1179 3337 1242 3418 jam
1264 3335 1382 3416 pridem
1406 3333 1504 3396 tacite
1519 3334 1582 3413 regi

223 3433 326 3487 vestro
351 3425 521 3496 destinavi,
555 3446 612 3488 nun
637 3436 700 3489 tam
724 3429 824 3490 studio
850 3427 877 3488 ei
900 3427 1127 3500 innotescendi,
1153 3444 1242 3505 quam
1264 3433 1336 3486 voto
1360 3422 1582 3495 ardentissimo,

221 3521 255 3577 nt
286 3514 407 3592 inipso
440 3516 595 3577 coalescat
627 3516 784 3577 harmonia
817 3516 1017 3578 ecclesiae.
1066 3517 1097 3576 Is
1121 3516 1198 3576 enim
1229 3514 1304 3575 talia
1326 3513 1469 3591 scripsit,
1510 3512 1583 3574 talia

222 3604 315 3675 facit,
340 3610 454 3663 utnon
478 3603 691 3666 inconveniens
716 3605 962 3684 1111ἀναρμοςος
987 3604 1125 3665 videatur
1148 3602 1320 3683 hujusmodi
1345 3602 1396 3663 vel
1420 3599 1581 3675 dedicatio,

221 3692 269 3753 vel
293 3691 488 3753 existimatio.
536 3693 595 3762 Qui
620 3715 677 3774 quo
701 3695 818 3755 tardius
849 3695 1025 3773 aggreditur
1052 3713 1115 3755 rem
1144 3693 1281 3754 omnibns
1306 3689 1462 3770 oppressis
1486 3707 1581 3770 exop-

221 3780 412 3852 tatissimam,
438 3782 494 3842 hoc
519 3782 692 3860 diligentius
717 3802 819 3843 omnes
843 3784 1019 3844 occasiones
1043 3783 1314 3861 circumspecturus
1338 3799 1406 3842 esse
1430 3787 1581 3842 censetur.

165 3902 173 3912 ·
220 3869 303 3933 Deus
325 3869 362 3931 0.
378 3871 422 3931 M.
443 3870 551 3931 bonum
575 3890 660 3949 opus,
685 3873 762 3951 quod
787 3873 816 3932 in
840 3872 906 3950 ipso
930 3880 1071 3950 operatus
1097 3881 1159 3946 est,
1184 3871 1280 3950 primo
1304 3888 1420 3949 qnoque
1446 3877 1580 3947 tempore

220 3959 366 4037 perficiat.
414 3957 476 4019 Sed
500 3960 577 4020 hanc
602 3961 784 4021 mentionem
817 3961 883 4021 ideo
918 3961 1040 4040 injicere
1065 3961 1168 4039 coepi,
1203 3967 1237 4021 ut
1268 3957 1426 4020 consilium
1459 3956 1580 4030 abste,

221 4046 277 4108 Vir
295 4048 566 4108 Praestantissime
599 4058 735 4130 peterem
768 4049 796 4109 in
821 4070 853 4112 re
880 4050 944 4128 jam
980 4049 1115 4109 amulto
1140 4055 1274 4127 tempore
1299 4045 1466 4109 destinata
1515 4043 1580 4116 Quo

221 4134 337 4196 nomine
361 4136 518 4213 plurimum
542 4137 651 4212 laetor,
688 4148 717 4198 te
743 4139 814 4199 mihi
839 4138 971 4199 oblatum
996 4158 1032 4198 ex
1057 4139 1110 4198 illa
1132 4147 1238 4215 gente,
1268 4154 1367 4217 aquo
1390 4133 1580 4215 potissimum

220 4223 265 4285 sic
288 4223 429 4285 erudirer.
476 4226 555 4287 Nam
578 4227 627 4305 qui
652 4235 699 4286 est
728 4227 756 4288 in
782 4237 811 4288 11
837 4247 919 4288 amor
944 4228 1047 4288 harum
1072 4227 1195 4300 artium,
1227 4246 1285 4303 non
1309 4224 1444 4304 patietur
1468 4223 1579 4294 feriari,

220 4311 289 4393 quin
312 4314 362 4372 vel
385 4312 442 4374 hac
465 4315 514 4374 vel
539 4316 599 4375 alia
623 4317 672 4376 via
696 4317 829 4386 (incerta
853 4316 930 4377 enirn
946 4317 1075 4377 humana
1099 4316 1207 4389 omnia,
1233 4323 1265 4376 et
1279 4314 1401 4385 bellum,
1424 4313 1580 4376 Musarum

219 4401 387 4483 pernicies,
422 4403 523 4462 nescio
546 4411 696 4481 ,qnantum
729 4426 748 4464 a
776 4405 862 4465 nobis
891 4405 973 4466 absit
1000 4406 1028 4466 in
1052 4405 1218 4479 Bohemia,
1254 4404 1324 4465 dum
1348 4402 1417 4483 jam
1440 4402 1580 4467 Moravia

218 4490 408 4571 periclitatur
431 4500 522 4570 atque
546 4492 687 4565 Austris)
721 4495 864 4554 cultorem
894 4495 1066 4554 matheseos
1098 4494 1222 4554 consilio
1251 4493 1301 4554 vel
1324 4511 1418 4573 opera
1450 4495 1529 4574 (qna
1549 4499 1577 4552 te

218 4578 332 4659 pollere
357 4579 512 4653 existimo,
548 4580 607 4639 tuis
639 4581 734 4641 literis
762 4582 918 4654 inductus)
952 4602 1040 4662 quarn
1069 4583 1181 4661 optime
1209 4600 1399 4661 promoveas.
1448 4581 1510 4644 Sed
1540 4579 1576 4642 ad

219 4669 428 4748 quaestionem
452 4669 618 4730 redeamus.
665 4669 813 4749 Equidem
837 4672 881 4732 ita
904 4673 1108 4734 conformatae
1133 4679 1204 4732 sunt
1226 4672 1331 4732 theses
1355 4689 1452 4747 meae,
1476 4676 1584 4733 utnec

218 4755 344 4837 planeta
366 4774 422 4819 nec
446 4767 589 4839 aspectus
612 4758 691 4820 nllus
715 4761 812 4821 malus
835 4760 886 4821 sit.
935 4759 1164 4823 Contrariorum
1186 4779 1257 4822 vero
1277 4759 1430 4841 oppositio
1453 4764 1602 4823 axomatz
