<?xml version="1.0" encoding="UTF-8"?>
<!DOCTYPE html PUBLIC "-//W3C//DTD XHTML 1.0 Transitional//EN"
    "http://www.w3.org/TR/xhtml1/DTD/xhtml1-transitional.dtd">
<html xmlns="http://www.w3.org/1999/xhtml" xml:lang="en" lang="en">
 <head>
  <title>
</title>
<meta http-equiv="Content-Type" content="text/html;charset=utf-8" />
  <meta name='ocr-system' content='tesseract 3.04.00' />
  <meta name='ocr-capabilities' content='ocr_page ocr_carea ocr_par ocr_line ocrx_word'/>
</head>
<body>
  <div class='ocr_page' id='page_1' title='image "./joanniskepleria04frisgoog_0195.png"; bbox 0 0 3366 5482; ppageno 0'>
   <div class='ocr_carea' id='block_1_1' title="bbox 133 210 1001 335">
    <p class='ocr_par' dir='ltr' id='par_1_1' title="bbox 133 210 1001 348">
     <span class='ocr_line' id='line_1_1' title="bbox 133 210 1001 335; baseline 0.002 -19"><span class='ocrx_word' id='word_1_1' title='bbox 133 324 137 335; x_wconf 21' lang='grc' dir='ltr'><em>α</em></span> <span class='ocrx_word' id='word_1_2' title='bbox 162 268 224 348; x_wconf 63' lang='lat'>1¹26</span> <span class='ocrx_word' id='word_1_3' title='bbox 669 265 782 330; x_wconf 71' lang='lat' dir='ltr'>Hysteril</span> <span class='ocrx_word' id='word_1_4' title='bbox 800 210 1001 332; x_wconf 64' lang='lat' dir='ltr'>Gosmopapbioi</span> 
     </span>
    </p>
   </div>
   <div class='ocr_carea' id='block_1_2' title="bbox 159 425 1525 596">
    <p class='ocr_par' dir='ltr' id='par_1_2' title="bbox 159 425 1525 596">
     <span class='ocr_line' id='line_1_2' title="bbox 159 425 1525 506; baseline -0.001 -15"><span class='ocrx_word' id='word_1_5' title='bbox 159 428 326 491; x_wconf 90' lang='lat' dir='ltr'>coincidere</span> <span class='ocrx_word' id='word_1_6' title='bbox 350 434 383 489; x_wconf 86' lang='lat' dir='ltr'>et</span> <span class='ocrx_word' id='word_1_7' title='bbox 404 426 460 487; x_wconf 91' lang='lat' dir='ltr'>niti</span> <span class='ocrx_word' id='word_1_8' title='bbox 483 425 589 488; x_wconf 86' lang='lat' dir='ltr'>eodem</span> <span class='ocrx_word' id='word_1_9' title='bbox 613 425 817 502; x_wconf 80' lang='lat' dir='ltr'>fundamento,</span> <span class='ocrx_word' id='word_1_10' title='bbox 843 425 922 506; x_wconf 91' lang='lat' dir='ltr'>qnod</span> <span class='ocrx_word' id='word_1_11' title='bbox 945 433 1047 487; x_wconf 88' lang='lat' dir='ltr'>tamen</span> <span class='ocrx_word' id='word_1_12' title='bbox 1070 442 1128 504; x_wconf 89' lang='lat' dir='ltr'>qno</span> <span class='ocrx_word' id='word_1_13' title='bbox 1142 435 1234 504; x_wconf 86' lang='lat' dir='ltr'>pacto</span> <span class='ocrx_word' id='word_1_14' title='bbox 1248 425 1313 503; x_wconf 88' lang='lat' dir='ltr'>liat,</span> <span class='ocrx_word' id='word_1_15' title='bbox 1336 427 1525 506; x_wconf 79' lang='lat' dir='ltr'>investigare</span> 
     </span>
     <span class='ocr_line' id='line_1_3' title="bbox 159 510 634 596; baseline -0.013 -15"><span class='ocrx_word' id='word_1_16' title='bbox 159 517 304 581; x_wconf 79' lang='lat' dir='ltr'>bactenm</span> <span class='ocrx_word' id='word_1_17' title='bbox 327 533 478 596; x_wconf 85' lang='lat' dir='ltr'>nunquam</span> <span class='ocrx_word' id='word_1_18' title='bbox 499 514 594 594; x_wconf 88' lang='lat' dir='ltr'>potui.</span> <span class='ocrx_word' id='word_1_19' title='bbox 610 510 634 588; x_wconf 91' lang='lat'>¹)</span> 
     </span>
    </p>
   </div>
   <div class='ocr_carea' id='block_1_3' title="bbox 607 686 1078 863">
    <p class='ocr_par' dir='ltr' id='par_1_3' title="bbox 607 686 1078 863">
     <span class='ocr_line' id='line_1_4' title="bbox 607 686 1078 754; baseline -0.004 0"><span class='ocrx_word' id='word_1_20' title='bbox 607 689 651 754; x_wconf 85' lang='lat' dir='ltr'>IN</span> <span class='ocrx_word' id='word_1_21' title='bbox 675 686 815 751; x_wconf 79' lang='lat' dir='ltr'>CAPUT</span> <span class='ocrx_word' id='word_1_22' title='bbox 838 686 1078 752; x_wconf 82' lang='lat' dir='ltr'>VICESIMUM</span> 
     </span>
     <span class='ocr_line' id='line_1_5' title="bbox 686 811 999 863; baseline -0.003 -2"><span class='ocrx_word' id='word_1_23' title='bbox 686 811 801 862; x_wconf 78' lang='lat' dir='ltr'>uorsa</span> <span class='ocrx_word' id='word_1_24' title='bbox 819 811 999 863; x_wconf 76' lang='lat' dir='ltr'>lucrosis.</span> 
     </span>
    </p>
   </div>
   <div class='ocr_carea' id='block_1_4' title="bbox 131 918 1558 4020">
    <p class='ocr_par' dir='ltr' id='par_1_4' title="bbox 161 918 1527 1470">
     <span class='ocr_line' id='line_1_6' title="bbox 241 918 1526 991; baseline -0.002 -14"><span class='ocrx_word' id='word_1_25' title='bbox 241 918 272 991; x_wconf 89' lang='lat' dir='ltr'>a)</span> <span class='ocrx_word' id='word_1_26' title='bbox 296 924 374 976; x_wconf 85' lang='lat' dir='ltr'>Haec</span> <span class='ocrx_word' id='word_1_27' title='bbox 389 930 433 976; x_wconf 89' lang='lat' dir='ltr'>est</span> <span class='ocrx_word' id='word_1_28' title='bbox 445 921 560 991; x_wconf 91' lang='lat' dir='ltr'>propria</span> <span class='ocrx_word' id='word_1_29' title='bbox 573 921 692 974; x_wconf 91' lang='lat' dir='ltr'>materia</span> <span class='ocrx_word' id='word_1_30' title='bbox 706 921 768 974; x_wconf 89' lang='lat' dir='ltr'>libri</span> <span class='ocrx_word' id='word_1_31' title='bbox 783 922 829 974; x_wconf 86' lang='lat' dir='ltr'>lV.</span> <span class='ocrx_word' id='word_1_32' title='bbox 845 921 1001 990; x_wconf 58' lang='lat' dir='ltr'>Episemou</span> <span class='ocrx_word' id='word_1_33' title='bbox 1027 926 1197 975; x_wconf 87' lang='lat' dir='ltr'>transsumta</span> <span class='ocrx_word' id='word_1_34' title='bbox 1217 920 1279 974; x_wconf 86' lang='lat' dir='ltr'>inde</span> <span class='ocrx_word' id='word_1_35' title='bbox 1294 921 1321 974; x_wconf 87' lang='lat' dir='ltr'>iu</span> <span class='ocrx_word' id='word_1_36' title='bbox 1336 921 1385 976; x_wconf 91' lang='lat' dir='ltr'>lib.</span> <span class='ocrx_word' id='word_1_37' title='bbox 1400 922 1435 975; x_wconf 85' lang='lat' dir='ltr'>V.</span> <span class='ocrx_word' id='word_1_38' title='bbox 1451 922 1526 976; x_wconf 83' lang='lat' dir='ltr'>Har·</span> 
     </span>
     <span class='ocr_line' id='line_1_7' title="bbox 162 1000 1527 1070; baseline -0.001 -13"><span class='ocrx_word' id='word_1_39' title='bbox 162 1003 333 1058; x_wconf 90' lang='lat' dir='ltr'>monicorum.</span> <span class='ocrx_word' id='word_1_40' title='bbox 370 1003 441 1056; x_wconf 84' lang='lat' dir='ltr'>Nam</span> <span class='ocrx_word' id='word_1_41' title='bbox 455 1001 529 1054; x_wconf 91' lang='lat' dir='ltr'>illius</span> <span class='ocrx_word' id='word_1_42' title='bbox 544 1000 608 1053; x_wconf 84' lang='lat' dir='ltr'>libri</span> <span class='ocrx_word' id='word_1_43' title='bbox 622 1017 683 1070; x_wconf 87' lang='lat' dir='ltr'>cap.</span> <span class='ocrx_word' id='word_1_44' title='bbox 700 1000 727 1054; x_wconf 89' lang='lat'>3.</span> <span class='ocrx_word' id='word_1_45' title='bbox 743 1001 814 1053; x_wconf 91' lang='lat' dir='ltr'>baeo</span> <span class='ocrx_word' id='word_1_46' title='bbox 827 1001 890 1070; x_wconf 90' lang='lat' dir='ltr'>ipsa</span> <span class='ocrx_word' id='word_1_47' title='bbox 904 1002 1031 1070; x_wconf 75' lang='lat' dir='ltr'>quaestio</span> <span class='ocrx_word' id='word_1_48' title='bbox 1046 1002 1190 1061; x_wconf 85' lang='lat' dir='ltr'>enodatur.</span> <span class='ocrx_word' id='word_1_49' title='bbox 1213 1008 1243 1055; x_wconf 87' lang='lat' dir='ltr'>et</span> <span class='ocrx_word' id='word_1_50' title='bbox 1257 1001 1331 1055; x_wconf 89' lang='lat' dir='ltr'>inter</span> <span class='ocrx_word' id='word_1_51' title='bbox 1344 1000 1527 1056; x_wconf 81' lang='lat' dir='ltr'>fundamenta</span> 
     </span>
     <span class='ocr_line' id='line_1_8' title="bbox 161 1081 1526 1153; baseline -0.001 -16"><span class='ocrx_word' id='word_1_52' title='bbox 161 1083 317 1146; x_wconf 70' lang='lat' dir='ltr'>assumitur,</span> <span class='ocrx_word' id='word_1_53' title='bbox 342 1082 440 1152; x_wconf 89' lang='lat' dir='ltr'>quibus</span> <span class='ocrx_word' id='word_1_54' title='bbox 454 1082 666 1144; x_wconf 86' lang='lat' dir='ltr'>demonstratur,</span> <span class='ocrx_word' id='word_1_55' title='bbox 691 1087 781 1135; x_wconf 91' lang='lat' dir='ltr'>motus</span> <span class='ocrx_word' id='word_1_56' title='bbox 794 1081 970 1149; x_wconf 82' lang='lat' dir='ltr'>planetarum</span> <span class='ocrx_word' id='word_1_57' title='bbox 984 1088 1124 1135; x_wconf 89' lang='lat' dir='ltr'>extremos</span> <span class='ocrx_word' id='word_1_58' title='bbox 1139 1081 1273 1135; x_wconf 78' lang='lat' dir='ltr'>contineri</span> <span class='ocrx_word' id='word_1_59' title='bbox 1297 1081 1526 1153; x_wconf 65' lang='lat' dir='ltr'>proportionibus</span> 
     </span>
     <span class='ocr_line' id='line_1_9' title="bbox 161 1160 1527 1233; baseline -0.001 -16"><span class='ocrx_word' id='word_1_60' title='bbox 161 1161 333 1217; x_wconf 71' lang='lat' dir='ltr'>harmonicis.</span> <span class='ocrx_word' id='word_1_61' title='bbox 374 1161 436 1216; x_wconf 85' lang='lat' dir='ltr'>Etsi</span> <span class='ocrx_word' id='word_1_62' title='bbox 449 1177 515 1214; x_wconf 83' lang='lat' dir='ltr'>sero</span> <span class='ocrx_word' id='word_1_63' title='bbox 536 1161 564 1214; x_wconf 94' lang='lat' dir='ltr'>in</span> <span class='ocrx_word' id='word_1_64' title='bbox 577 1161 630 1214; x_wconf 93' lang='lat' dir='ltr'>hoo</span> <span class='ocrx_word' id='word_1_65' title='bbox 644 1160 736 1230; x_wconf 88' lang='lat' dir='ltr'>capite</span> <span class='ocrx_word' id='word_1_66' title='bbox 752 1163 868 1215; x_wconf 92' lang='lat' dir='ltr'>nondum</span> <span class='ocrx_word' id='word_1_67' title='bbox 888 1169 1032 1215; x_wconf 88' lang='lat' dir='ltr'>assecutus</span> <span class='ocrx_word' id='word_1_68' title='bbox 1053 1178 1113 1215; x_wconf 89' lang='lat' dir='ltr'>sum</span> <span class='ocrx_word' id='word_1_69' title='bbox 1137 1162 1208 1231; x_wconf 90' lang='lat' dir='ltr'>quod</span> <span class='ocrx_word' id='word_1_70' title='bbox 1228 1165 1408 1231; x_wconf 72' lang='lat' dir='ltr'>quaerebam,</span> <span class='ocrx_word' id='word_1_71' title='bbox 1432 1162 1527 1233; x_wconf 82' lang='lat' dir='ltr'>plera·</span> 
     </span>
     <span class='ocr_line' id='line_1_10' title="bbox 162 1239 1526 1315; baseline 0.001 -19"><span class='ocrx_word' id='word_1_72' title='bbox 162 1239 622 1315; x_wconf 87' lang='lat' dir='ltr'>quotamenadbibitaprinoipia,</span> <span class='ocrx_word' id='word_1_73' title='bbox 645 1240 829 1311; x_wconf 87' lang='lat' dir='ltr'>quaemihi</span> <span class='ocrx_word' id='word_1_74' title='bbox 816 1257 877 1308; x_wconf 74' lang='lat' dir='ltr'>Jam</span> <span class='ocrx_word' id='word_1_75' title='bbox 901 1248 958 1295; x_wconf 90' lang='lat' dir='ltr'>tum</span> <span class='ocrx_word' id='word_1_76' title='bbox 977 1248 1096 1296; x_wconf 89' lang='lat' dir='ltr'>naturae</span> <span class='ocrx_word' id='word_1_77' title='bbox 1115 1257 1206 1295; x_wconf 89' lang='lat' dir='ltr'>rerum</span> <span class='ocrx_word' id='word_1_78' title='bbox 1220 1242 1387 1297; x_wconf 84' lang='lat' dir='ltr'>ridebantur</span> <span class='ocrx_word' id='word_1_79' title='bbox 1410 1258 1526 1297; x_wconf 83' lang='lat' dir='ltr'>conscu-</span> 
     </span>
     <span class='ocr_line' id='line_1_11' title="bbox 162 1320 1526 1390; baseline 0.001 -14"><span class='ocrx_word' id='word_1_80' title='bbox 162 1332 254 1387; x_wconf 84' lang='lat' dir='ltr'>tanea,</span> <span class='ocrx_word' id='word_1_81' title='bbox 280 1323 434 1376; x_wconf 87' lang='lat' dir='ltr'>certissima</span> <span class='ocrx_word' id='word_1_82' title='bbox 456 1328 486 1374; x_wconf 89' lang='lat' dir='ltr'>et</span> <span class='ocrx_word' id='word_1_83' title='bbox 503 1321 570 1375; x_wconf 88' lang='lat' dir='ltr'>totis</span> <span class='ocrx_word' id='word_1_84' title='bbox 592 1321 635 1374; x_wconf 90' lang='lat' dir='ltr'>bis</span> <span class='ocrx_word' id='word_1_85' title='bbox 651 1321 688 1374; x_wconf 86' lang='lat'>25</span> <span class='ocrx_word' id='word_1_86' title='bbox 703 1320 781 1374; x_wconf 89' lang='lat' dir='ltr'>annis</span> <span class='ocrx_word' id='word_1_87' title='bbox 795 1321 941 1375; x_wconf 87' lang='lat' dir='ltr'>utilissima</span> <span class='ocrx_word' id='word_1_88' title='bbox 964 1339 1024 1376; x_wconf 90' lang='lat' dir='ltr'>sum</span> <span class='ocrx_word' id='word_1_89' title='bbox 1039 1327 1191 1390; x_wconf 87' lang='lat' dir='ltr'>expertus:</span> <span class='ocrx_word' id='word_1_90' title='bbox 1215 1323 1382 1390; x_wconf 86' lang='lat' dir='ltr'>praesertim</span> <span class='ocrx_word' id='word_1_91' title='bbox 1405 1323 1434 1377; x_wconf 93' lang='lat' dir='ltr'>in</span> <span class='ocrx_word' id='word_1_92' title='bbox 1449 1322 1526 1377; x_wconf 85' lang='lat' dir='ltr'>con·</span> 
     </span>
     <span class='ocr_line' id='line_1_12' title="bbox 163 1401 801 1470; baseline -0.008 -13"><span class='ocrx_word' id='word_1_93' title='bbox 163 1402 304 1457; x_wconf 91' lang='lat' dir='ltr'>mentariis</span> <span class='ocrx_word' id='word_1_94' title='bbox 325 1405 359 1456; x_wconf 90' lang='lat' dir='ltr'>de</span> <span class='ocrx_word' id='word_1_95' title='bbox 380 1401 499 1455; x_wconf 90' lang='lat' dir='ltr'>motibus</span> <span class='ocrx_word' id='word_1_96' title='bbox 520 1401 629 1464; x_wconf 84' lang='lat' dir='ltr'>Martis,</span> <span class='ocrx_word' id='word_1_97' title='bbox 651 1407 732 1470; x_wconf 84' lang='lat' dir='ltr'>parte</span> <span class='ocrx_word' id='word_1_98' title='bbox 754 1402 801 1454; x_wconf 90' lang='lat' dir='ltr'>lV.</span> 
     </span>
    </p>

    <p class='ocr_par' dir='ltr' id='par_1_5' title="bbox 241 1458 1057 1550">
     <span class='ocr_line' id='line_1_13' title="bbox 241 1458 1057 1550; baseline -0.004 -13.924"><span class='ocrx_word' id='word_1_99' title='bbox 241 1480 273 1549; x_wconf 90' lang='lat' dir='ltr'>b)</span> <span class='ocrx_word' id='word_1_100' title='bbox 296 1482 371 1545; x_wconf 87' lang='lat' dir='ltr'>Quas</span> <span class='ocrx_word' id='word_1_101' title='bbox 392 1482 484 1536; x_wconf 89' lang='lat' dir='ltr'>nullas</span> <span class='ocrx_word' id='word_1_102' title='bbox 506 1498 568 1535; x_wconf 86' lang='lat' dir='ltr'>esse</span> <span class='ocrx_word' id='word_1_103' title='bbox 589 1480 734 1550; x_wconf 82' lang='lat' dir='ltr'>probavi&#39;</span> <span class='ocrx_word' id='word_1_104' title='bbox 727 1499 755 1534; x_wconf 90' lang='grc' dir='ltr'>ιιι</span> <span class='ocrx_word' id='word_1_105' title='bbox 776 1481 925 1534; x_wconf 81' lang='lat' dir='ltr'>comment.</span> <span class='ocrx_word' id='word_1_106' title='bbox 948 1458 1057 1535; x_wconf 85' lang='lat' dir='ltr'>Martis.</span> 
     </span>
    </p>

    <p class='ocr_par' dir='ltr' id='par_1_6' title="bbox 159 1559 1527 2191">
     <span class='ocr_line' id='line_1_14' title="bbox 241 1559 1526 1632; baseline -0.002 -14.976"><span class='ocrx_word' id='word_1_107' title='bbox 241 1559 316 1628; x_wconf 89' lang='lat' dir='ltr'>c)Si</span> <span class='ocrx_word' id='word_1_108' title='bbox 338 1580 388 1632; x_wconf 94' lang='lat' dir='ltr'>pro</span> <span class='ocrx_word' id='word_1_109' title='bbox 409 1579 477 1615; x_wconf 77' lang='lat' dir='ltr'>soce</span> <span class='ocrx_word' id='word_1_110' title='bbox 498 1561 614 1615; x_wconf 86' lang='lat' dir='ltr'>anima</span> <span class='ocrx_word' id='word_1_111' title='bbox 633 1578 727 1614; x_wconf 85' lang='lat' dir='ltr'>rocem</span> <span class='ocrx_word' id='word_1_112' title='bbox 749 1560 812 1614; x_wconf 82' lang='lat' dir='ltr'>vim</span> <span class='ocrx_word' id='word_1_113' title='bbox 840 1561 1006 1623; x_wconf 88' lang='lat' dir='ltr'>substituas,</span> <span class='ocrx_word' id='word_1_114' title='bbox 1039 1562 1127 1615; x_wconf 87' lang='lat' dir='ltr'>habes</span> <span class='ocrx_word' id='word_1_115' title='bbox 1155 1562 1321 1632; x_wconf 89' lang='lat' dir='ltr'>ipsissimum</span> <span class='ocrx_word' id='word_1_116' title='bbox 1353 1560 1526 1630; x_wconf 80' lang='lat' dir='ltr'>principium.</span> 
     </span>
     <span class='ocr_line' id='line_1_15' title="bbox 163 1638 1527 1714; baseline -0.001 -18"><span class='ocrx_word' id='word_1_117' title='bbox 163 1661 199 1698; x_wconf 86' lang='lat' dir='ltr'>ex</span> <span class='ocrx_word' id='word_1_118' title='bbox 222 1659 274 1714; x_wconf 89' lang='lat' dir='ltr'>quo</span> <span class='ocrx_word' id='word_1_119' title='bbox 295 1643 414 1713; x_wconf 77' lang='lat' dir='ltr'>physica</span> <span class='ocrx_word' id='word_1_120' title='bbox 434 1641 592 1695; x_wconf 89' lang='lat' dir='ltr'>coelestis&#39;</span> <span class='ocrx_word' id='word_1_121' title='bbox 585 1659 612 1694; x_wconf 89' lang='grc' dir='ltr'>ιιι</span> <span class='ocrx_word' id='word_1_122' title='bbox 634 1641 782 1695; x_wconf 86' lang='lat' dir='ltr'>Comment.</span> <span class='ocrx_word' id='word_1_123' title='bbox 804 1641 904 1694; x_wconf 84' lang='lat' dir='ltr'>Martis</span> <span class='ocrx_word' id='word_1_124' title='bbox 932 1647 976 1693; x_wconf 89' lang='lat' dir='ltr'>est</span> <span class='ocrx_word' id='word_1_125' title='bbox 996 1640 1163 1706; x_wconf 87' lang='lat' dir='ltr'>constituta,</span> <span class='ocrx_word' id='word_1_126' title='bbox 1188 1650 1219 1696; x_wconf 92' lang='lat' dir='ltr'>et</span> <span class='ocrx_word' id='word_1_127' title='bbox 1245 1643 1293 1696; x_wconf 92' lang='lat' dir='ltr'>lib.</span> <span class='ocrx_word' id='word_1_128' title='bbox 1315 1641 1362 1695; x_wconf 88' lang='lat' dir='ltr'>IV.</span> <span class='ocrx_word' id='word_1_129' title='bbox 1383 1638 1527 1711; x_wconf 82' lang='lat' dir='ltr'>Epitomas</span> 
     </span>
     <span class='ocr_line' id='line_1_16' title="bbox 162 1719 1527 1792; baseline -0.002 -16"><span class='ocrx_word' id='word_1_130' title='bbox 162 1726 237 1776; x_wconf 79' lang='lat' dir='ltr'>Astr.</span> <span class='ocrx_word' id='word_1_131' title='bbox 259 1723 382 1777; x_wconf 84' lang='lat' dir='ltr'>exculta.</span> <span class='ocrx_word' id='word_1_132' title='bbox 426 1721 496 1775; x_wconf 85' lang='lat' dir='ltr'>Olim</span> <span class='ocrx_word' id='word_1_133' title='bbox 524 1719 595 1774; x_wconf 90' lang='lat' dir='ltr'>enim</span> <span class='ocrx_word' id='word_1_134' title='bbox 617 1737 728 1774; x_wconf 89' lang='lat' dir='ltr'>causam</span> <span class='ocrx_word' id='word_1_135' title='bbox 748 1728 902 1774; x_wconf 87' lang='lat' dir='ltr'>moventem</span> <span class='ocrx_word' id='word_1_136' title='bbox 930 1721 1061 1789; x_wconf 83' lang='lat' dir='ltr'>planetas</span> <span class='ocrx_word' id='word_1_137' title='bbox 1082 1723 1211 1776; x_wconf 88' lang='lat' dir='ltr'>absolute</span> <span class='ocrx_word' id='word_1_138' title='bbox 1238 1723 1358 1792; x_wconf 85' lang='lat' dir='ltr'>animam</span> <span class='ocrx_word' id='word_1_139' title='bbox 1384 1738 1448 1774; x_wconf 84' lang='lat' dir='ltr'>esso</span> <span class='ocrx_word' id='word_1_140' title='bbox 1470 1737 1527 1774; x_wconf 81' lang='lat' dir='ltr'>cro·</span> 
     </span>
     <span class='ocr_line' id='line_1_17' title="bbox 162 1800 1526 1873; baseline -0.001 -17"><span class='ocrx_word' id='word_1_141' title='bbox 162 1805 275 1866; x_wconf 91' lang='lat' dir='ltr'>debam,</span> <span class='ocrx_word' id='word_1_142' title='bbox 308 1803 409 1873; x_wconf 90' lang='lat' dir='ltr'>quippe</span> <span class='ocrx_word' id='word_1_143' title='bbox 435 1802 554 1854; x_wconf 89' lang='lat' dir='ltr'>imbutus</span> <span class='ocrx_word' id='word_1_144' title='bbox 583 1801 760 1872; x_wconf 76' lang='lat' dir='ltr'>dogmatibus</span> <span class='ocrx_word' id='word_1_145' title='bbox 787 1803 813 1855; x_wconf 89' lang='lat' dir='ltr'>J.</span> <span class='ocrx_word' id='word_1_146' title='bbox 836 1802 865 1854; x_wconf 87' lang='lat' dir='ltr'>C.</span> <span class='ocrx_word' id='word_1_147' title='bbox 893 1800 1043 1870; x_wconf 75' lang='lat' dir='ltr'>scaligeri,</span> <span class='ocrx_word' id='word_1_148' title='bbox 1074 1803 1108 1854; x_wconf 92' lang='lat' dir='ltr'>de</span> <span class='ocrx_word' id='word_1_149' title='bbox 1135 1803 1293 1866; x_wconf 86' lang='lat' dir='ltr'>motricibus</span> <span class='ocrx_word' id='word_1_150' title='bbox 1320 1800 1526 1872; x_wconf 72' lang='lat' dir='ltr'>intelligentiis.</span> 
     </span>
     <span class='ocr_line' id='line_1_18' title="bbox 161 1879 1527 1953; baseline -0.001 -17"><span class='ocrx_word' id='word_1_151' title='bbox 161 1887 201 1936; x_wconf 85' lang='lat' dir='ltr'>At</span> <span class='ocrx_word' id='word_1_152' title='bbox 221 1898 281 1936; x_wconf 91' lang='lat' dir='ltr'>cum</span> <span class='ocrx_word' id='word_1_153' title='bbox 302 1885 515 1953; x_wconf 83' lang='lat' dir='ltr'>perpenderem,</span> <span class='ocrx_word' id='word_1_154' title='bbox 538 1882 609 1934; x_wconf 90' lang='lat' dir='ltr'>hanc</span> <span class='ocrx_word' id='word_1_155' title='bbox 630 1897 742 1934; x_wconf 86' lang='lat' dir='ltr'>causam</span> <span class='ocrx_word' id='word_1_156' title='bbox 765 1881 904 1934; x_wconf 85' lang='lat' dir='ltr'>matricem</span> <span class='ocrx_word' id='word_1_157' title='bbox 925 1880 1064 1934; x_wconf 89' lang='lat' dir='ltr'>debilitari</span> <span class='ocrx_word' id='word_1_158' title='bbox 1086 1899 1146 1935; x_wconf 91' lang='lat' dir='ltr'>cum</span> <span class='ocrx_word' id='word_1_159' title='bbox 1167 1883 1317 1945; x_wconf 85' lang='lat' dir='ltr'>distantia,</span> <span class='ocrx_word' id='word_1_160' title='bbox 1339 1881 1433 1935; x_wconf 90' lang='lat' dir='ltr'>lumen</span> <span class='ocrx_word' id='word_1_161' title='bbox 1455 1879 1527 1935; x_wconf 86' lang='lat' dir='ltr'>Solis</span> 
     </span>
     <span class='ocr_line' id='line_1_19' title="bbox 163 1960 1525 2030; baseline -0.001 -14"><span class='ocrx_word' id='word_1_162' title='bbox 163 1963 247 2016; x_wconf 89' lang='lat' dir='ltr'>etiam</span> <span class='ocrx_word' id='word_1_163' title='bbox 269 1962 409 2016; x_wconf 86' lang='lat' dir='ltr'>attenuari</span> <span class='ocrx_word' id='word_1_164' title='bbox 432 1978 493 2015; x_wconf 88' lang='lat' dir='ltr'>cum</span> <span class='ocrx_word' id='word_1_165' title='bbox 513 1961 647 2014; x_wconf 86' lang='lat' dir='ltr'>distantia</span> <span class='ocrx_word' id='word_1_166' title='bbox 669 1976 687 2012; x_wconf 88' lang='lat' dir='ltr'>a</span> <span class='ocrx_word' id='word_1_167' title='bbox 706 1961 785 2016; x_wconf 86' lang='lat' dir='ltr'>Sole:</span> <span class='ocrx_word' id='word_1_168' title='bbox 817 1961 880 2013; x_wconf 92' lang='lat' dir='ltr'>binc</span> <span class='ocrx_word' id='word_1_169' title='bbox 901 1960 1020 2014; x_wconf 90' lang='lat' dir='ltr'>conclusi</span> <span class='ocrx_word' id='word_1_170' title='bbox 1041 1961 1095 2013; x_wconf 76' lang='lat' dir='ltr'>vim</span> <span class='ocrx_word' id='word_1_171' title='bbox 1115 1963 1187 2016; x_wconf 90' lang='lat' dir='ltr'>banc</span> <span class='ocrx_word' id='word_1_172' title='bbox 1208 1981 1269 2017; x_wconf 90' lang='lat' dir='ltr'>esse</span> <span class='ocrx_word' id='word_1_173' title='bbox 1292 1978 1456 2030; x_wconf 90' lang='lat' dir='ltr'>corporeum</span> <span class='ocrx_word' id='word_1_174' title='bbox 1476 1960 1525 2015; x_wconf 79' lang='lat' dir='ltr'>ab·</span> 
     </span>
     <span class='ocr_line' id='line_1_20' title="bbox 164 2040 1527 2113; baseline 0 -18"><span class='ocrx_word' id='word_1_175' title='bbox 164 2042 235 2113; x_wconf 92' lang='lat' dir='ltr'>quid,</span> <span class='ocrx_word' id='word_1_176' title='bbox 258 2043 280 2094; x_wconf 91' lang='lat' dir='ltr'>si</span> <span class='ocrx_word' id='word_1_177' title='bbox 303 2060 357 2096; x_wconf 94' lang='lat' dir='ltr'>non</span> <span class='ocrx_word' id='word_1_178' title='bbox 377 2041 488 2111; x_wconf 88' lang='lat' dir='ltr'>proprie</span> <span class='ocrx_word' id='word_1_179' title='bbox 509 2041 609 2093; x_wconf 89' lang='lat' dir='ltr'>saltem</span> <span class='ocrx_word' id='word_1_180' title='bbox 631 2040 794 2109; x_wconf 77' lang='lat' dir='ltr'>aequivoce;</span> <span class='ocrx_word' id='word_1_181' title='bbox 817 2040 887 2094; x_wconf 89' lang='lat' dir='ltr'>sicut</span> <span class='ocrx_word' id='word_1_182' title='bbox 908 2041 999 2093; x_wconf 92' lang='lat' dir='ltr'>lumen</span> <span class='ocrx_word' id='word_1_183' title='bbox 1020 2040 1133 2095; x_wconf 89' lang='lat' dir='ltr'>dicimus</span> <span class='ocrx_word' id='word_1_184' title='bbox 1148 2059 1210 2096; x_wconf 90' lang='lat' dir='ltr'>esse</span> <span class='ocrx_word' id='word_1_185' title='bbox 1231 2042 1334 2113; x_wconf 91' lang='lat' dir='ltr'>aliquid</span> <span class='ocrx_word' id='word_1_186' title='bbox 1355 2056 1527 2111; x_wconf 83' lang='lat' dir='ltr'>corporeum,</span> 
     </span>
     <span class='ocr_line' id='line_1_21' title="bbox 159 2120 1068 2191; baseline -0.002 -16"><span class='ocrx_word' id='word_1_187' title='bbox 159 2122 190 2175; x_wconf 80' lang='lat' dir='ltr'>,id</span> <span class='ocrx_word' id='word_1_188' title='bbox 212 2129 264 2186; x_wconf 88' lang='lat' dir='ltr'>est,</span> <span class='ocrx_word' id='word_1_189' title='bbox 287 2122 405 2191; x_wconf 90' lang='lat' dir='ltr'>speciem</span> <span class='ocrx_word' id='word_1_190' title='bbox 428 2138 446 2174; x_wconf 91' lang='lat' dir='ltr'>a</span> <span class='ocrx_word' id='word_1_191' title='bbox 466 2137 580 2189; x_wconf 87' lang='lat' dir='ltr'>corpore</span> <span class='ocrx_word' id='word_1_192' title='bbox 602 2121 754 2189; x_wconf 89' lang='lat' dir='ltr'>delapsam,</span> <span class='ocrx_word' id='word_1_193' title='bbox 776 2122 824 2173; x_wconf 90' lang='lat' dir='ltr'>sed</span> <span class='ocrx_word' id='word_1_194' title='bbox 845 2120 1068 2173; x_wconf 84' lang='lat' dir='ltr'>immateriatam.</span> 
     </span>
    </p>

    <p class='ocr_par' dir='ltr' id='par_1_7' title="bbox 165 2199 1530 2349">
     <span class='ocr_line' id='line_1_22' title="bbox 244 2199 1530 2266; baseline 0.002 -13"><span class='ocrx_word' id='word_1_195' title='bbox 244 2201 272 2266; x_wconf 84' lang='lat' dir='ltr'>d)</span> <span class='ocrx_word' id='word_1_196' title='bbox 295 2201 426 2255; x_wconf 90' lang='lat' dir='ltr'>Nimirum</span> <span class='ocrx_word' id='word_1_197' title='bbox 447 2201 536 2254; x_wconf 93' lang='lat' dir='ltr'>locum</span> <span class='ocrx_word' id='word_1_198' title='bbox 558 2199 663 2255; x_wconf 85' lang='lat' dir='ltr'>iureuit</span> <span class='ocrx_word' id='word_1_199' title='bbox 683 2199 712 2252; x_wconf 96' lang='lat' dir='ltr'>in</span> <span class='ocrx_word' id='word_1_200' title='bbox 734 2201 882 2254; x_wconf 86' lang='lat' dir='ltr'>Comment.</span> <span class='ocrx_word' id='word_1_201' title='bbox 904 2200 1003 2253; x_wconf 86' lang='lat' dir='ltr'>Martis</span> <span class='ocrx_word' id='word_1_202' title='bbox 1030 2217 1102 2254; x_wconf 91' lang='lat' dir='ltr'>anno</span> <span class='ocrx_word' id='word_1_203' title='bbox 1127 2202 1202 2255; x_wconf 87' lang='grc'><strong>1609</strong></span> <span class='ocrx_word' id='word_1_204' title='bbox 1224 2201 1320 2256; x_wconf 88' lang='lat' dir='ltr'>editis:</span> <span class='ocrx_word' id='word_1_205' title='bbox 1352 2202 1415 2255; x_wconf 89' lang='lat' dir='ltr'>inde</span> <span class='ocrx_word' id='word_1_206' title='bbox 1437 2209 1530 2256; x_wconf 83' lang='lat' dir='ltr'>truns-</span> 
     </span>
     <span class='ocr_line' id='line_1_23' title="bbox 165 2279 1117 2349; baseline -0.002 -13"><span class='ocrx_word' id='word_1_207' title='bbox 165 2289 256 2336; x_wconf 92' lang='lat' dir='ltr'>sumta</span> <span class='ocrx_word' id='word_1_208' title='bbox 277 2288 321 2335; x_wconf 89' lang='lat' dir='ltr'>est</span> <span class='ocrx_word' id='word_1_209' title='bbox 342 2296 447 2334; x_wconf 87' lang='lat' dir='ltr'>summa</span> <span class='ocrx_word' id='word_1_210' title='bbox 467 2279 508 2333; x_wconf 90' lang='lat' dir='ltr'>rei</span> <span class='ocrx_word' id='word_1_211' title='bbox 529 2286 559 2332; x_wconf 92' lang='lat' dir='ltr'>et</span> <span class='ocrx_word' id='word_1_212' title='bbox 580 2280 701 2349; x_wconf 88' lang='lat' dir='ltr'>repetita</span> <span class='ocrx_word' id='word_1_213' title='bbox 722 2279 748 2333; x_wconf 89' lang='lat' dir='ltr'>in</span> <span class='ocrx_word' id='word_1_214' title='bbox 769 2280 845 2349; x_wconf 91' lang='lat' dir='ltr'>Epit.</span> <span class='ocrx_word' id='word_1_215' title='bbox 866 2285 978 2334; x_wconf 80' lang='lat' dir='ltr'>Astron.</span> <span class='ocrx_word' id='word_1_216' title='bbox 1001 2281 1048 2334; x_wconf 91' lang='lat' dir='ltr'>lib.</span> <span class='ocrx_word' id='word_1_217' title='bbox 1071 2282 1117 2334; x_wconf 90' lang='lat' dir='ltr'>lV.</span> 
     </span>
    </p>

    <p class='ocr_par' dir='ltr' id='par_1_8' title="bbox 244 2358 1433 2429">
     <span class='ocr_line' id='line_1_24' title="bbox 244 2358 1433 2429; baseline 0.003 -16"><span class='ocrx_word' id='word_1_218' title='bbox 244 2358 271 2426; x_wconf 88' lang='lat' dir='ltr'>e)</span> <span class='ocrx_word' id='word_1_219' title='bbox 294 2363 372 2415; x_wconf 85' lang='lat' dir='ltr'>Haec</span> <span class='ocrx_word' id='word_1_220' title='bbox 393 2360 484 2414; x_wconf 91' lang='lat' dir='ltr'>omnia</span> <span class='ocrx_word' id='word_1_221' title='bbox 504 2359 562 2414; x_wconf 89' lang='lat' dir='ltr'>sine</span> <span class='ocrx_word' id='word_1_222' title='bbox 583 2360 643 2412; x_wconf 89' lang='lat' dir='ltr'>ulla</span> <span class='ocrx_word' id='word_1_223' title='bbox 662 2360 815 2414; x_wconf 86' lang='lat' dir='ltr'>mutatione</span> <span class='ocrx_word' id='word_1_224' title='bbox 837 2361 933 2414; x_wconf 86' lang='lat' dir='ltr'>valent</span> <span class='ocrx_word' id='word_1_225' title='bbox 954 2360 1038 2414; x_wconf 90' lang='lat' dir='ltr'>etiam</span> <span class='ocrx_word' id='word_1_226' title='bbox 1059 2360 1085 2414; x_wconf 93' lang='lat' dir='ltr'>in</span> <span class='ocrx_word' id='word_1_227' title='bbox 1108 2361 1257 2416; x_wconf 86' lang='lat' dir='ltr'>Commeat.</span> <span class='ocrx_word' id='word_1_228' title='bbox 1279 2361 1388 2416; x_wconf 85' lang='lat' dir='ltr'>Martis.</span> <span class='ocrx_word' id='word_1_229' title='bbox 1429 2423 1433 2429; x_wconf 88' lang='lat'>.</span> 
     </span>
    </p>

    <p class='ocr_par' dir='ltr' id='par_1_9' title="bbox 164 2437 1558 2992">
     <span class='ocr_line' id='line_1_25' title="bbox 245 2437 1528 2513; baseline 0.003 -20"><span class='ocrx_word' id='word_1_230' title='bbox 245 2437 272 2510; x_wconf 89' lang='lat' dir='ltr'>f)</span> <span class='ocrx_word' id='word_1_231' title='bbox 294 2441 347 2495; x_wconf 88' lang='lat' dir='ltr'>Hic</span> <span class='ocrx_word' id='word_1_232' title='bbox 370 2457 446 2494; x_wconf 89' lang='lat' dir='ltr'>error</span> <span class='ocrx_word' id='word_1_233' title='bbox 469 2439 572 2509; x_wconf 88' lang='lat' dir='ltr'>incipit.</span> <span class='ocrx_word' id='word_1_234' title='bbox 610 2441 670 2493; x_wconf 88' lang='lat' dir='ltr'>Hoc</span> <span class='ocrx_word' id='word_1_235' title='bbox 684 2441 755 2494; x_wconf 92' lang='lat' dir='ltr'>enim</span> <span class='ocrx_word' id='word_1_236' title='bbox 770 2459 822 2494; x_wconf 92' lang='lat' dir='ltr'>non</span> <span class='ocrx_word' id='word_1_237' title='bbox 838 2446 882 2494; x_wconf 92' lang='lat' dir='ltr'>est</span> <span class='ocrx_word' id='word_1_238' title='bbox 896 2440 966 2493; x_wconf 90' lang='lat' dir='ltr'>idem</span> <span class='ocrx_word' id='word_1_239' title='bbox 987 2440 1015 2494; x_wconf 95' lang='lat' dir='ltr'>in</span> <span class='ocrx_word' id='word_1_240' title='bbox 1030 2441 1205 2506; x_wconf 84' lang='lat' dir='ltr'>contrarium,</span> <span class='ocrx_word' id='word_1_241' title='bbox 1230 2459 1289 2496; x_wconf 90' lang='lat' dir='ltr'>cum</span> <span class='ocrx_word' id='word_1_242' title='bbox 1305 2461 1338 2496; x_wconf 92' lang='lat' dir='ltr'>eo</span> <span class='ocrx_word' id='word_1_243' title='bbox 1358 2444 1432 2513; x_wconf 84' lang='lat' dir='ltr'>quod</span> <span class='ocrx_word' id='word_1_244' title='bbox 1446 2457 1528 2512; x_wconf 81' lang='lat' dir='ltr'>prae·</span> 
     </span>
     <span class='ocr_line' id='line_1_26' title="bbox 165 2519 1528 2592; baseline 0.001 -18"><span class='ocrx_word' id='word_1_245' title='bbox 165 2520 290 2584; x_wconf 89' lang='lat' dir='ltr'>mittitur,</span> <span class='ocrx_word' id='word_1_246' title='bbox 314 2521 374 2575; x_wconf 88' lang='lat' dir='ltr'>scil.</span> <span class='ocrx_word' id='word_1_247' title='bbox 398 2520 604 2592; x_wconf 89' lang='lat' dir='ltr'>elongationem</span> <span class='ocrx_word' id='word_1_248' title='bbox 628 2535 645 2573; x_wconf 98' lang='lat' dir='ltr'>a</span> <span class='ocrx_word' id='word_1_249' title='bbox 665 2519 730 2573; x_wconf 88' lang='lat' dir='ltr'>Sole</span> <span class='ocrx_word' id='word_1_250' title='bbox 754 2520 795 2574; x_wconf 92' lang='lat' dir='ltr'>bis</span> <span class='ocrx_word' id='word_1_251' title='bbox 817 2521 910 2574; x_wconf 83' lang='lat' dir='ltr'>iacere</span> <span class='ocrx_word' id='word_1_252' title='bbox 935 2522 969 2573; x_wconf 90' lang='lat' dir='ltr'>ad</span> <span class='ocrx_word' id='word_1_253' title='bbox 993 2523 1148 2591; x_wconf 85' lang='lat' dir='ltr'>augendam</span> <span class='ocrx_word' id='word_1_254' title='bbox 1177 2521 1327 2590; x_wconf 91' lang='lat' dir='ltr'>periodum.</span> <span class='ocrx_word' id='word_1_255' title='bbox 1368 2522 1415 2578; x_wconf 90' lang='lat' dir='ltr'>Sic</span> <span class='ocrx_word' id='word_1_256' title='bbox 1435 2530 1528 2576; x_wconf 84' lang='lat' dir='ltr'>autem</span> 
     </span>
     <span class='ocr_line' id='line_1_27' title="bbox 164 2598 1527 2677; baseline 0.001 -23"><span class='ocrx_word' id='word_1_257' title='bbox 164 2600 245 2677; x_wconf 77' lang='lat' dir='ltr'>debui</span> <span class='ocrx_word' id='word_1_258' title='bbox 260 2601 401 2672; x_wconf 88' lang='lat' dir='ltr'>colligere,</span> <span class='ocrx_word' id='word_1_259' title='bbox 424 2608 454 2654; x_wconf 90' lang='lat' dir='ltr'>et</span> <span class='ocrx_word' id='word_1_260' title='bbox 468 2606 564 2654; x_wconf 86' lang='lat' dir='ltr'>contra</span> <span class='ocrx_word' id='word_1_261' title='bbox 577 2599 781 2669; x_wconf 88' lang='lat' dir='ltr'>proportionem</span> <span class='ocrx_word' id='word_1_262' title='bbox 798 2602 970 2671; x_wconf 90' lang='lat' dir='ltr'>periodorum</span> <span class='ocrx_word' id='word_1_263' title='bbox 985 2602 1097 2669; x_wconf 91' lang='lat' dir='ltr'>duplam</span> <span class='ocrx_word' id='word_1_264' title='bbox 1118 2619 1180 2654; x_wconf 88' lang='lat' dir='ltr'>esse</span> <span class='ocrx_word' id='word_1_265' title='bbox 1201 2598 1394 2676; x_wconf 73' lang='grc' dir='ltr'><strong><em>ἀποςηματων</em></strong></span> <span class='ocrx_word' id='word_1_266' title='bbox 1414 2618 1527 2672; x_wconf 84' lang='lat' dir='ltr'>propor-</span> 
     </span>
     <span class='ocr_line' id='line_1_28' title="bbox 165 2678 1528 2753; baseline -0.001 -18"><span class='ocrx_word' id='word_1_267' title='bbox 165 2678 255 2744; x_wconf 88' lang='lat' dir='ltr'>tionis,</span> <span class='ocrx_word' id='word_1_268' title='bbox 278 2699 333 2735; x_wconf 90' lang='lat' dir='ltr'>uon</span> <span class='ocrx_word' id='word_1_269' title='bbox 348 2683 417 2752; x_wconf 91' lang='lat' dir='ltr'>quod</span> <span class='ocrx_word' id='word_1_270' title='bbox 433 2682 485 2734; x_wconf 91' lang='lat' dir='ltr'>boc</span> <span class='ocrx_word' id='word_1_271' title='bbox 499 2697 591 2733; x_wconf 85' lang='lat' dir='ltr'>verum</span> <span class='ocrx_word' id='word_1_272' title='bbox 607 2697 668 2733; x_wconf 88' lang='lat' dir='ltr'>esse</span> <span class='ocrx_word' id='word_1_273' title='bbox 683 2687 801 2744; x_wconf 88' lang='lat' dir='ltr'>teneam,</span> <span class='ocrx_word' id='word_1_274' title='bbox 825 2688 868 2734; x_wconf 88' lang='lat' dir='ltr'>est</span> <span class='ocrx_word' id='word_1_275' title='bbox 887 2681 959 2733; x_wconf 89' lang='lat' dir='ltr'>enim</span> <span class='ocrx_word' id='word_1_276' title='bbox 980 2681 1041 2748; x_wconf 83' lang='lat' dir='ltr'>ejus</span> <span class='ocrx_word' id='word_1_277' title='bbox 1066 2683 1253 2735; x_wconf 85' lang='lat' dir='ltr'>tautummodo</span> <span class='ocrx_word' id='word_1_278' title='bbox 1275 2683 1473 2753; x_wconf 86' lang='lat' dir='ltr'>sesquialtera,</span> <span class='ocrx_word' id='word_1_279' title='bbox 1496 2688 1528 2735; x_wconf 87' lang='lat' dir='ltr'>ut</span> 
     </span>
     <span class='ocr_line' id='line_1_29' title="bbox 165 2760 1523 2831; baseline -0.001 -16"><span class='ocrx_word' id='word_1_280' title='bbox 165 2760 319 2815; x_wconf 90' lang='lat' dir='ltr'>audiemus:</span> <span class='ocrx_word' id='word_1_281' title='bbox 345 2764 393 2815; x_wconf 92' lang='lat' dir='ltr'>sed</span> <span class='ocrx_word' id='word_1_282' title='bbox 417 2761 483 2831; x_wconf 84' lang='lat' dir='ltr'>quia</span> <span class='ocrx_word' id='word_1_283' title='bbox 505 2778 542 2815; x_wconf 86' lang='lat' dir='ltr'>ex</span> <span class='ocrx_word' id='word_1_284' title='bbox 557 2761 609 2813; x_wconf 92' lang='lat' dir='ltr'>hac</span> <span class='ocrx_word' id='word_1_285' title='bbox 633 2762 875 2830; x_wconf 87' lang='lat' dir='ltr'>argumentatione</span> <span class='ocrx_word' id='word_1_286' title='bbox 899 2761 951 2814; x_wconf 91' lang='lat' dir='ltr'>hoc</span> <span class='ocrx_word' id='word_1_287' title='bbox 970 2761 1095 2831; x_wconf 86' lang='lat' dir='ltr'>legitime</span> <span class='ocrx_word' id='word_1_288' title='bbox 1110 2762 1293 2831; x_wconf 84' lang='lat' dir='ltr'>sequebatur:</span> <span class='ocrx_word' id='word_1_289' title='bbox 1318 2763 1397 2816; x_wconf 83' lang='lat' dir='ltr'>vides</span> <span class='ocrx_word' id='word_1_290' title='bbox 1417 2762 1461 2817; x_wconf 87' lang='lat' dir='ltr'>uti</span> <span class='ocrx_word' id='word_1_291' title='bbox 1483 2761 1523 2816; x_wconf 86' lang='lat' dir='ltr'>hio</span> 
     </span>
     <span class='ocr_line' id='line_1_30' title="bbox 164 2840 1558 2916; baseline 0.003 -23"><span class='ocrx_word' id='word_1_292' title='bbox 164 2841 279 2895; x_wconf 92' lang='lat' dir='ltr'>medium</span> <span class='ocrx_word' id='word_1_293' title='bbox 303 2840 567 2896; x_wconf 90' lang='lat' dir='ltr'>arithmeticum</span> <span class='ocrx_word' id='word_1_294' title='bbox 593 2840 630 2894; x_wconf 89' lang='lat' dir='ltr'>sit</span> <span class='ocrx_word' id='word_1_295' title='bbox 653 2848 778 2903; x_wconf 83' lang='lat' dir='ltr'>sumtum,</span> <span class='ocrx_word' id='word_1_296' title='bbox 803 2858 854 2910; x_wconf 92' lang='lat' dir='ltr'>per</span> <span class='ocrx_word' id='word_1_297' title='bbox 874 2841 1088 2894; x_wconf 88' lang='lat' dir='ltr'>dimidiationem</span> <span class='ocrx_word' id='word_1_298' title='bbox 1104 2842 1285 2906; x_wconf 81' lang='lat' dir='ltr'>differentiae,</span> <span class='ocrx_word' id='word_1_299' title='bbox 1310 2860 1371 2896; x_wconf 92' lang='lat' dir='ltr'>cum</span> <span class='ocrx_word' id='word_1_300' title='bbox 1384 2842 1523 2897; x_wconf 79' lang='lat' dir='ltr'>debuisset</span> <span class='ocrx_word' id='word_1_301' title='bbox 1554 2900 1558 2916; x_wconf 44' lang='grc' dir='ltr'>Ι</span> 
     </span>
     <span class='ocr_line' id='line_1_31' title="bbox 164 2920 660 2992; baseline -0.002 -17"><span class='ocrx_word' id='word_1_302' title='bbox 164 2922 280 2975; x_wconf 89' lang='lat' dir='ltr'>medium</span> <span class='ocrx_word' id='word_1_303' title='bbox 303 2920 558 2992; x_wconf 89' lang='lat' dir='ltr'>geometricum</span> <span class='ocrx_word' id='word_1_304' title='bbox 582 2920 660 2974; x_wconf 87' lang='lat' dir='ltr'>sumi.</span> 
     </span>
    </p>

    <p class='ocr_par' dir='ltr' id='par_1_10' title="bbox 131 2998 1543 3554">
     <span class='ocr_line' id='line_1_32' title="bbox 243 2998 1522 3073; baseline 0.001 -18"><span class='ocrx_word' id='word_1_305' title='bbox 243 2999 274 3073; x_wconf 87' lang='lat' dir='ltr'>g)</span> <span class='ocrx_word' id='word_1_306' title='bbox 294 3001 410 3072; x_wconf 91' lang='lat' dir='ltr'>Propius</span> <span class='ocrx_word' id='word_1_307' title='bbox 425 3018 493 3055; x_wconf 88' lang='lat' dir='ltr'>sane</span> <span class='ocrx_word' id='word_1_308' title='bbox 516 3018 567 3070; x_wconf 90' lang='lat' dir='ltr'>per</span> <span class='ocrx_word' id='word_1_309' title='bbox 581 3001 666 3054; x_wconf 91' lang='lat' dir='ltr'>talem</span> <span class='ocrx_word' id='word_1_310' title='bbox 680 2998 873 3052; x_wconf 84' lang='lat' dir='ltr'>mediationem</span> <span class='ocrx_word' id='word_1_311' title='bbox 887 2999 1104 3064; x_wconf 87' lang='lat' dir='ltr'>arithmeticam,</span> <span class='ocrx_word' id='word_1_312' title='bbox 1134 3018 1215 3072; x_wconf 88' lang='lat' dir='ltr'>quam</span> <span class='ocrx_word' id='word_1_313' title='bbox 1243 3018 1293 3071; x_wconf 87' lang='lat' dir='ltr'>per</span> <span class='ocrx_word' id='word_1_314' title='bbox 1320 3002 1522 3072; x_wconf 76' lang='lat' dir='ltr'>geometricam.</span> 
     </span>
     <span class='ocr_line' id='line_1_33' title="bbox 164 3080 1522 3154; baseline -0.001 -17"><span class='ocrx_word' id='word_1_315' title='bbox 164 3083 287 3154; x_wconf 83' lang='lat' dir='ltr'>quamvis</span> <span class='ocrx_word' id='word_1_316' title='bbox 311 3082 482 3153; x_wconf 89' lang='lat' dir='ltr'>geometrica</span> <span class='ocrx_word' id='word_1_317' title='bbox 505 3080 630 3152; x_wconf 83' lang='lat' dir='ltr'>legitime</span> <span class='ocrx_word' id='word_1_318' title='bbox 651 3080 868 3133; x_wconf 83' lang='lat' dir='ltr'>concludebatur</span> <span class='ocrx_word' id='word_1_319' title='bbox 888 3099 924 3134; x_wconf 85' lang='lat' dir='ltr'>ex</span> <span class='ocrx_word' id='word_1_320' title='bbox 947 3081 1075 3135; x_wconf 86' lang='lat' dir='ltr'>assumtis</span> <span class='ocrx_word' id='word_1_321' title='bbox 1092 3082 1248 3152; x_wconf 89' lang='lat' dir='ltr'>principiis;</span> <span class='ocrx_word' id='word_1_322' title='bbox 1274 3082 1417 3152; x_wconf 84' lang='lat' dir='ltr'>quiscum</span> <span class='ocrx_word' id='word_1_323' title='bbox 1430 3096 1522 3137; x_wconf 82' lang='lat' dir='ltr'>revers</span> 
     </span>
     <span class='ocr_line' id='line_1_34' title="bbox 164 3159 1543 3233; baseline 0 -17"><span class='ocrx_word' id='word_1_324' title='bbox 164 3163 201 3217; x_wconf 92' lang='lat' dir='ltr'>sit</span> <span class='ocrx_word' id='word_1_325' title='bbox 222 3162 364 3233; x_wconf 92' lang='lat' dir='ltr'>proportio</span> <span class='ocrx_word' id='word_1_326' title='bbox 387 3161 574 3232; x_wconf 89' lang='lat' dir='ltr'>proportionis</span> <span class='ocrx_word' id='word_1_327' title='bbox 598 3178 652 3214; x_wconf 94' lang='lat' dir='ltr'>non</span> <span class='ocrx_word' id='word_1_328' title='bbox 676 3161 769 3228; x_wconf 89' lang='lat' dir='ltr'>dupla,</span> <span class='ocrx_word' id='word_1_329' title='bbox 797 3162 844 3212; x_wconf 89' lang='lat' dir='ltr'>sed</span> <span class='ocrx_word' id='word_1_330' title='bbox 859 3167 966 3214; x_wconf 87' lang='lat' dir='ltr'>tantum</span> <span class='ocrx_word' id='word_1_331' title='bbox 986 3160 1171 3231; x_wconf 86' lang='lat' dir='ltr'>sesquialtera</span> <span class='ocrx_word' id='word_1_332' title='bbox 1194 3162 1224 3229; x_wconf 86' lang='lat'>(2</span> <span class='ocrx_word' id='word_1_333' title='bbox 1240 3183 1245 3216; x_wconf 94' lang='lat'><strong>:</strong></span> <span class='ocrx_word' id='word_1_334' title='bbox 1264 3161 1299 3223; x_wconf 88' lang='lat'>3.</span> <span class='ocrx_word' id='word_1_335' title='bbox 1314 3163 1342 3216; x_wconf 91' lang='lat' dir='ltr'>h.</span> <span class='ocrx_word' id='word_1_336' title='bbox 1357 3180 1383 3216; x_wconf 90' lang='lat' dir='ltr'>e.</span> <span class='ocrx_word' id='word_1_337' title='bbox 1400 3159 1543 3233; x_wconf 45' lang='lat' dir='ltr'>quadrat,</span> 
     </span>
     <span class='ocr_line' id='line_1_35' title="bbox 165 3239 1522 3313; baseline 0 -17"><span class='ocrx_word' id='word_1_338' title='bbox 165 3246 199 3296; x_wconf 90' lang='lat' dir='ltr'>ad</span> <span class='ocrx_word' id='word_1_339' title='bbox 215 3239 338 3309; x_wconf 72' lang='lat' dir='ltr'>cubuml:</span> <span class='ocrx_word' id='word_1_340' title='bbox 362 3243 463 3296; x_wconf 86' lang='lat' dir='ltr'>accidit</span> <span class='ocrx_word' id='word_1_341' title='bbox 484 3242 537 3305; x_wconf 89' lang='lat' dir='ltr'>hic,</span> <span class='ocrx_word' id='word_1_342' title='bbox 563 3247 593 3293; x_wconf 92' lang='lat' dir='ltr'>ut</span> <span class='ocrx_word' id='word_1_343' title='bbox 616 3240 732 3293; x_wconf 91' lang='lat' dir='ltr'>medium</span> <span class='ocrx_word' id='word_1_344' title='bbox 757 3239 959 3294; x_wconf 86' lang='lat' dir='ltr'>arithmeticum</span> <span class='ocrx_word' id='word_1_345' title='bbox 981 3241 1219 3312; x_wconf 85' lang='lat' dir='ltr'>appropinquaret</span> <span class='ocrx_word' id='word_1_346' title='bbox 1240 3242 1328 3296; x_wconf 89' lang='lat' dir='ltr'>medio</span> <span class='ocrx_word' id='word_1_347' title='bbox 1343 3240 1522 3313; x_wconf 81' lang='lat' dir='ltr'>proportionis</span> 
     </span>
     <span class='ocr_line' id='line_1_36' title="bbox 164 3320 1523 3392; baseline -0.001 -15"><span class='ocrx_word' id='word_1_348' title='bbox 164 3323 371 3392; x_wconf 84' lang='lat' dir='ltr'>sesquialterae,</span> <span class='ocrx_word' id='word_1_349' title='bbox 394 3323 457 3392; x_wconf 91' lang='lat' dir='ltr'>plus</span> <span class='ocrx_word' id='word_1_350' title='bbox 472 3338 554 3392; x_wconf 89' lang='lat' dir='ltr'>quam</span> <span class='ocrx_word' id='word_1_351' title='bbox 569 3320 685 3374; x_wconf 87' lang='lat' dir='ltr'>medium</span> <span class='ocrx_word' id='word_1_352' title='bbox 699 3320 904 3390; x_wconf 87' lang='lat' dir='ltr'>geometricum,</span> <span class='ocrx_word' id='word_1_353' title='bbox 929 3337 978 3374; x_wconf 87' lang='lat' dir='ltr'>seu</span> <span class='ocrx_word' id='word_1_354' title='bbox 992 3321 1178 3391; x_wconf 90' lang='lat' dir='ltr'>proportionis</span> <span class='ocrx_word' id='word_1_355' title='bbox 1192 3322 1308 3391; x_wconf 86' lang='lat' dir='ltr'>duplae,</span> <span class='ocrx_word' id='word_1_356' title='bbox 1333 3322 1400 3392; x_wconf 88' lang='lat' dir='ltr'>quia</span> <span class='ocrx_word' id='word_1_357' title='bbox 1414 3323 1523 3376; x_wconf 76' lang='lat' dir='ltr'>medium</span> 
     </span>
     <span class='ocr_line' id='line_1_37' title="bbox 165 3399 1523 3473; baseline -0.003 -16"><span class='ocrx_word' id='word_1_358' title='bbox 165 3402 369 3458; x_wconf 81' lang='lat' dir='ltr'>arithmeticum</span> <span class='ocrx_word' id='word_1_359' title='bbox 392 3419 500 3471; x_wconf 86' lang='lat' dir='ltr'>semper</span> <span class='ocrx_word' id='word_1_360' title='bbox 513 3400 626 3471; x_wconf 91' lang='lat' dir='ltr'>propius</span> <span class='ocrx_word' id='word_1_361' title='bbox 651 3407 695 3453; x_wconf 91' lang='lat' dir='ltr'>est</span> <span class='ocrx_word' id='word_1_362' title='bbox 709 3399 806 3468; x_wconf 82' lang='lat' dir='ltr'>majori</span> <span class='ocrx_word' id='word_1_363' title='bbox 826 3400 950 3464; x_wconf 84' lang='lat' dir='ltr'>termino,</span> <span class='ocrx_word' id='word_1_364' title='bbox 974 3417 1054 3470; x_wconf 91' lang='lat' dir='ltr'>quam</span> <span class='ocrx_word' id='word_1_365' title='bbox 1077 3401 1193 3456; x_wconf 91' lang='lat' dir='ltr'>medium</span> <span class='ocrx_word' id='word_1_366' title='bbox 1215 3403 1427 3473; x_wconf 90' lang='lat' dir='ltr'>geometricum:</span> <span class='ocrx_word' id='word_1_367' title='bbox 1452 3400 1523 3457; x_wconf 84' lang='lat' dir='ltr'>utis</span> 
     </span>
     <span class='ocr_line' id='line_1_38' title="bbox 131 3480 1482 3554; baseline 0.001 -18"><span class='ocrx_word' id='word_1_368' title='bbox 131 3501 135 3510; x_wconf 95' lang='lat'>·</span> <span class='ocrx_word' id='word_1_369' title='bbox 164 3484 292 3553; x_wconf 82' lang='lat' dir='ltr'>exemplo</span> <span class='ocrx_word' id='word_1_370' title='bbox 308 3484 335 3537; x_wconf 89' lang='grc'>6.</span> <span class='ocrx_word' id='word_1_371' title='bbox 352 3482 379 3538; x_wconf 87' lang='grc'>9.</span> <span class='ocrx_word' id='word_1_372' title='bbox 399 3482 442 3537; x_wconf 83' lang='grc'>12.</span> <span class='ocrx_word' id='word_1_373' title='bbox 460 3487 490 3534; x_wconf 91' lang='lat' dir='ltr'>et</span> <span class='ocrx_word' id='word_1_374' title='bbox 504 3483 530 3535; x_wconf 88' lang='grc'>6.</span> <span class='ocrx_word' id='word_1_375' title='bbox 547 3482 574 3535; x_wconf 88' lang='lat'>8.</span> <span class='ocrx_word' id='word_1_376' title='bbox 595 3480 639 3534; x_wconf 87' lang='lat'>12.</span> <span class='ocrx_word' id='word_1_377' title='bbox 655 3480 699 3533; x_wconf 91' lang='lat' dir='ltr'>hic</span> <span class='ocrx_word' id='word_1_378' title='bbox 712 3480 829 3533; x_wconf 90' lang='lat' dir='ltr'>medium</span> <span class='ocrx_word' id='word_1_379' title='bbox 844 3481 1046 3534; x_wconf 92' lang='lat' dir='ltr'>arithmeticum</span> <span class='ocrx_word' id='word_1_380' title='bbox 1068 3481 1086 3533; x_wconf 86' lang='lat'><strong>9</strong></span> <span class='ocrx_word' id='word_1_381' title='bbox 1100 3482 1190 3550; x_wconf 83' lang='lat' dir='ltr'>maj&#39;us</span> <span class='ocrx_word' id='word_1_382' title='bbox 1210 3490 1254 3536; x_wconf 89' lang='lat' dir='ltr'>est</span> <span class='ocrx_word' id='word_1_383' title='bbox 1267 3483 1439 3554; x_wconf 89' lang='lat' dir='ltr'>geometrico</span> <span class='ocrx_word' id='word_1_384' title='bbox 1454 3481 1482 3538; x_wconf 84' lang='lat'>8.</span> 
     </span>
    </p>

    <p class='ocr_par' dir='ltr' id='par_1_11' title="bbox 166 3560 1524 3714">
     <span class='ocr_line' id='line_1_39' title="bbox 244 3560 1524 3633; baseline -0.001 -16"><span class='ocrx_word' id='word_1_385' title='bbox 244 3562 274 3629; x_wconf 91' lang='lat' dir='ltr'>h)</span> <span class='ocrx_word' id='word_1_386' title='bbox 299 3562 377 3617; x_wconf 86' lang='lat' dir='ltr'>Citra</span> <span class='ocrx_word' id='word_1_387' title='bbox 398 3562 508 3616; x_wconf 94' lang='lat' dir='ltr'>dubium</span> <span class='ocrx_word' id='word_1_388' title='bbox 528 3560 626 3630; x_wconf 78' lang='lat' dir='ltr'>praxis</span> <span class='ocrx_word' id='word_1_389' title='bbox 650 3561 706 3614; x_wconf 89' lang='lat' dir='ltr'>ista</span> <span class='ocrx_word' id='word_1_390' title='bbox 728 3577 781 3613; x_wconf 93' lang='lat' dir='ltr'>uon</span> <span class='ocrx_word' id='word_1_391' title='bbox 807 3561 859 3614; x_wconf 82' lang='lat' dir='ltr'>fuit</span> <span class='ocrx_word' id='word_1_392' title='bbox 874 3568 1002 3614; x_wconf 88' lang='lat' dir='ltr'>assecuta</span> <span class='ocrx_word' id='word_1_393' title='bbox 1021 3561 1200 3617; x_wconf 85' lang='lat' dir='ltr'>theorematis</span> <span class='ocrx_word' id='word_1_394' title='bbox 1215 3579 1336 3633; x_wconf 79' lang='lat' dir='ltr'>scopum,</span> <span class='ocrx_word' id='word_1_395' title='bbox 1360 3569 1395 3616; x_wconf 91' lang='lat' dir='ltr'>ut</span> <span class='ocrx_word' id='word_1_396' title='bbox 1413 3562 1524 3633; x_wconf 79' lang='lat' dir='ltr'>jarnett</span> 
     </span>
     <span class='ocr_line' id='line_1_40' title="bbox 166 3640 1333 3714; baseline -0.001 -17"><span class='ocrx_word' id='word_1_397' title='bbox 166 3644 352 3714; x_wconf 84' lang='lat' dir='ltr'>explicatum:</span> <span class='ocrx_word' id='word_1_398' title='bbox 374 3642 491 3696; x_wconf 92' lang='lat' dir='ltr'>medium</span> <span class='ocrx_word' id='word_1_399' title='bbox 513 3641 584 3694; x_wconf 91' lang='lat' dir='ltr'>enim</span> <span class='ocrx_word' id='word_1_400' title='bbox 608 3640 812 3694; x_wconf 86' lang='lat' dir='ltr'>arithmeticum</span> <span class='ocrx_word' id='word_1_401' title='bbox 833 3659 888 3695; x_wconf 92' lang='lat' dir='ltr'>non</span> <span class='ocrx_word' id='word_1_402' title='bbox 911 3648 955 3694; x_wconf 92' lang='lat' dir='ltr'>est</span> <span class='ocrx_word' id='word_1_403' title='bbox 978 3642 1048 3694; x_wconf 90' lang='lat' dir='ltr'>idem</span> <span class='ocrx_word' id='word_1_404' title='bbox 1072 3658 1132 3695; x_wconf 92' lang='lat' dir='ltr'>cum</span> <span class='ocrx_word' id='word_1_405' title='bbox 1155 3642 1333 3713; x_wconf 89' lang='lat' dir='ltr'>geometrico.</span> 
     </span>
    </p>

    <p class='ocr_par' dir='ltr' id='par_1_12' title="bbox 166 3720 1524 3871">
     <span class='ocr_line' id='line_1_41' title="bbox 245 3720 1524 3794; baseline 0.001 -18"><span class='ocrx_word' id='word_1_406' title='bbox 245 3720 268 3793; x_wconf 90' lang='lat' dir='ltr'>i)</span> <span class='ocrx_word' id='word_1_407' title='bbox 293 3723 365 3786; x_wconf 89' lang='lat' dir='ltr'>Quia</span> <span class='ocrx_word' id='word_1_408' title='bbox 388 3722 513 3776; x_wconf 89' lang='lat' dir='ltr'>nimirum</span> <span class='ocrx_word' id='word_1_409' title='bbox 536 3720 694 3775; x_wconf 87' lang='lat' dir='ltr'>incedebam</span> <span class='ocrx_word' id='word_1_410' title='bbox 718 3720 799 3791; x_wconf 83' lang='lat' dir='ltr'>vagis</span> <span class='ocrx_word' id='word_1_411' title='bbox 814 3721 957 3792; x_wconf 89' lang='lat' dir='ltr'>gressibus</span> <span class='ocrx_word' id='word_1_412' title='bbox 981 3721 1358 3790; x_wconf 82' lang='lat' dir='ltr'>flexiloquorumverborum,</span> <span class='ocrx_word' id='word_1_413' title='bbox 1386 3741 1442 3777; x_wconf 92' lang='lat' dir='ltr'>non</span> <span class='ocrx_word' id='word_1_414' title='bbox 1465 3724 1524 3794; x_wconf 81' lang='lat' dir='ltr'>legs</span> 
     </span>
     <span class='ocr_line' id='line_1_42' title="bbox 166 3801 1234 3871; baseline 0.001 -14"><span class='ocrx_word' id='word_1_415' title='bbox 166 3803 350 3859; x_wconf 86' lang='lat' dir='ltr'>arithmetica.</span> <span class='ocrx_word' id='word_1_416' title='bbox 391 3803 462 3858; x_wconf 84' lang='lat' dir='ltr'>Vide</span> <span class='ocrx_word' id='word_1_417' title='bbox 485 3801 530 3855; x_wconf 91' lang='lat' dir='ltr'>hic</span> <span class='ocrx_word' id='word_1_418' title='bbox 546 3801 607 3870; x_wconf 84' lang='lat' dir='ltr'>jam</span> <span class='ocrx_word' id='word_1_419' title='bbox 629 3808 774 3871; x_wconf 89' lang='lat' dir='ltr'>utrumque</span> <span class='ocrx_word' id='word_1_420' title='bbox 798 3817 973 3871; x_wconf 91' lang='lat' dir='ltr'>processum:</span> <span class='ocrx_word' id='word_1_421' title='bbox 998 3801 1073 3871; x_wconf 91' lang='lat' dir='ltr'>prior</span> <span class='ocrx_word' id='word_1_422' title='bbox 1096 3803 1135 3856; x_wconf 92' lang='lat' dir='ltr'>sic</span> <span class='ocrx_word' id='word_1_423' title='bbox 1158 3811 1234 3858; x_wconf 86' lang='lat' dir='ltr'>erat:</span> 
     </span>
    </p>

    <p class='ocr_par' dir='ltr' id='par_1_13' title="bbox 697 3881 1120 4020">
     <span class='ocr_line' id='line_1_43' title="bbox 697 3881 1120 3936; baseline 0.005 -3"><span class='ocrx_word' id='word_1_424' title='bbox 697 3881 830 3934; x_wconf 91' lang='lat' dir='ltr'>Periodus</span> <span class='ocrx_word' id='word_1_425' title='bbox 850 3881 950 3935; x_wconf 86' lang='lat' dir='ltr'>Martis</span> <span class='ocrx_word' id='word_1_426' title='bbox 975 3882 1042 3936; x_wconf 85' lang='lat'>687.</span> <span class='ocrx_word' id='word_1_427' title='bbox 1117 3888 1120 3893; x_wconf 89' lang='lat'>&#39;</span> 
     </span>
     <span class='ocr_line' id='line_1_44' title="bbox 698 3957 1082 4020; baseline 0 -6"><span class='ocrx_word' id='word_1_428' title='bbox 698 3960 831 4015; x_wconf 87' lang='lat' dir='ltr'>Periodus</span> <span class='ocrx_word' id='word_1_429' title='bbox 851 3962 954 4016; x_wconf 84' lang='lat' dir='ltr'>Terrae</span> <span class='ocrx_word' id='word_1_430' title='bbox 978 3957 1082 4020; x_wconf 68' lang='lat'>3657.</span> 
     </span>
    </p>
   </div>
   <div class='ocr_carea' id='block_1_5' title="bbox 694 4040 1012 4048">
    <p class='ocr_par' dir='ltr' id='par_1_14' title="bbox 694 4040 1012 4048">
     <span class='ocr_line' id='line_1_45' title="bbox 694 4040 1012 4048; baseline 0.003 -1"><span class='ocrx_word' id='word_1_431' title='bbox 694 4041 702 4046; x_wconf 90' lang='lat'>-</span> <span class='ocrx_word' id='word_1_432' title='bbox 709 4040 857 4048; x_wconf 48' lang='grc' dir='ltr'><strong>...ς-...υ</strong></span> <span class='ocrx_word' id='word_1_433' title='bbox 863 4040 1012 4048; x_wconf 44' lang='grc' dir='ltr'>ηας-...ημ-</span> 
     </span>
    </p>
   </div>
   <div class='ocr_carea' id='block_1_6' title="bbox 169 4051 1557 4873">
    <p class='ocr_par' dir='ltr' id='par_1_15' title="bbox 444 4051 1317 4468">
     <span class='ocr_line' id='line_1_46' title="bbox 1018 4051 1317 4121; baseline 0 -7"><span class='ocrx_word' id='word_1_434' title='bbox 1018 4058 1185 4115; x_wconf 84' lang='lat' dir='ltr'>Differentia</span> <span class='ocrx_word' id='word_1_435' title='bbox 1212 4051 1317 4121; x_wconf 80' lang='lat'>3217..</span> 
     </span>
     <span class='ocr_line' id='line_1_47' title="bbox 1019 4132 1312 4222; baseline 0 -28"><span class='ocrx_word' id='word_1_436' title='bbox 1019 4139 1166 4194; x_wconf 91' lang='lat' dir='ltr'>Dimidium</span> <span class='ocrx_word' id='word_1_437' title='bbox 1203 4132 1312 4222; x_wconf 62' lang='lat' dir='ltr'>ido-7..</span> 
     </span>
     <span class='ocr_line' id='line_1_48' title="bbox 700 4234 1156 4298; baseline 0.005 -6"><span class='ocrx_word' id='word_1_438' title='bbox 700 4238 820 4292; x_wconf 85' lang='lat' dir='ltr'>Medium</span> <span class='ocrx_word' id='word_1_439' title='bbox 835 4237 1039 4293; x_wconf 89' lang='lat' dir='ltr'>arithmeticum</span> <span class='ocrx_word' id='word_1_440' title='bbox 1054 4234 1156 4298; x_wconf 81' lang='grc' dir='ltr'><strong><em>526“ι.</em></strong></span> 
     </span>
     <span class='ocr_line' id='line_1_49' title="bbox 444 4310 1258 4390; baseline -0.001 -17"><span class='ocrx_word' id='word_1_441' title='bbox 444 4318 500 4373; x_wconf 89' lang='grc'>526</span> <span class='ocrx_word' id='word_1_442' title='bbox 521 4313 549 4378; x_wconf 73' lang='grc' dir='ltr'><em>Ἰ</em></span> <span class='ocrx_word' id='word_1_443' title='bbox 571 4320 619 4372; x_wconf 90' lang='lat' dir='ltr'>dat</span> <span class='ocrx_word' id='word_1_444' title='bbox 639 4318 797 4374; x_wconf 89' lang='lat' dir='ltr'>distantiam</span> <span class='ocrx_word' id='word_1_445' title='bbox 816 4319 915 4373; x_wconf 84' lang='lat' dir='ltr'>Martis</span> <span class='ocrx_word' id='word_1_446' title='bbox 937 4319 1030 4382; x_wconf 81' lang='grc'><strong>1000,</strong></span> <span class='ocrx_word' id='word_1_447' title='bbox 1059 4319 1135 4390; x_wconf 91' lang='lat' dir='ltr'>quid</span> <span class='ocrx_word' id='word_1_448' title='bbox 1145 4310 1258 4377; x_wconf 80' lang='lat' dir='ltr'>365¹tr</span> 
     </span>
     <span class='ocr_line' id='line_1_50' title="bbox 580 4399 1117 4468; baseline -0.004 -14"><span class='ocrx_word' id='word_1_449' title='bbox 580 4399 724 4468; x_wconf 85' lang='lat' dir='ltr'>Sequitur,</span> <span class='ocrx_word' id='word_1_450' title='bbox 749 4399 884 4452; x_wconf 88' lang='lat' dir='ltr'>distantia</span> <span class='ocrx_word' id='word_1_451' title='bbox 908 4399 1027 4453; x_wconf 85' lang='lat' dir='ltr'>Telluris</span> <span class='ocrx_word' id='word_1_452' title='bbox 1051 4400 1117 4452; x_wconf 83' lang='grc'>694.</span> 
     </span>
    </p>

    <p class='ocr_par' dir='ltr' id='par_1_16' title="bbox 169 4445 1557 4713">
     <span class='ocr_line' id='line_1_51' title="bbox 250 4445 1557 4535; baseline 0.002 -2"><span class='ocrx_word' id='word_1_453' title='bbox 250 4478 393 4533; x_wconf 87' lang='lat' dir='ltr'>Posterior</span> <span class='ocrx_word' id='word_1_454' title='bbox 414 4479 452 4533; x_wconf 93' lang='lat' dir='ltr'>sic</span> <span class='ocrx_word' id='word_1_455' title='bbox 476 4485 553 4533; x_wconf 92' lang='lat' dir='ltr'>erat:</span> <span class='ocrx_word' id='word_1_456' title='bbox 575 4479 671 4532; x_wconf 90' lang='lat' dir='ltr'>Posito</span> <span class='ocrx_word' id='word_1_457' title='bbox 695 4479 857 4532; x_wconf 87' lang='lat' dir='ltr'>distantiam</span> <span class='ocrx_word' id='word_1_458' title='bbox 881 4479 1000 4533; x_wconf 81' lang='lat' dir='ltr'>Telluris</span> <span class='ocrx_word' id='word_1_459' title='bbox 1023 4497 1085 4533; x_wconf 89' lang='lat' dir='ltr'>esse</span> <span class='ocrx_word' id='word_1_460' title='bbox 1110 4479 1176 4533; x_wconf 81' lang='lat'>694.</span> <span class='ocrx_word' id='word_1_461' title='bbox 1219 4478 1289 4533; x_wconf 92' lang='lat' dir='ltr'>Dico</span> <span class='ocrx_word' id='word_1_462' title='bbox 1310 4476 1364 4532; x_wconf 90' lang='lat' dir='ltr'>sio:</span> <span class='ocrx_word' id='word_1_463' title='bbox 1391 4445 1557 4535; x_wconf 71' lang='lat' dir='ltr'>Distsnt&#39;n</span> 
     </span>
     <span class='ocr_line' id='line_1_52' title="bbox 169 4559 1538 4630; baseline -0.001 -14"><span class='ocrx_word' id='word_1_464' title='bbox 169 4559 268 4616; x_wconf 87' lang='lat' dir='ltr'>Martis</span> <span class='ocrx_word' id='word_1_465' title='bbox 286 4560 361 4612; x_wconf 91' lang='grc'><strong>1000</strong></span> <span class='ocrx_word' id='word_1_466' title='bbox 376 4561 425 4613; x_wconf 88' lang='lat' dir='ltr'>dat</span> <span class='ocrx_word' id='word_1_467' title='bbox 438 4559 580 4630; x_wconf 90' lang='lat' dir='ltr'>periodum</span> <span class='ocrx_word' id='word_1_468' title='bbox 595 4559 662 4623; x_wconf 85' lang='lat'>687,</span> <span class='ocrx_word' id='word_1_469' title='bbox 679 4559 742 4629; x_wconf 92' lang='lat' dir='ltr'>quid</span> <span class='ocrx_word' id='word_1_470' title='bbox 756 4559 891 4613; x_wconf 87' lang='lat' dir='ltr'>distantia</span> <span class='ocrx_word' id='word_1_471' title='bbox 901 4560 1003 4614; x_wconf 91' lang='lat' dir='ltr'>Terrae</span> <span class='ocrx_word' id='word_1_472' title='bbox 1019 4560 1097 4614; x_wconf 77' lang='lat'>694?</span> <span class='ocrx_word' id='word_1_473' title='bbox 1118 4559 1243 4630; x_wconf 91' lang='lat' dir='ltr'>sequitur</span> <span class='ocrx_word' id='word_1_474' title='bbox 1257 4566 1393 4629; x_wconf 77' lang='lat' dir='ltr'>tanquam</span> <span class='ocrx_word' id='word_1_475' title='bbox 1405 4560 1538 4630; x_wconf 82' lang='lat' dir='ltr'>periodus</span> 
     </span>
     <span class='ocr_line' id='line_1_53' title="bbox 170 4639 1012 4713; baseline -0.002 -18"><span class='ocrx_word' id='word_1_476' title='bbox 170 4641 273 4695; x_wconf 81' lang='lat' dir='ltr'>Terrae</span> <span class='ocrx_word' id='word_1_477' title='bbox 288 4639 354 4695; x_wconf 82' lang='lat'>477.</span> <span class='ocrx_word' id='word_1_478' title='bbox 383 4641 498 4713; x_wconf 89' lang='lat' dir='ltr'>Pergo</span> <span class='ocrx_word' id='word_1_479' title='bbox 490 4640 578 4710; x_wconf 83' lang='lat' dir='ltr'>igitur</span> <span class='ocrx_word' id='word_1_480' title='bbox 591 4656 642 4710; x_wconf 91' lang='lat' dir='ltr'>per</span> <span class='ocrx_word' id='word_1_481' title='bbox 657 4656 781 4694; x_wconf 76' lang='lat' dir='ltr'>eversam</span> <span class='ocrx_word' id='word_1_482' title='bbox 798 4641 1012 4710; x_wconf 86' lang='lat' dir='ltr'>proportionem.</span> 
     </span>
    </p>

    <p class='ocr_par' dir='ltr' id='par_1_17' title="bbox 169 4716 1541 4873">
     <span class='ocr_line' id='line_1_54' title="bbox 250 4716 1541 4793; baseline -0.001 -18"><span class='ocrx_word' id='word_1_483' title='bbox 250 4720 326 4775; x_wconf 87' lang='lat' dir='ltr'>Vera</span> <span class='ocrx_word' id='word_1_484' title='bbox 338 4722 467 4793; x_wconf 89' lang='lat' dir='ltr'>periodus</span> <span class='ocrx_word' id='word_1_485' title='bbox 483 4716 576 4779; x_wconf 72' lang='lat'>3657«</span> <span class='ocrx_word' id='word_1_486' title='bbox 604 4722 653 4773; x_wconf 91' lang='lat' dir='ltr'>dat</span> <span class='ocrx_word' id='word_1_487' title='bbox 674 4720 776 4774; x_wconf 79' lang='lat' dir='ltr'>falsam</span> <span class='ocrx_word' id='word_1_488' title='bbox 791 4719 859 4784; x_wconf 85' lang='lat'>477,</span> <span class='ocrx_word' id='word_1_489' title='bbox 883 4727 1017 4790; x_wconf 87' lang='lat' dir='ltr'>tanquam</span> <span class='ocrx_word' id='word_1_490' title='bbox 1037 4737 1075 4773; x_wconf 83' lang='lat' dir='ltr'>ex</span> <span class='ocrx_word' id='word_1_491' title='bbox 1088 4719 1189 4784; x_wconf 84' lang='lat' dir='ltr'>Marte,</span> <span class='ocrx_word' id='word_1_492' title='bbox 1212 4719 1276 4789; x_wconf 93' lang='lat' dir='ltr'>quid</span> <span class='ocrx_word' id='word_1_493' title='bbox 1294 4719 1380 4784; x_wconf 88' lang='grc'><strong>1000,</strong></span> <span class='ocrx_word' id='word_1_494' title='bbox 1402 4725 1541 4793; x_wconf 70' lang='lat' dir='ltr'>tanqua</span> 
     </span>
     <span class='ocr_line' id='line_1_55' title="bbox 169 4799 1540 4873; baseline 0.003 -18"><span class='ocrx_word' id='word_1_495' title='bbox 169 4799 211 4855; x_wconf 83' lang='lat' dir='ltr'>ris</span> <span class='ocrx_word' id='word_1_496' title='bbox 224 4800 344 4858; x_wconf 79' lang='lat' dir='ltr'>Martis?</span> <span class='ocrx_word' id='word_1_497' title='bbox 369 4801 493 4873; x_wconf 90' lang='lat' dir='ltr'>sequitur</span> <span class='ocrx_word' id='word_1_498' title='bbox 508 4799 594 4865; x_wconf 87' lang='grc'><strong>1306,</strong></span> <span class='ocrx_word' id='word_1_499' title='bbox 619 4807 753 4873; x_wconf 87' lang='lat' dir='ltr'>tanquam</span> <span class='ocrx_word' id='word_1_500' title='bbox 774 4800 816 4855; x_wconf 85' lang='lat' dir='ltr'>ris</span> <span class='ocrx_word' id='word_1_501' title='bbox 838 4800 966 4857; x_wconf 87' lang='lat' dir='ltr'>Telluris.</span> <span class='ocrx_word' id='word_1_502' title='bbox 1008 4802 1150 4858; x_wconf 81' lang='lat' dir='ltr'>Excessus</span> <span class='ocrx_word' id='word_1_503' title='bbox 1173 4800 1262 4872; x_wconf 86' lang='lat' dir='ltr'>igitur</span> <span class='ocrx_word' id='word_1_504' title='bbox 1283 4799 1398 4857; x_wconf 70' lang='lat' dir='ltr'>virtutis</span> <span class='ocrx_word' id='word_1_505' title='bbox 1417 4800 1540 4859; x_wconf 79' lang='lat' dir='ltr'>Telluris</span> 
     </span>
    </p>
   </div>
   <div class='ocr_carea' id='block_1_7' title="bbox 0 0 1698 5482">
    <p class='ocr_par' dir='ltr' id='par_1_18' title="bbox 0 0 1698 5482">
     <span class='ocr_line' id='line_1_56' title="bbox 0 0 1698 5482; baseline 0 0"><span class='ocrx_word' id='word_1_506' title='bbox 0 0 1698 5482; x_wconf 95' lang='lat' dir='ltr'> </span> 
     </span>
    </p>
   </div>
  </div>
 </body>
</html>
