3366 5482
165 261 242 329 280¹
618 257 648 308 In
667 257 738 323 Apol.
759 257 837 320 Tycb.
861 261 949 306 eontra
966 254 1057 306 Ursum

245 422 331 484 Nunc,
355 436 414 473 cum
435 420 469 473 lis
490 425 518 472 te
540 418 612 472 inter
632 424 662 473 et
675 419 833 491 'lJyohonem
854 437 908 472 non
922 434 1056 488 personas
1072 418 1202 481 attineat,
1226 419 1274 470 sed
1289 416 1316 469 in
1330 416 1528 486 philosophiae

164 504 224 558 foro
237 507 372 563 versetur,
395 517 445 552 nee
460 500 496 552 ab
511 517 543 552 eo
564 499 653 568 possit
673 499 784 553 excludi
797 500 880 561 ullus,
903 498 948 567 qui
964 497 1106 550 scientiam
1123 498 1304 552 humanarum
1317 496 1528 567 divinarumque

163 600 255 639 rerum
276 587 365 643 amat,
389 579 454 649 quia
475 578 654 648 philosophia
676 596 815 632 commune
837 579 948 648 generis
965 577 1076 631 humani
1098 579 1199 631 bonum
1214 582 1270 631 est:
1292 595 1343 630 nec
1363 592 1452 646 aegra
1467 576 1527 639 tibi,

163 661 265 722 homini
286 660 461 729 philosopho,
483 676 536 728 ego
559 659 660 721 facere,
684 676 734 711 nec
755 665 786 711 tu
806 659 871 711 mihi
893 676 946 711 non
969 657 1114 728 ignoscere
1136 657 1255 726 poteris,
1278 655 1300 709 si
1322 655 1453 725 partibus
1474 656 1528 727 Ty-

163 741 258 797 ohonis
279 739 415 807 susceptis
442 746 470 790 te
497 738 606 806 publice
628 739 785 808 loquentem
816 737 927 807 publice
949 755 1057 808 quoque
1079 736 1153 789 intra
1175 735 1371 806 philosophiae
1393 735 1528 790 terminos

165 823 303 891 alloquar.
345 819 416 872 Nam
439 834 498 869 cum
520 833 555 870 ea
582 824 678 871 aetate
700 818 763 880 sim,
792 825 824 871 ut
851 820 884 870 de
906 818 1025 870 veritate
1051 833 1141 869 rerum
1167 815 1336 870 naturalium
1358 815 1528 869 certissimus

161 903 223 972 jem
243 917 314 953 nunc
335 915 396 950 esse
418 912 559 966 nequeam,
582 914 616 949 ea
636 915 702 951 sero
724 897 905 966 propensione
927 897 1034 957 mentis,
1056 902 1088 949 ιιι
1109 899 1144 948 od
1165 896 1352 966 indagandam
1372 911 1437 949 eam
1457 895 1529 949 veri·

167 988 254 1035 tatem
279 979 348 1032 nibil
373 977 437 1030 mihi
466 994 519 1029 non
545 979 707 1030 tentandum
732 994 794 1029 esse
822 984 929 1046 putem;
960 993 1047 1045 neque
1069 976 1208 1045 Tychonis
1236 977 1349 1029 labores
1369 981 1400 1028 'et
1421 975 1530 1044 placita

167 1066 341 1115 contemnere
363 1056 449 1125 potui,
473 1071 544 1125 quae
565 1057 659 1127 magni
680 1057 707 1109 in
729 1062 790 1109 tota
810 1056 987 1126 philosophia
1007 1055 1136 1108 momenti
1157 1073 1220 1108 esse
1241 1056 1417 1119 videbantur,
1439 1072 1529 1124 neque

165 1157 236 1211 quae
257 1145 287 1191 tu
310 1142 406 1205 eontra
425 1153 475 1204 pro
496 1136 693 1190 Aristotelicae
715 1143 808 1189 sectae
832 1135 1000 1189 auctoritate
1019 1137 1189 1205 proferebas,
1212 1135 1368 1206 negligere.
1415 1136 1462 1188 Ex
1477 1135 1528 1187 hoc

165 1220 236 1274 enim
257 1216 455 1270 contrariorum
476 1214 549 1268 inter
570 1233 599 1268 se
621 1216 746 1269 conflictu
774 1216 911 1268 scintillae
938 1216 1028 1267 solent
1060 1215 1122 1267 elici
1144 1217 1179 1268 ad
1200 1215 1352 1269 excitanda
1372 1214 1528 1268 clarissima

169 1299 221 1353 illa
242 1296 370 1350 veritatis
401 1294 534 1348 incendia.
578 1297 655 1356 Quae
678 1313 741 1349 vero
763 1295 827 1350 mibi
854 1295 1036 1363 pensiculat-is
1062 1294 1205 1364 utriusque
1234 1295 1322 1364 partis
1354 1293 1527 1364 argumentis

164 1379 331 1438 viderentur,
354 1376 388 1428 ad
411 1382 439 1427 te
461 1373 549 1443 ipsum
571 1376 742 1443 perscribere
763 1376 850 1436 volui,
881 1375 957 1444 quia,
985 1374 1037 1426 etsi
1059 1375 1121 1444 quid
1152 1374 1244 1444 inique
1270 1374 1297 1427 in
1319 1380 1370 1426 tua
1391 1375 1526 1444 dogmata

131 1505 151 1526 ,
164 1458 260 1519 statui,
283 1456 310 1509 id
331 1462 359 1507 te
381 1454 441 1522 ipso
462 1471 541 1506 nemo
562 1455 664 1507 rectius
685 1455 780 1513 diluet,
802 1462 831 1507 et
852 1455 1024 1506 indicandum
1045 1454 1094 1506 tibi
1117 1461 1187 1518 erat,
1210 1472 1264 1507 non
1285 1454 1346 1507 ideo
1368 1453 1459 1516 nohis,
1482 1453 1525 1523 qui

163 1535 301 1608 'lychonis
327 1534 572 1603 philosophemata
593 1551 800 1603 receperamus,
830 1535 875 1586 vel
896 1550 1042 1587 excussam
1063 1534 1108 1586 vel
1130 1534 1201 1587 omni
1225 1533 1334 1586 ratione
1362 1533 1526 1587 destitutam

162 1634 242 1678 esse,
265 1615 336 1684 quod
367 1614 486 1666 futurum
508 1614 633 1677 dixeras,
663 1614 807 1683 pristinam
832 1614 907 1666 illam
929 1612 1096 1680 opinionem,
1124 1614 1189 1683 quia
1214 1630 1232 1667 a
1257 1620 1285 1666 te
1307 1613 1385 1666 illam
1413 1610 1526 1666 arietari

163 1696 287 1750 vidimus.
330 1694 367 1746 Ut
392 1700 483 1745 autem
504 1693 622 1761 publicis
644 1694 719 1763 typis
745 1694 770 1746 id
797 1694 887 1755 fieret,
920 1693 1057 1761 Tychonis
1079 1693 1193 1746 arbitrio
1222 1693 1393 1746 commissum
1416 1692 1481 1755 fuit,
1509 1708 1526 1744 a

165 1773 217 1847 quo
239 1773 305 1828 iacti
326 1772 461 1834 rationes,
491 1774 531 1826 uti
553 1791 633 1843 spero
655 1792 708 1840 non
730 1775 880 1835 absurdas,
912 1772 1016 1826 audies.
1059 1777 1100 1825 Ao
1120 1790 1188 1826 sane
1210 1773 1276 1843 quia
1298 1779 1328 1825 tu
1350 1772 1451 1826 librum
1472 1774 1524 1842 'ly-

164 1855 268 1916 chonis,
291 1869 370 1922 quem
393 1853 549 1907 accuratius
571 1860 600 1907 te
622 1854 725 1924 legisse
746 1870 848 1923 negas,
877 1852 1050 1905 nihilominus
1081 1854 1204 1907 omuibus
1226 1852 1329 1926 ingenii
1351 1853 1457 1907 viribus
1479 1869 1524 1921 op·

163 1951 289 2006 pugnas,
321 1938 350 1985 et
371 1948 441 2001 quae
470 1940 567 1986 contra
592 1933 682 1985 dicere
710 1927 839 2001 potuisti,
871 1933 1014 1986 Germanis
1037 1934 1152 1996 nostris,
1178 1941 1211 1987 ut
1231 1932 1374 2002 intelligo,
1405 1933 1526 2004 legenda

165 2013 364 2068 communicas:
388 2028 489 2078 operae
510 2012 630 2081 pretium
651 2013 716 2074 erit,
740 2013 763 2065 si
783 2030 819 2066 ex
841 2012 1030 2080 publicatione
1051 2029 1172 2066 mearum
1193 2013 1386 2082 pagellarum,
1409 2013 1455 2083 qui
1478 2021 1525 2066 tua

164 2092 302 2148 incautius
323 2092 467 2160 legerunt,
499 2092 673 2161 intelligant,
705 2093 818 2145 multum
841 2093 891 2144 tibi
922 2094 955 2144 ud
977 2091 1122 2145 veritatem
1150 2093 1370 2162 perspiciendam
1400 2092 1525 2146 nocuisse

165 2188 290 2225 securam
311 2170 386 2223 illam
408 2169 435 2222 in
457 2170 594 2240 Tycbonis
616 2171 712 2231 libello
733 2173 852 2241 legendo
873 2171 1084 2241 negligentiam.

245 2252 303 2304 Neo
324 2256 352 2301 te
374 2249 510 2318 Tyohonis
532 2253 748 2325 πολυρρητορια,
768 2268 823 2321 qua
843 2254 875 2304 de
897 2251 1038 2320 querelam
1059 2250 1190 2313 instituis,
1212 2258 1338 2305 excusat.
1381 2251 1444 2304 Non
1466 2268 1525 2304 oon·

165 2331 286 2386 sistimus
308 2330 343 2382 ad
365 2328 487 2382 tribunal
507 2331 607 2383 morosi
624 2330 741 2398 judicis,
770 2331 816 2400 qui
838 2330 929 2384 taedio
958 2348 994 2383 ex
1025 2329 1222 2398 multiplicibus
1245 2331 1364 2400 querelis
1393 2337 1525 2400 concepto

162 2419 211 2465 aut
233 2425 365 2477 respuere
387 2425 436 2460 nos
457 2411 546 2478 possit
578 2417 627 2463 aut
648 2411 722 2463 intra
742 2412 886 2464 verborum
907 2427 1047 2464 numerum
1069 2426 1179 2480 eogere.
1221 2411 1344 2480 Magnae
1367 2418 1434 2463 sunt
1454 2427 1525 2463 men·

151 2492 197 2547 tis
220 2499 332 2543 nostrae
354 2489 495 2553 tenebrae,
519 2496 669 2553 contumax
690 2490 837 2543 memoriae
859 2491 981 2551 durities,
1007 2496 1120 2559 quaeut
1141 2490 1300 2558 exemplum
1324 2490 1420 2559 capiat
1434 2507 1526 2543 eorum

162 2586 234 2643 quae
256 2570 404 2630 docentur,
435 2570 527 2623 multis
550 2570 649 2623 ictibus
671 2586 739 2638 opus
767 2577 821 2623 est.
862 2572 918 2623 Res
947 2570 1009 2637 ipsa
1030 2585 1145 2639 magna,
1174 2569 1312 2637 pretiosa,
1344 2570 1525 2631 honorabilis,

161 2648 277 2709 nobilis,
299 2648 406 2710 divina,
436 2649 541 2703 veritas
563 2667 660 2719 nempe
682 2655 711 2702 et
731 2650 863 2712 scientia,
890 2666 960 2719 quae
983 2649 1113 2719 temporis
1131 2649 1271 2716 jacturam
1292 2649 1390 2713 facile,
1421 2649 1444 2702 si
1467 2667 1525 2719 per·

160 2728 304 2798 vestigata
324 2727 415 2789 fuerit,
439 2738 606 2798 compensat.
647 2730 706 2783 Nec
727 2730 834 2792 dubito,
857 2746 913 2799 qua
934 2747 963 2782 es
985 2728 1089 2798 ingenii
1111 2729 1297 2797 praestantia,
1324 2729 1348 2781 si
1370 2735 1480 2783 tantam
1500 2729 1526 2783 in

164 2808 343 2879 'lychoniano
358 2807 428 2861 libro
444 2809 634 2878 prolixitatem
657 2826 790 2877 superare
811 2811 972 2878 potuisses,
988 2816 1094 2877 quanta
1114 2810 1160 2861 vel
1180 2808 1337 2862 felicissimo
1358 2809 1473 2879 ingenio
1494 2810 1526 2862 ad

161 2904 287 2957 eaquae
310 2887 437 2940 dicuntur
458 2889 642 2958 intelligenda
663 2906 730 2958 opus
752 2897 808 2952 est,
841 2889 904 2958 quin
926 2891 1036 2942 tandem
1056 2889 1183 2942 veritatis
1214 2888 1335 2957 aliquam
1356 2889 1525 2958 suscepisses

78 3011 81 3014 .
160 2968 282 3038 effigiem
303 2967 456 3037 mentisque
481 2970 612 3022 tenebras
634 2968 804 3037 dispulisses.
846 2974 887 3022 Ac
917 2969 981 3022 mihi
1012 2985 1092 3031 sane,
1123 2976 1156 3021 ut
1175 2986 1269 3022 verum
1291 2968 1391 3031 dicam,
1423 2969 1526 3023 minore

86 3048 89 3054 ’
160 3047 260 3103 mentis
281 3047 435 3101 intentione
464 3057 642 3118 temporeque
671 3049 796 3102 constitit
817 3049 902 3102 totius
925 3049 1062 3117 Tychonis
1093 3048 1155 3101 libri
1184 3055 1214 3102 et
1235 3049 1386 3118 apologiae
1415 3049 1527 3118 prolixa

161 3127 252 3188 lectio,
279 3143 360 3196 quarn
382 3128 575 3196 Capnuraniac
597 3136 679 3190 tuae,
713 3128 805 3197 nescio
827 3147 863 3181 ex
885 3146 938 3198 quo
960 3136 1062 3198 arguto
1089 3127 1196 3197 pulpito
1219 3128 1245 3181 in
1268 3129 1339 3181 hanc
1360 3128 1525 3198 disputatio·

161 3224 223 3262 nem
244 3225 298 3260 non
319 3208 389 3260 bene
411 3208 546 3261 arcessita
566 3208 693 3262 concisio.
737 3209 792 3262 Res
814 3208 889 3277 ipsas
910 3209 959 3261 vix
980 3209 1116 3277 capimus,
1138 3216 1168 3261 et
1188 3215 1219 3260 tu
1240 3209 1386 3262 verborum
1406 3209 1525 3279 gryphis

161 3287 274 3356 iusuper
296 3287 409 3355 ingenia
430 3288 553 3341 cruciare
571 3287 675 3355 jubes?

240 3367 295 3420 Sed
316 3369 351 3418 ad
371 3384 428 3420 rem
449 3369 598 3421 veniamus.
640 3367 777 3436 Principio
805 3367 929 3420 candoris
961 3367 1011 3420 tibi
1038 3368 1147 3421 laudem
1178 3366 1285 3431 tribuo,
1315 3367 1360 3436 qui
1393 3383 1525 3423 summam

161 3447 272 3500 intimae
294 3453 360 3498 tuae
382 3447 541 3500 intentionis
571 3448 598 3500 in
621 3449 710 3501 fronte
741 3448 826 3514 ponis.
870 3450 1030 3500 Auctoritas
1051 3465 1108 3500 una
1129 3454 1172 3501 tot
1192 3453 1318 3501 aetatum
1345 3446 1397 3500 tibi
1418 3448 1524 3511 obstat,

160 3527 225 3580 huic
246 3542 338 3579 omnes
360 3527 464 3598 ingenii
485 3528 566 3590 vires,
588 3526 651 3579 huic
672 3535 760 3581 totum
781 3527 853 3579 hunc
874 3528 997 3581 laborem
1012 3528 1154 3580 devovisti.
1196 3528 1234 3580 Et
1248 3527 1392 3597 quisquam
1406 3528 1524 3588 dubitet,

162 3622 197 3660 an
218 3607 430 3660 mathematicas
451 3607 706 3668 demonstrationes,
729 3623 798 3676 quas
819 3608 958 3675 proponis,
982 3607 1040 3675 ipse
1056 3606 1215 3676 perspicias,
1238 3607 1317 3675 cujus
1338 3624 1418 3660 omne
1432 3608 1525 3660 lumen

160 3685 244 3739 animi
266 3686 316 3738 hoc
338 3687 512 3756 antiquitatis
534 3689 642 3756 pallore
664 3687 796 3740 imbutum
819 3682 881 3739 est?
923 3691 967 3738 An
990 3686 1076 3756 igitur
1105 3687 1170 3740 mihi
1192 3687 1380 3749 succensebis,
1414 3686 1437 3739 si
1461 3704 1525 3757 quo·

160 3765 212 3820 ties
236 3766 377 3834 pulverem
391 3766 594 3836 geometricum
616 3767 749 3837 attinges,
772 3766 838 3818 illud
861 3765 901 3818 tui
922 3766 1021 3829 divini,
1044 3784 1103 3819 curn
1126 3768 1218 3820 oculos
1241 3766 1340 3836 aperit,
1362 3765 1524 3820 Aristotelis

160 3845 210 3899 tibi
236 3862 383 3913 reponam,
416 3854 445 3899 et
467 3848 537 3900 inter
559 3864 606 3899 eos
627 3853 655 3900 te
676 3847 811 3908 referam,
834 3849 866 3899 de
888 3846 985 3916 quibus
1008 3847 1147 3917 queritur,
1170 3849 1242 3916 quod
1263 3865 1328 3900 non
1350 3852 1526 3916 quaerant

158 3925 318 3979 rationes
348 3933 381 3979 et
412 3943 541 3980 causas
572 3929 613 3980 ad
634 3943 676 3980 ea
711 3944 799 3997 quae
830 3933 1011 3996 apparent
1038 3929 1221 3980 reddenda
1249 3933 1284 3980 et
1311 3926 1525 3980 efficienda:

160 4007 218 4058 sed
240 4007 278 4057 ad
306 4001 593 4075 praecon'ceptas
624 4024 705 4061 suas
737 4009 905 4077 quasdam
935 4008 1120 4075 opiniones
1148 4013 1183 4060 et
1212 4006 1524 4069 ratiocinationes,

159 4084 250 4154 qualis
271 4092 316 4138 est
343 4093 393 4140 tua
422 4090 456 4140 de
478 4087 644 4156 antiquitat-o
673 4086 832 4155 persuasio,
864 4087 946 4155 ipsa
973 4088 1225 4157 phaenomena,
1256 4094 1288 4140 ut
1316 4093 1348 4140 tu
1369 4104 1422 4149 ea,
1455 4103 1524 4158 quae

159 4164 347 4219 mathematici
380 4167 407 4219 in
438 4175 561 4220 cornetae
592 4173 667 4220 motu
697 4167 951 4235 deprehenderunt,
984 4168 1173 4220 violenter
1204 4169 1464 4222 accommodent
1493 4172 1525 4220 et

159 4244 362 4301 eonciliare
393 4252 583 4300 conentur?
626 4246 696 4308 Quid
727 4247 789 4299 ais?
831 4251 874 4298 An
904 4247 1053 4300 etiamnum
1075 4250 1189 4300 mundus
1221 4247 1271 4300 tibi
1304 4255 1437 4300 aeternus
1464 4249 1523 4300 esti

160 4323 208 4379 Sol
229 4323 302 4403 infra
324 4317 348 4385 Q
369 4331 400 4377 et
424 4319 444 4382 Q
467 4332 527 4379 est?
568 4326 733 4395 Principium
756 4343 900 4379 nervorum
922 4327 948 4379 in
970 4329 1050 4380 corde
1072 4332 1131 4380 est?
1175 4327 1244 4388 Quia
1267 4326 1293 4379 id
1316 4326 1397 4380 seivit
1418 4327 1524 4381 Aristo·

160 4404 239 4466 teies,
262 4403 364 4473 vulgus
387 4407 567 4474 approbavit,
598 4424 654 4459 nox
674 4406 730 4458 ista
751 4413 903 4474 temporum
926 4413 967 4460 tot
988 4408 1082 4459 secula
1104 4408 1190 4477 longa
1211 4406 1412 4460 consolidavit?
1456 4404 1523 4468 Quid

159 4482 246 4555 igitur
266 4484 328 4536 Deo
349 4485 457 4555 gratias
480 4487 588 4556 agimus
610 4486 746 4555 quotidie,
775 4485 820 4554 qui
842 4486 972 4555 dispulsis
1004 4487 1058 4539 illis
1088 4485 1209 4540 tenebris
1238 4503 1298 4539 oum
1329 4486 1357 4539 in
1388 4486 1524 4558 religione

160 4571 217 4618 tum
239 4565 266 4617 in
288 4565 394 4618 artibus
417 4573 446 4619 et
467 4567 561 4620 literis'
577 4566 755 4619 clarissimam
777 4565 941 4635 cognitionis
964 4583 1090 4619 auroram
1106 4566 1266 4620 reduxerit?
1307 4569 1352 4619 An
1374 4565 1523 4620 etiamnum

159 4648 315 4707 stertemus,
339 4663 397 4699 cum
416 4645 476 4713 jam
498 4648 603 4700 clarum
624 4663 703 4699 mane
726 4649 862 4698 fenestras
884 4645 989 4701 intrati
1020 4650 1062 4698 An
1079 4647 1138 4699 heri
1160 4663 1252 4699 omues
1268 4651 1388 4699 naturae
1411 4646 1523 4699 thesau-

159 4738 204 4776 ros
226 4726 360 4779 exhausit
380 4726 562 4788 Aristoteles,
583 4733 617 4783 ,ut
638 4726 717 4779 hodie
739 4725 807 4779 nihil
829 4726 967 4795 supersit?
1009 4731 1053 4778 An
1075 4726 1125 4779 tibi
1147 4728 1242 4779 durum
1264 4725 1388 4788 videtur,
1408 4733 1442 4781 ιιι
1463 4741 1524 4778 cae·

161 4803 290 4858 antivisse
313 4804 339 4858 in
361 4807 455 4859 multis
476 4813 585 4860 veteres
607 4804 746 4860 dicamus?
789 4805 874 4872 Cujus
906 4823 974 4881 ergo
996 4813 1061 4859 sunt
1080 4806 1137 4859 ista
1158 4807 1256 4859 rerba:
1287 4821 1401 4876 „panca
1425 4802 1523 4860 mentis
