3366 5482
794 188 883 245 eoubs
899 190 997 247 Um
1509 181 1574 257 268

212 355 324 419 Terrae
346 373 402 419 ssu
424 374 508 434 φορ(
530 352 666 434 ejusdem
688 370 742 431 per
765 351 811 413 sui
835 349 937 413 circuli
961 349 1173 430 quadrantem,
1207 301 1436 409 manente⁰axe
1462 345 1574 415 Terrae

213 462 331 524 semper
359 442 418 506 sibi
442 442 501 521 ipsi
531 441 714 505 indiversis
737 441 854 503 situhns
883 437 1045 518 parallelo,
1081 435 1201 497 minime
1224 454 1296 497 vero
1325 441 1462 502 nutante.
1508 433 1574 503 Neo

211 533 341 612 simplex
358 533 435 594 haec
459 530 646 594 asseveratio
671 549 742 590 vei-n
766 540 822 602 est,
848 531 990 607 angulum
1012 526 1089 587 huno
1109 523 1230 586 variari.
1276 525 1354 588 Nam
1370 523 1476 585 eadem
1490 541 1573 593 serri-¹

211 642 263 702 por
285 629 391 683 manet
413 621 480 683 axis
505 620 616 682 Terrae
642 620 680 680 ad
704 620 825 701 planum
850 616 1007 698 eclipticas
1032 614 1200 686 inclinatio,
1234 613 1350 674 sivein
1376 610 1574 690 aequinoctiis

211 711 274 773 sive
307 710 339 771 in
363 710 506 773 solstitiis
531 711 583 782 (de
614 712 795 781 mutatione,
830 727 906 786 quae
940 714 1009 784 post
1042 703 1136 763 multa
1164 701 1265 763 secula
1297 718 1442 780 perquam
1466 699 1575 779 exigua

211 799 373 878 contingit,
400 801 464 879 jam
498 817 556 858 nnn
590 798 724 878 loquor),
758 799 812 860 sed
845 817 903 860 non
933 813 1050 872 semper
1079 790 1182 853 Solem
1215 790 1356 869 respicit3
1391 788 1574 850 transfertur
1618 809 1622 817 ¹

211 907 338 966 namque
362 887 466 950 Tellus
490 906 555 949 cum
580 906 636 948 sua
659 889 866 958 inclinatione,
895 904 970 966 quae
995 899 1112 960 semper
1141 880 1172 940 in
1196 881 1318 940 easdem
1343 876 1444 937 mundi
1468 885 1574 955 partes

211 977 320 1056 vergit.
368 977 475 1058 Itaque
504 975 659 1043 inclinatio
690 979 779 1053 haec,
815 977 921 1044 eadem
953 990 1077 1041 manens
1112 988 1178 1030 oum
1206 969 1296 1047 plano
1322 967 1404 1045 ipso,
1438 965 1573 1026 diversos

210 1077 312 1128 tamen
337 1067 463 1145 angulos
487 1085 555 1126 cum
579 1065 706 1129 diversis
734 1066 816 1147 plani
842 1064 929 1127 lineis
954 1057 1124 1130 constituit,
1160 1066 1193 1118 ut
1222 1076 1258 1116 er
1289 1054 1474 1135 geometrica
1498 1053 1574 1114 soli·

210 1157 315 1218 dorum
338 1155 476 1218 doctrina
498 1164 630 1218 constat.
1040 1224 1047 1230 ¹
1079 1200 1084 1210 .

300 1245 447 1325 Adeoque
476 1244 525 1322 qui
558 1255 628 1324 apte
658 1245 714 1306 sibi
748 1242 878 1306 voluerit
910 1234 1068 1316 imaginari
1101 1234 1228 1311 primum
1253 1239 1284 1294 et
1317 1231 1438 1292 tertium
1462 1230 1574 1292 Terrae

209 1341 321 1395 motmn
346 1335 509 1395 secundum
535 1331 732 1414 Oopernicum
758 1332 908 1411 (quamvis
942 1325 1051 1388 tertius
1084 1322 1132 1384 hic
1159 1340 1269 1402 perse
1294 1328 1393 1381 motus
1417 1337 1475 1379 uon
1499 1321 1572 1392 est),

208 1425 233 1485 is
256 1422 425 1503 cylindrum
449 1422 527 1484 binis
550 1424 649 1502 planis
674 1422 829 1501 parallelis
853 1419 971 1497 oblique
997 1421 1080 1473 secet
1094 1411 1133 1472 ad
1148 1411 1288 1490 angulum
1305 1401 1484 1500 bd'l,⁰‚·et
1500 1406 1571 1486 qnia

208 1514 263 1574 hoc
287 1519 379 1590 pacto
403 1531 573 1595 communes
598 1512 748 1573 sectiones
772 1531 825 1572 seu
849 1511 939 1571 bases
962 1504 1038 1564 fiant
1253 1547 1296 1596 ἡ
1312 1543 1333 1586 3·

209 1601 342 1680 ellipses,
363 1619 418 1679 per
432 1602 535 1663 coroll.
555 1597 605 1663 16.
621 1601 672 1662 lib.
689 1602 713 1661 l.
739 1599 845 1661 Sereni
860 1599 896 1660 de
912 1593 1039 1675 cylindri

208 1691 364 1752 sectione:
392 1689 488 1769 fingat
510 1690 536 1751 is
561 1690 694 1763 interim,
725 1709 793 1750 esse
818 1687 945 1749 circulos
970 1700 1041 1761 per-

212 1780 316 1841 iectos.
347 1775 433 1849 Quae
449 1778 540 1857 igitur
555 1787 603 1840 est
624 1779 653 1841 in
670 1777 910 1839 circumferentia
925 1771 1042 1834 basium

209 1867 381 1946 superficies
397 1866 505 1928 alicubi
524 1877 616 1940 recta,
643 1867 790 1928 inclinata
805 1863 924 1936 alicubi,
948 1860 1042 1921 talem

209 1957 396 2036 superficiem
416 1956 483 2017 axis
499 1958 610 2017 Terrae
630 1955 773 2018 inclinate
793 1953 970 2017 circumlata
985 1950 1040 2009 de·
1064 1992 1082 2052 c

210 2044 324 2106 scribit.
372 2042 440 2117 Ac,
465 2044 521 2105 BD
545 2045 635 2106 bases
660 2044 798 2125 cylindri,
832 2044 885 2104 illa
907 2038 1040 2108 inferior,

211 2135 283 2195 haec
317 2133 467 2214 superior,
505 2132 561 2195 OD
594 2132 766 2212 superficies
800 2130 962 2212 aequealta
995 2125 1044 2187 axi

212 2224 337 2292 Terrae,
366 2223 415 2284 hic
439 2229 487 2283 est
515 2223 662 2283 inclinata
693 2229 725 2283 ut
748 2230 781 2283 et
803 2222 832 2282 in
857 2219 929 2290 AB,
961 2222 1046 2278 recta

209 2313 236 2373 iu
259 2311 296 2385 E,
322 2313 357 2373 F.
395 2311 444 2372 lta
468 2308 533 2384 cl),
564 2311 620 2372 AB
645 2311 846 2373 solstitiorum
874 2315 943 2370 sunt
967 2307 1044 2376 loca,

210 2400 252 2476 Ε,
276 2401 303 2462 F
326 2399 589 2480 aequinoctiorum.

297 2489 363 2552 Nec
387 2488 517 2550 feliciter
530 2489 628 2551 Ursus
644 2485 783 2549 Graecas
800 2505 889 2547 voces
914 2486 1017 2565 tetigit
1041 2495 1165 2565 κυλισις,
1190 2498 1312 2570 tanqum,
1336 2498 1497 2572 potestque
1521 2491 1570 2554 vel

211 2577 265 2639 hoc
289 2577 355 2640 solo
380 2576 519 2639 Graecae
539 2577 659 2656 linguae
673 2577 772 2654 perito
798 2573 998 2653 Oopernicum
1018 2581 1179 2643 obscurum
1194 2582 1329 2645 reddere.
1377 2578 1454 2654 Tibi,
1479 2579 1569 2656 Urso,

210 2667 317 2742 Terra,
342 2666 384 2728 uti
409 2666 528 2747 quidem
552 2667 678 2740 statuis,
703 2666 733 2726 in
753 2664 880 2745 jactatis
904 2687 922 2725 a
945 2671 976 2725 te
1000 2667 1218 2750 hypothesibus
1243 2676 1372 2738 decessor,
1397 2669 1427 2730 iu
1451 2667 1570 2747 (loper-

211 2755 274 2817 nico
298 2755 380 2817 orbis
410 2755 459 2836 qui
483 2756 607 2816 Terram
631 2755 729 2829 vehit,
763 2753 789 2814 si
813 2755 878 2833 quis
902 2754 1064 2833 palpabilis
1089 2767 1185 2833 esset,
1217 2765 1341 2822 tacerent.
1389 2760 1423 2819 In
1447 2756 1570 2820 usitatis

212 2844 425 2929 hypothesibus
458 2864 562 2907 omnes
596 2845 683 2905 orbes
715 2850 747 2903 et
771 2842 946 2903 nominatim
976 2848 1102 2909 mundus
1131 2856 1214 2909 totus
1248 2855 1279 2907 et
1302 2845 1434 2925 sphaera
1458 2847 1572 2910 extima

211 2937 339 3002 tuerent,
374 2933 403 2994 in
437 2942 524 2995 torno
548 2934 655 3012 globus
685 2937 799 2994 dourenc
832 2933 1055 3011 quiescentibus
1083 2937 1161 3015 polis
1190 2946 1222 2997 et
1249 2943 1389 2997 manente
1413 2936 1517 2997 mobili
1539 2934 1570 2997 in

211 3041 260 3083 suo
285 3024 362 3084 loco.
411 3024 505 3085 Terra
528 3041 600 3083 vero
625 3020 653 3082 in
671 3019 847 3100 Copernico‚
873 3022 898 3081 si
922 3021 1017 3084 solum
1042 3045 1169 3086 annuum
1186 3033 1298 3085 motum
1313 3031 1444 3102 spectes,
1469 3031 1569 3085 mente

211 3130 354 3190 separans
379 3112 523 3186 diurnum,
548 3111 725 3189 simpliciter
748 3132 944 3188 naqaqepsrnn.
992 3111 1045 3173 Sin
1070 3120 1103 3174 tu
1128 3115 1228 3192 dicas,
1254 3110 1421 3191 Copernico
1446 3113 1571 3174 Terram

211 3205 367 3274 tuendus,
397 3219 456 3262 non
481 3220 537 3280 ego
562 3201 740 3261 intellexero
775 3200 811 3259 de
840 3208 921 3260 motu
946 3221 1043 3262 annuo
1078 3203 1130 3262 sed
1161 3204 1197 3263 de
1222 3200 1355 3275 diurno,
1377 3220 1443 3262 curu
1472 3201 1510 3261 ab
1534 3218 1570 3262 eo

210 3298 305 3351 mente
330 3309 507 3369 separamus
531 3309 670 3351 annuum.
717 3287 772 3350 Sin
792 3297 891 3349 autem
915 3288 1209 3366 cluniancensem,
1229 3292 1294 3370 jam
1313 3299 1468 3369 utrumque
1484 3308 1569 3352 com·

210 3379 314 3456 plexus
337 3397 371 3440 es
394 3387 426 3441 et
448 3387 562 3440 motum
587 3379 725 3439 diurnum
749 3388 780 3439 et
804 3397 941 3437 annuum.
989 3380 1109 3441 Etenim
1134 3385 1257 3451 κυλισις,
1292 3379 1454 3452 sinceris,
1486 3396 1570 3441 com-

210 3468 324 3545 positus
348 3475 396 3528 est
418 3476 517 3529 motus
549 3487 587 3528 ex
611 3488 693 3546 φορᾳ
725 3476 756 3528 et
780 3471 895 3542 damon.
943 3468 984 3529 Et
1014 3472 1174 3531 convena.
1207 3470 1325 3550 globus
1348 3468 1398 3528 ille
1427 3468 1569 3542 lusorum,

211 3575 263 3634 qno
298 3556 337 3616 ad
362 3564 481 3617 stantes
514 3575 625 3617 cuneos
654 3555 832 3618 evertendos
865 3555 1029 3619 collimant.
1073 3559 1139 3621 Nec
1172 3578 1218 3619 me
1243 3557 1371 3619 Hercule
1396 3553 1569 3627 concinnius

211 3654 255 3706 est
278 3646 448 3725 exemplum
473 3654 571 3706 motus
587 3645 716 3705 Telluris
741 3644 908 3723 compositi,
933 3666 1021 3725 quarn
1046 3647 1071 3708 si
1096 3647 1161 3727 quis
1185 3648 1290 3725 fingat,
1314 3645 1434 3724 globum
1455 3645 1568 3705 Terrae

211 3733 303 3796 instar
327 3734 474 3814 ejusmodi
498 3734 578 3813 globi
604 3733 706 3795 lusorii
731 3734 849 3812 obliquo
874 3742 974 3796 tannen
1000 3737 1048 3797 axi
1073 3737 1209 3815 provolvi
1233 3737 1262 3796 in
1286 3735 1430 3795 directam
1446 3733 1567 3801 lineam,

211 3823 259 3883 sed
281 3841 358 3903 quae
373 3842 430 3883 nou
447 3824 489 3884 sit
503 3823 531 3884 iu
547 3824 636 3902 plano
659 3842 760 3884 verum
785 3824 814 3883 in
843 3824 949 3901 globo;
975 3833 1009 3886 ut
1032 3826 1057 3886 si
1072 3826 1168 3887 Terra
1192 3826 1220 3885 in
1244 3822 1390 3901 superiori
1414 3822 1567 3883 schemate

209 3911 361 3992 superficie
375 3909 487 3974 EAF'O
511 3911 740 3992 provolveretur
756 3911 804 3972 via
818 3911 921 3987 EGF;
946 3921 978 3973 et
1002 3914 1045 3975 sic
1069 3921 1132 3975 tres
1150 3913 1308 3992 Copernici
1331 3917 1430 3972 motus
1453 3910 1483 3971 in
1507 3929 1567 3972 nna

210 3999 262 4062 hnc
285 4001 494 4079 provolutione
517 4001 629 4063 insunt.

293 4089 442 4151 Perduxit
464 4088 673 4172 hypothesium
696 4088 853 4150 historiam
869 4091 966 4154 Ursus
989 4109 1082 4169 usque
1107 4091 1144 4152 ad
1165 4098 1301 4169 tempora
1317 4086 1442 4161 Christi,
1466 4086 1567 4168 quali·
1631 4158 1635 4165 ¹

210 4197 322 4260 cnnqne
346 4197 498 4242 successu.
547 4176 636 4249 Quod
659 4178 754 4240 sicubi
778 4200 796 4239 a
820 4198 911 4260 scopo
937 4179 1061 4253 erravit,
1087 4198 1169 4242 error
1192 4178 1313 4240 crimine
1337 4186 1438 4239 tamen
1464 4195 1567 4238 carere

211 4267 303 4329 videri
326 4274 440 4347 potest.
487 4268 547 4330 Per
570 4268 770 4344 ignorantiam
795 4268 871 4329 enirn
897 4286 999 4329 omnes
1031 4268 1227 4330 multifariam
1252 4268 1389 4329 labimur.
1436 4266 1482 4327 At
1500 4266 1566 4345 jam

210 4356 255 4418 ubi
278 4357 318 4417 ad
342 4357 535 4436 Apollonium
559 4357 726 4435 Pergaeum
751 4358 880 4432 devenit,
907 4350 982 4418 adeo
1006 4359 1080 4419 dura
1104 4359 1201 4419 fronte
1226 4365 1282 4430 est,
1309 4357 1442 4435 adeoque
1467 4372 1565 4432 nuga-

209 4444 357 4509 cissimam
389 4445 488 4507 sciens
512 4447 674 4524 volensque
705 4454 809 4508 narrat
840 4447 991 4521 fabulam,
1025 4455 1058 4508 nt
1086 4447 1219 4515 nescias,
1253 4447 1391 4508 rideasue
1415 4441 1565 4504 homiuem

209 4535 307 4612 potius
331 4554 368 4595 an
398 4534 550 4597 irascaris.
599 4532 841 4596 circumstantiis
866 4534 1000 4597 omnibns
1025 4536 1227 4597 narrationem
1252 4554 1337 4595 snam
1358 4531 1494 4604 iustruit,
1520 4536 1562 4601 ut,

210 4623 252 4684 cul
276 4623 313 4684 de
337 4641 370 4683 re
394 4624 460 4702 ipsa
482 4643 540 4685 non
567 4631 638 4684 ante
661 4630 792 4698 constat,
812 4625 917 4703 jurare
941 4624 1038 4693 ausit,
1064 4643 1121 4685 non
1147 4643 1215 4685 esse
1239 4623 1322 4685 nihili
1347 4639 1419 4694 rem,
1444 4638 1504 4699 qua
1526 4617 1563 4679 de

209 4710 346 4794 loquitur.
397 4708 468 4784 Qua
490 4712 521 4775 iu
545 4731 576 4775 re
600 4730 665 4774 curn
682 4713 873 4794 praecipuum
888 4732 998 4776 causae
1013 4733 1086 4776 suae
1100 4714 1318 4776 firmamentum
1342 4715 1446 4791 ponat,
1469 4725 1562 4790 prse-
