3366 5482
640 260 643 266 ι
686 289 719 339 de
736 290 808 339 rebus
827 290 989 356 astrologicis.
1451 271 1524 361 3ζῖ

201 407 204 411 ’
240 441 448 521 Keplerus:
482 442 645 506 Octidunm
672 444 818 508 Pasclrati
848 448 1015 527 adjectum,
1050 450 1120 528 quia
1150 450 1248 513 triduo
1272 454 1395 516 aberrat
1423 456 1516 517 iudex

150 539 257 594 noster
282 532 509 594 noviluniorum.
558 534 669 594 Nescio
694 535 760 615 quis
784 554 840 596 nos
864 538 902 597 ad
927 537 1047 616 regulas
1071 537 1201 600 rusticas
1226 541 1423 621 ablegaveris,
1448 564 1515 606 cum

151 621 320 683 babeamus
344 622 571 683 astronomiam.

226 709 408 759 Fabricius:
436 710 489 774 Ego
507 717 581 773 puto,
601 725 677 759 novas
696 711 795 768 stellas,
815 728 837 760 v.
857 728 878 762 c.
899 713 960 762 anni
977 709 1042 760 1572
1063 719 1088 763 et
1105 714 1249 764 hodiernam
1268 717 1293 766 in
1313 720 1386 783 cygni
1405 727 1514 783 pectore,

150 783 213 832 item
231 786 385 831 cometarum
405 795 520 844 corpora,
547 797 596 831 nou
614 788 675 831 tunc
694 784 797 846 primum
824 784 878 834 fieri
896 784 1017 847 incipere,
1047 786 1128 848 quoad
1151 788 1298 843 essentiam,
1326 804 1382 838 cum
1400 804 1427 839 se
1445 793 1515 841 uobis

150 851 331 914 conspicienda
352 853 488 915 praebent,
514 853 558 902 sed
576 854 602 902 in
620 855 673 916 ipsc
691 853 775 902 muudi
794 856 923 917 primordio
943 855 1057 904 conditas
1075 871 1144 913 esse,
1173 864 1199 908 et
1224 861 1348 910 acetaria
1366 861 1444 910 stallis
1462 863 1517 913 sola

149 924 215 974 lucis
228 923 382 973 carentiaco
396 923 545 973 distinxisse.
582 924 658 974 Ratio
673 930 720 983 est,
740 927 803 990 quod
822 926 869 974 illis
883 927 1079 976 extraordinarie
1092 927 1162 978 Deus
1181 929 1214 978 ad
1224 930 1316 994 aliquid
1334 932 1425 982 mundo
1438 934 1515 998 signi·

150 993 279 1044 licendum
308 995 382 1043 certis
401 995 551 1058 temporibus
569 997 605 1044 uti
625 997 793 1054 constituerit;
821 997 890 1046 Deus
909 1012 966 1046 vero
995 998 1043 1046 illis
1071 998 1151 1048 lucem
1175 1001 1283 1064 impertit
1308 1003 1347 1051 vel
1371 1003 1515 1054 immediate

150 1065 189 1116 vel
210 1066 287 1115 etiam
305 1065 414 1130 mediate
435 1080 479 1128 per
497 1072 577 1115 motus
595 1066 767 1130 planetarum,
796 1075 840 1117 aut
866 1068 970 1117 aliarum
988 1068 1115 1118 stellarum
1139 1070 1241 1120 lixarum
1261 1073 1449 1130 accedentium,
1476 1074 1514 1125 vel

151 1142 224 1186 certa
242 1144 337 1200 σχεσει
356 1151 400 1186 eas
420 1138 602 1199 aspicientium.
640 1139 675 1186 At
693 1141 826 1202 quaeritur,
846 1154 901 1189 cum
920 1140 1002 1188 lumen
1022 1140 1118 1189 illarum
1136 1141 1160 1188 iu
1180 1144 1260 1204 prima
1272 1143 1391 1193 effinione
1411 1145 1444 1192 sit
1461 1152 1514 1196 sta·

150 1209 197 1258 tim
216 1209 361 1262 maximum,
380 1222 423 1256 cur
441 1223 490 1257 non
510 1208 598 1258 eadem
617 1211 714 1259 ratione
732 1212 818 1259 statim
838 1210 992 1274 dispareant,
1010 1211 1054 1260 scd
1073 1213 1165 1261 sensim
1183 1212 1285 1276 potius?

224 1279 296 1328 Haec
316 1286 342 1328 et
360 1279 411 1328 alia
429 1285 482 1328 taur
502 1279 622 1329 audacter
640 1281 685 1329 abs
703 1288 728 1329 te
747 1296 853 1344 quaero,
873 1282 937 1345 quod
956 1284 1094 1336 sciam-te
1113 1284 1137 1332 in
1157 1285 1374 1348 imaginationibus
1392 1287 1513 1336 maxima·

151 1366 205 1400 rum
225 1365 307 1399 rerum
324 1364 384 1413 prae
403 1350 487 1400 multis
507 1350 561 1399 aliis
580 1351 710 1414 plurimum
729 1352 857 1402 excellcre.
898 1352 1014 1416 Opticam
1034 1361 1060 1403 et
1079 1354 1137 1411 elia,
1157 1370 1220 1420 quae
1239 1355 1287 1404 hoc
1306 1370 1372 1405 auno
1390 1358 1415 1405 in
1434 1357 1514 1408 lucem

152 1421 216 1472 data
233 1427 300 1477 suut,
319 1435 411 1484 quaeso
429 1421 490 1471 mibi
508 1423 603 1471 mittes.
640 1423 714 1472 Vale.

242 1493 451 1571 Keplerus:
486 1493 551 1572 Ego
576 1503 746 1555 cometas
778 1495 866 1572 plane
886 1496 1024 1555 naturale
1049 1496 1118 1575 quid
1143 1515 1211 1557 esse
1239 1497 1356 1575 judico,
1392 1506 1512 1560 etcum

151 1582 280 1643 mundus
305 1581 401 1641 omnis
425 1582 524 1642 anima
549 1581 654 1659 plenus
678 1583 735 1656 eit,
760 1593 832 1661 puto
857 1583 912 1643 hos
937 1584 1023 1662 quasi
1048 1604 1187 1645 secessus
1212 1586 1356 1647 materiae
1382 1588 1510 1648 munda-

152 1690 220 1743 uac,
246 1669 296 1730 ubi
319 1669 482 1731 incrassati
507 1670 627 1746 fuerint,
652 1671 783 1732 calefieri
807 1672 845 1732 ab
861 1671 962 1732 anima
986 1672 1107 1752 fierique
1123 1673 1222 1734 bullas
1246 1675 1408 1748 atomum,
1433 1695 1509 1755 quae

151 1760 250 1838 primo
274 1758 405 1820 animam
429 1758 615 1837 concipiunt,
648 1781 724 1841 quae
749 1782 767 1820 a
791 1760 916 1821 fixarum
940 1760 1062 1821 animali
1099 1762 1244 1824 facultate
1268 1765 1337 1835 (seu
1366 1762 1424 1824 loci
1455 1784 1509 1827 seu

155 1848 312 1910 facultatis
336 1848 377 1909 sit
392 1848 559 1926 proprium)
581 1849 745 1927 quiescere,
772 1868 847 1927 quae
864 1872 881 1909 a
897 1850 1096 1928 planetarum,
1122 1852 1243 1912 moveri.
1292 1850 1420 1913 Stellam
1442 1852 1512 1912 anni

152 1934 194 1999 72
220 1936 288 1997 dico
313 1937 424 1998 bullam
448 1937 555 2009 fuisse,
590 1957 684 1999 causa
708 1937 775 1998 binc
799 1939 918 1999 subitae
949 1938 1024 1998 lucis
1047 1937 1202 2013 indicium,
1237 1941 1315 2019 quod
1339 1941 1510 2002 successive

149 2027 267 2088 colores
284 2026 367 2086 iridis
383 2027 537 2087 aemulata
552 2034 610 2100 est,
636 2035 668 2088 ut
683 2027 765 2087 bulla
785 2027 991 2106 smegmatica.
1004 2021 1036 2099 ι)
1074 2027 1120 2087 De
1136 2029 1263 2089 cometis
1278 2023 1379 2089 tamen
1396 2028 1509 2102 dubito,

152 2134 189 2176 an
214 2115 298 2175 intus
319 2114 402 2187 cavi3
427 2113 570 2175 refractio
596 2116 674 2176 euim
698 2123 822 2193 cogeret
845 2117 947 2176 radios
971 2123 1002 2176 et
1026 2115 1159 2176 sectione
1185 2117 1268 2177 facte
1292 2117 1399 2178 iterum
1419 2118 1512 2178 dissi-

153 2211 251 2284 paret.
299 2202 381 2264 Tuae
415 2203 585 2265 sententiae
619 2204 693 2266 nihil
718 2204 812 2265 eflicit
844 2204 998 2265 uatu'rales
1022 2223 1108 2278 esse;
1144 2204 1350 2283 significarent
1377 2205 1457 2267 euim
1480 2216 1514 2267 ut

154 2293 295 2372 eclipses.

242 2380 395 2459 Optica,
421 2388 569 2458 quatenus
593 2380 709 2458 optica,
736 2380 870 2452 absolvi3
895 2388 1009 2452 restat,
1036 2388 1069 2441 ut
1093 2381 1129 2440 de
1155 2401 1208 2442 usu
1232 2383 1347 2455 dicam,
1383 2382 1403 2443 i.
1429 2402 1454 2443 e.
1480 2391 1513 2444 ιιι

152 2467 183 2532 l.
210 2469 241 2532 5.
267 2467 297 2531 6.
345 2469 511 2530 Ptolemaei
542 2469 633 2530 libros
664 2488 739 2548 pene
771 2478 854 2529 totos
883 2469 969 2530 novis
999 2469 1197 2549 problematis
1222 2471 1399 2549 exprimam.
1448 2472 1511 2531 Irn-

153 2578 261 2639 pressa
284 2577 341 2618 non
367 2566 454 2630 suut;
480 2577 590 2637 magna
615 2557 776 2619 difficultas
800 2557 989 2637 imprimendi
1013 2556 1079 2619 erit.
1180 2548 1185 2563 ⁴

243 2648 323 2708 Vale
348 2648 470 2708 taudem
494 2656 525 2708 et
548 2641 594 2708 me
618 2667 697 2723 ema,
722 2647 861 2726 mihique,
886 2647 912 2707 si
936 2666 989 2725 per
1006 2645 1133 2708 dicteria
1156 2654 1187 2707 et
1212 2647 1427 2708 mansiunculas
1443 2656 1511 2708 tae-

154 2737 233 2798 dium
275 2734 410 2817 prolixae
449 2735 620 2814 scriptionis
658 2743 816 2809 (paglnarum
843 2745 869 2793 in
897 2745 955 2794 tolio
983 2741 1029 2804 27)
1063 2726 1173 2796 alicubi
1212 2735 1317 2810 lenivi,
1362 2736 1511 2814 ignosces.

155 2827 237 2887 ldern
262 2825 316 2886 tibi
341 2824 453 2885 licitum
478 2834 553 2885 esto.

243 2916 360 2992 Pragae
385 2914 415 2974 d.
440 2910 471 2975 4.
496 2913 558 2974 .ΙιιΙ.
587 2909 684 2974 1603.
945 2902 946 2905 “
1127 2912 1162 2973 Τ.
1189 2909 1226 2972 0.
1252 2910 1421 2971 Amantiss.

1157 3000 1190 3062 J.
1214 2997 1383 3080 Keplema.

223 3091 293 3151 Quas
316 3084 405 3139 literas
424 3104 480 3138 cum
501 3088 625 3152 Keplerus
653 3090 766 3154 Augusto
794 3090 893 3137 demum
928 3101 1013 3136 mense
1039 3087 1164 3137 Esenuam
1189 3087 1361 3141 transmiserit,
1392 3087 1513 3151 epistolae

155 3164 259 3213 Fabricii
285 3164 381 3210 interim
406 3161 438 3210 ad
456 3160 592 3223 Keplerum
617 3160 692 3211 datae
712 3158 766 3221 (28.
786 3160 844 3209 Jun.
869 3158 894 3208 l.
913 3159 962 3209 Jul.
992 3157 1035 3206 21.
1054 3155 1146 3223 Aug),
1173 3160 1237 3208 siout
1262 3160 1337 3207 etiam
1365 3159 1512 3222 posteriores

154 3249 236 3284 meuse
255 3232 319 3282 Dec.
341 3229 409 3281 1603
428 3232 535 3281 refertae
552 3239 610 3280 suut
628 3232 732 3295 querelis
751 3239 777 3281 et
795 3233 912 3287 monitis,
939 3231 1025 3294 quibus
1042 3230 1178 3292 Keplerum
1198 3230 1232 3279 ad
1249 3230 1448 3292 respondendum
1466 3232 1511 3279 inr-

153 3305 237 3368 psllat.
277 3304 374 3361 ,Licet
394 3305 479 3353 scribit
497 3301 521 3350 l.
542 3301 608 3360 Jul,
634 3303 667 3352 ad
685 3308 710 3352 te
730 3304 943 3367 praestantissime
962 3301 1191 3353 matbematicorum
1210 3302 1287 3350 nostri
1305 3301 1382 3350 seculi
1401 3303 1514 3364 princeps

156 3377 260 3426 Domine
278 3375 397 3437 chlcre,
416 3383 455 3423 tor
473 3380 591 3438 quaterve
611 3370 648 3435 (iu
666 3374 743 3422 literis
764 3371 805 3421 28.
826 3373 894 3422 Junii
913 3372 1010 3422 scribit:
1031 3370 1122 3433 series)
1141 3373 1263 3422 hactenus
1282 3373 1428 3435 scripserim,
1446 3372 1513 3421 ride·

154 3451 184 3498 ris
202 3456 290 3497 minen
310 3448 393 3495 omnia
412 3446 449 3494 rel
469 3460 499 3494 ex
518 3447 642 3509 proposito
661 3445 699 3494 vel
719 3446 773 3493 aliis
792 3444 973 3508 impedimentis
999 3444 1097 3493 silentio
1123 3446 1266 3506 praeterire.
1302 3442 1356 3491 Nisi
1381 3450 1465 3492 autem
1484 3441 1515 3492 do

155 3528 197 3569 tus
223 3519 382 3568 humanitate
408 3524 434 3566 ot
457 3516 604 3566 rescribendi
628 3516 750 3565 facilitate
770 3522 795 3564 et
821 3515 998 3578 promtitudiue
1023 3515 1082 3564 mihi
1110 3523 1151 3565 sat
1178 3521 1316 3567 constaret.
1346 3520 1459 3576 putarem
1488 3520 1513 3562 te

154 3604 222 3640 meas
247 3590 355 3638 aversari
374 3589 473 3644 literas,
503 3594 547 3636 aut
566 3601 650 3637 earum
669 3588 830 3652 legendarum
854 3587 936 3636 taedio
965 3593 990 3634 te
1009 3586 1130 3636 laborare.
1168 3585 1273 3645 Quando
1298 3599 1354 3634 vero
1373 3585 1515 3634 commodus

159 3663 216 3711 mihi
236 3675 303 3710 nunc
322 3661 394 3710 datur
413 3660 484 3717 lator,
512 3659 576 3707 volui
596 3660 684 3708 ceteris
704 3664 730 3707 et
747 3659 823 3707 hasce
843 3659 979 3721 adjungere
998 3657 1097 3716 literas,
1117 3664 1146 3706 ut
1164 3659 1199 3706 sic
1219 3655 1469 3718 ad-respondendum
1488 3660 1513 3704 te

159 3733 260 3782 nudem
284 3731 417 3796 aliquando
442 3729 622 3794 permaneam.“
661 3729 772 3787 Deinde,
793 3728 835 3777 21.
855 3730 961 3792 Augusti
980 3730 1014 3777 sic
1033 3731 1129 3793 pergit:
1156 3728 1277 3777 Uranicus
1304 3727 1376 3776 ardor
1394 3726 1515 3776 deferbuit

160 3804 275 3859 multum,
301 3804 446 3866 praesertim
465 3802 528 3865 quod
548 3801 629 3850 oleum
647 3801 826 3864 Kepleriannm
845 3800 938 3849 nullum
965 3800 1069 3862 amplius
1087 3800 1196 3863 lampadi
1220 3805 1320 3848 nostrae
1339 3797 1515 3861 suppeditetur.

158 3875 204 3926 Die
224 3872 267 3922 22.
288 3873 350 3924 Dec.
370 3870 407 3934 (l.
426 3873 485 3923 Jan.
507 3869 603 3933 lbos),
622 3875 693 3936 quasi
715 3871 824 3922 nondum
850 3872 989 3933 accepisset
1012 3871 1113 3933 Kepleri
1134 3885 1292 3933 responsum,
1312 3870 1411 3919 scribit:
1441 3867 1514 3926 „llbu

159 3955 230 4011 puto,
259 3954 284 3995 te
304 3946 454 3994 liberalitate
472 3959 530 3993 mea
549 3945 686 4007 opponendi
707 3944 828 3993 offensum
845 3943 929 3991 fuisse.
966 3941 1026 3992 Feci
1044 3942 1070 3991 id
1087 3958 1136 3991 non
1155 3941 1287 3991 cavillandi
1306 3941 1388 3989 studio
1407 3937 1517 4003 (spectat

158 4019 193 4069 bis
212 4031 253 4071 ea,
273 4031 338 4082 qnae
357 4031 413 4064 curn
433 4015 540 4078 Keplero
560 4015 590 4063 de
610 4014 697 4064 Martis
716 4016 821 4063 motibus
841 4015 901 4079 egit,
920 4012 1051 4063 referenda
1070 4014 1102 4062 ad
1122 4012 1258 4062 Commeat.
1275 4009 1392 4072 Martis),
1411 4011 1456 4060 sed
1474 4026 1515 4059 re-

158 4091 238 4140 ritatis
257 4089 347 4138 saltem
365 4087 526 4150 inquirendae
546 4085 648 4136 causa.“
686 4086 813 4150 Denique,
833 4085 963 4150 quatriduo
979 4092 1048 4148 post:
1080 4084 1167 4149 ,Rogo
1187 4090 1255 4132 tuam
1273 4083 1458 4133 Praestantiam
1475 4097 1517 4146 pro

159 4167 244 4210 noema
262 4159 373 4210 Urauica
392 4158 516 4214 amicitia,
535 4164 564 4206 ut
583 4157 614 4205 ad
633 4159 792 4221 quaestiones
811 4164 837 4206 et
854 4171 932 4220 nuper
951 4162 977 4204 et
994 4171 1059 4206 nunc
1078 4156 1216 4219 propositas
1234 4156 1380 4219 respondere
1400 4154 1516 4220 digneris·

159 4247 203 4283 nec
222 4246 346 4281 remoram
364 4230 477 4292 iuJ'icias,
506 4229 572 4293 quod
590 4244 676 4292 parum
695 4229 788 4278 fructus
807 4230 851 4278 tibi
871 4243 900 4277 ex
919 4241 978 4276 mea
995 4228 1106 4276 amicitia
1130 4226 1258 4291 obtingere
1278 4229 1363 4290 possit.
1400 4225 1517 4275 Balbutio

159 4310 184 4353 ct
201 4303 263 4353 rude
281 4304 306 4352 in
326 4301 509 4351 mathematicis
528 4301 654 4365 ingenium
673 4301 778 4349 libenter
796 4314 912 4364 agnosco.
950 4298 1073 4348 Voluntas
1092 4313 1141 4347 non
1159 4306 1213 4347 tam
1231 4298 1299 4353 mihi,
1318 4312 1392 4362 quarn
1409 4296 1517 4345 facultas
1577 4320 1581 4329 ›

160 4382 184 4424 st
200 4374 364 4425 commoditas
381 4373 503 4421 hactenus
523 4372 613 4421 deluit.
649 4370 722 4421 Nunc
741 4371 843 4421 meliora
861 4386 945 4433 spero,
971 4372 1030 4434 quia
1049 4370 1082 4419 ad
1100 4384 1190 4419 novam
1209 4369 1373 4418 conditionem
1392 4373 1517 4432 promotus

159 4461 220 4504 suus,
239 4445 399 4510 quambrevi
418 4443 567 4507 suscipiam¹⁴
589 4440 706 4506 (pastoris
726 4457 815 4492 munus
835 4439 959 4501 Ostelae).

227 4516 266 4566 Τιι
285 4515 394 4582 quotidie
413 4516 439 4563 in
459 4515 518 4564 aula
536 4515 649 4570 venaris.
668 4521 694 4564 et
713 4519 781 4563 tuum
801 4528 890 4562 nornen
910 4513 973 4562 adeo
992 4517 1075 4561 nostro
1094 4511 1201 4560 Domino
1220 4516 1246 4560 et
1263 4510 1318 4558 aliis
1336 4507 1473 4571 praecipuis
1491 4508 1517 4556 in

162 4603 191 4640 ea
207 4588 265 4639 viris
284 4594 383 4645 uotum,
412 4600 442 4635 so
461 4586 481 4634 si
500 4587 541 4635 hic
559 4587 659 4634 viveres.
697 4584 818 4634 Dominus
837 4584 1007 4634 Cancellarius
1023 4583 1133 4633 Francus
1160 4589 1186 4631 te
1204 4582 1253 4630 buc
1276 4579 1367 4630 salario
1385 4579 1453 4641 regio
1471 4577 1516 4626 ad·

162 4676 248 4712 rocam
268 4659 412 4714 comtituit,
439 4657 472 4706 ad
491 4658 666 4721 professionem
685 4657 859 4706 scholasticam
881 4657 906 4705 in
925 4647 1056 4719 gymnamc
1081 4655 1212 4718 praecipuo
1231 4649 1377 4700 obeundam.
1415 4648 1518 4698 Utinam

161 4731 227 4782 deret
247 4738 273 4782 et
292 4738 320 4780 tu
339 4728 423 4778 induci
442 4729 540 4792 posses!
579 4727 631 4794 Ego
651 4728 714 4777 adeo
733 4729 783 4777 tuis
801 4726 1011 4792 speculationibus
1028 4740 1095 4776 nnnc
1114 4724 1236 4780 delector,
1261 4723 1339 4785 iisque
1357 4725 1455 4770 tautum
1474 4722 1517 4769 tri·

162 4803 220 4862 buo,
238 4809 267 4852 ut
284 4816 325 4853 me
343 4799 450 4870 pudeat,
477 4799 603 4865 scripsisse
622 4798 668 4850 tibi
687 4798 718 4849 ds
735 4799 797 4850 meis
815 4799 896 4864 nugis
934 4796 989 4847 'l'ibi
1007 4797 1091 4847 dirius
1108 4796 1190 4863 gratia
1213 4794 1340 4861 ingenium
1358 4791 1518 4842 matbemati-
