3366 5482
160 264 205 334 66
752 267 915 317 Prooemium

162 437 343 510 potennaam
367 424 432 487 sire
457 426 536 488 latos
561 426 665 487 decem
687 426 795 506 pedum
820 427 848 486 in
882 423 1047 505 particulas
1082 424 1219 484 minimas
1247 420 1352 493 dirisi,
1383 418 1524 500 pinnulas

158 515 247 578 alteri
270 514 399 577 laterum
424 515 505 577 circa
528 524 642 576 rectum
666 515 760 576 affixi.
807 515 1000 593 Triangulum
1034 515 1130 591 ipsum
1160 510 1243 571 nulla
1264 509 1401 571 trochlea
1423 507 1522 569 stabi·

159 602 222 676 liri,
246 604 301 665 sed
325 604 419 665 libere
443 624 461 663 a
485 604 555 664 lune
578 603 708 682 pendere
731 604 870 682 permisi,
904 603 1048 681 appensis
1077 602 1145 662 hinc
1173 599 1243 660 inde
1265 597 1461 677 pondusculis
1484 594 1523 657 li-

158 691 244 754 bravi
267 691 429 771 tantisper,
454 692 522 753 dnm
546 692 638 752 stella
660 693 800 770 pinnulae
826 692 972 752 foramina
991 690 1208 768 ingrederetur.
1255 687 1360 747 Habes
1389 703 1524 764 appara·

159 792 222 842 tum
246 780 427 841 universum.
475 781 582 859 ltaque
606 780 780 841 ossen-ario
803 781 946 841 instituta
969 776 1001 839 2.
1027 777 1136 839 Octob.
1161 795 1239 836 anno
1267 771 1368 848 ¹59st
1392 768 1447 836 26.
1471 769 1525 834 27.

159 864 214 933 28.
238 867 383 930 Decemh.
408 889 487 929 anno
507 864 607 942 1597;
632 887 719 929 mane
744 879 775 929 et
799 870 916 947 vesperi
940 864 993 929 28.
1012 867 1117 927 Martii
1140 885 1218 926 anno
1237 861 1340 936 ¹59&
1360 861 1415 925 25.
1436 860 1524 941 Sept.

159 975 238 1020 anno
265 952 360 1032 1598,
384 957 476 1018 toties
500 957 538 1017 de
562 975 639 1016 noro
663 958 806 1018 dimensis
830 956 968 1017 omnibns
998 955 1164 1026 lateribus;
1194 964 1227 1013 et
1250 950 1433 1031 deprehendi
1457 949 1525 1030 qni·

159 1046 226 1107 dem
250 1046 454 1106 constantiam
478 1046 680 1107 instrumenti.
728 1043 805 1106 Cum
829 1064 901 1125 ergo
926 1055 1032 1124 quater
1056 1041 1280 1104 observaverim
1303 1039 1440 1101 omnibus
1463 1038 1525 1099 sci·

161 1134 233 1196 licet
257 1132 327 1193 anni
351 1132 604 1213 tempestatibus,
639 1134 679 1194 ad
702 1134 855 1214 negotium
878 1135 976 1214 ipsum
1000 1132 1135 1206 idoneis,
1166 1140 1229 1191 tres
1258 1129 1382 1191 ultimae
1406 1126 1524 1209 quidem

160 1221 356 1285 consentiunt
378 1222 616 1295 ohsenariones,
640 1223 737 1301 prima
760 1223 963 1284 secessionem
987 1222 1071 1282 lacit.
1117 1220 1182 1281 Nec
1204 1219 1321 1291 mirum,
1345 1215 1527 1296 cumprime

161 1320 195 1373 et
216 1309 306 1370 onim
331 1309 430 1384 inerit,
457 1330 510 1372 nec
535 1310 695 1371 admodum
720 1312 820 1390 quieto
845 1319 932 1383 aere,
957 1329 1023 1371 cunr
1046 1310 1084 1370 ad
1110 1309 1294 1369 levissimam
1317 1306 1455 1367 aurulam
1477 1304 1525 1365 in·
1553 1378 1559 1384 ,

160 1405 360 1461 strumentum
383 1417 480 1459 menrn
504 1399 717 1478 impelleretur.
765 1398 895 1461 Ceterae
919 1410 981 1460 tres
1004 1397 1183 1478 exquisitius
1206 1404 1331 1475 captae,
1354 1395 1526 1473 iteratoque

160 1485 283 1566 saepius
309 1488 499 1548 examinatae
524 1497 605 1548 sunt.
638 1485 873 1570 comparatione
898 1488 979 1548 lacta
1002 1487 1116 1567 primae
1139 1505 1282 1547 erroneae
1305 1504 1371 1544 cum
1394 1482 1528 1544 secunda

161 1574 361 1638 confirmabar
384 1576 414 1637 in
435 1596 502 1636 mea
526 1577 778 1651 ratiocinatione3
801 1578 898 1656 deque
921 1577 977 1636 hac
1001 1574 1225 1654 comparatione
1244 1581 1356 1635 sonant
1373 1570 1527 1651 proximae

159 1681 245 1727 meae
269 1664 385 1725 literae.
434 1664 650 1727 Verumtamen
674 1667 779 1727 ultima
802 1666 976 1727 observatio
999 1663 1170 1743 Septembri
1194 1663 1299 1740 elapso
1327 1659 1450 1733 habita,
1474 1678 1525 1720 re-

160 1751 272 1815 futavit
292 1751 418 1831 primam
443 1753 569 1815 Octobri
593 1755 757 1833 superioris
780 1755 851 1815 anni
874 1764 1010 1833 captam,
1046 1761 1078 1812 et
1105 1750 1338 1812 confirmabatur
1367 1770 1386 1809 a
1409 1747 1525 1809 duabus

158 1840 292 1920 reliquis.
339 1839 387 1901 Ex
411 1843 548 1904 omnibus
572 1843 667 1904 tribus
691 1843 875 1923 comparatis
897 1861 953 1923 pro
977 1851 1060 1903 certo
1084 1840 1227 1920 colligere
1251 1838 1350 1919 potuI,
1381 1837 1526 1899 differen-

160 1930 235 1992 tiam
259 1928 288 1990 in
312 1928 523 1992 altitudinibus
546 1931 661 2012 polaris
685 1933 814 2004 stellae,
847 1932 873 1992 si
898 1952 956 2010 qua
980 1941 1046 2003 est,
1077 1929 1155 1990 infra
1185 1938 1254 1990 octo
1282 1926 1424 2005 scrupula
1447 1943 1526 1987 esse.

162 2018 242 2079 Nam
267 2017 305 2077 ad
329 2017 459 2079 minores
483 2019 647 2096 particulas
672 2021 901 2081 instrumentum
925 2039 1023 2080 meum
1046 2039 1104 2079 non
1124 2017 1290 2079 descendit.
1322 2016 1419 2094 Igitur
1432 2013 1527 2076 semi-

163 2105 312 2167 diameter
335 2104 431 2178 orbis,
456 2107 506 2186 qni
529 2107 655 2168 Terram
680 2109 777 2182 vehit,
802 2108 899 2168 minus
919 2127 1007 2186 quam
1032 2105 1273 2187 quingentesima
1301 2103 1453 2183 particula
1481 2109 1529 2163 est

163 2194 201 2255 de
225 2192 452 2255 semidiametro
482 2194 618 2255 fixarum.
672 2196 824 2257 Dimoreri
862 2206 963 2257 tamen
997 2215 1054 2256 non
1087 2214 1210 2275 possum
1238 2195 1276 2255 ab
1309 2212 1345 2254 ea
1377 2191 1527 2272 opinione,

161 2281 231 2364 quin
256 2280 391 2356 credam,
429 2282 552 2343 tandem
585 2283 614 2343 in
645 2283 745 2365 aliquo
773 2283 867 2363 primo
893 2285 940 2346 rel
969 2283 1123 2345 luculenta
1152 2292 1239 2362 parte
1263 2281 1349 2361 primi
1374 2289 1527 2360 repertum

160 2370 198 2434 iri
221 2370 432 2432 differentiam.
478 2368 615 2441 Quodsi
640 2372 696 2433 hoc
719 2391 777 2433 non
802 2373 871 2446 fiat,
901 2382 932 2433 et
962 2374 989 2432 si
1013 2373 1084 2433 mihi
1103 2372 1283 2433 credendum
1307 2370 1361 2444 sit,
1387 2369 1525 2431 omnibus

160 2460 256 2521 modis
280 2458 532 2521 inaestimabilem
555 2479 623 2521 esse
648 2461 838 2522 altitudinem
861 2462 985 2523 fixarum
1009 2462 1048 2522 ad
1064 2459 1146 2522 Solis
1170 2460 1374 2528 altitudinem,
1390 2457 1447 2519 hoc
1466 2475 1525 2518 uno

161 2556 337 2628 argumento
365 2548 433 2626 plns
465 2550 599 2609 offendar
631 2548 660 2610 iu
684 2550 858 2611 defensione
892 2548 1065 2629 Cupernici,
1105 2568 1194 2630 quam
1225 2549 1307 2610 mille
1336 2546 1526 2608 saeculorum

161 2654 320 2699 consensu.
368 2634 513 2706 Quamvis
542 2637 630 2698 unica
659 2638 819 2718 religiosae
847 2638 956 2700 mentis
989 2640 1140 2699 attonitae
1171 2645 1204 2697 ct
1234 2636 1384 2716 stupentis
1419 2635 1523 2696 excla-

160 2725 292 2788 matione
317 2721 502 2803 Copemicus
526 2725 614 2805 hujus
637 2727 807 2789 offendiculi
837 2728 962 2788 nebulas
991 2726 1168 2805 dispulerit:
1194 2726 1316 2786 Tanta
1339 2723 1522 2797 nimirum,

160 2813 307 2894 inquiens,
332 2822 392 2874 est
414 2815 503 2875 haec
526 2814 592 2874 Dei
616 2812 700 2895 Opt.
724 2817 819 2877 Max.
844 2816 1009 2877 Fabrica.
1055 2817 1101 2875 At
1123 2813 1224 2875 hercle
1247 2821 1365 2875 recreat
1395 2831 1443 2874 me
1467 2824 1525 2873 non

161 2902 279 2975 leviter,
306 2900 375 2962 dum
398 2904 560 2982 perpendo,
585 2923 643 2964 non
668 2914 729 2965 tam
754 2904 862 2965 debere
887 2924 941 2965 nos
965 2903 1065 2964 ruituri
1090 2904 1243 2983 ingentem
1266 2912 1298 2964 et
1320 2901 1454 2963 infinitae
1481 2900 1525 2961 si-

161 2991 262 3053 milem
288 2989 387 3051 ultimi
415 2991 491 3052 coeli
526 2991 771 3070 amplitudinem,
809 3012 898 3073 quam
930 3012 947 3052 e
979 3002 1085 3054 contra
1117 3001 1254 3055 nostrum
1285 2991 1525 3065 homuncionum,

162 3088 345 3159 nostraeque
369 3079 455 3159 hujus
479 3079 662 3141 exilissimae
685 3081 835 3161 glebulas,
851 3082 986 3161 adeoque
1001 3081 1154 3142 mobilium
1170 3081 1298 3143 omnium
1318 3079 1525 3159 exiguitatem.

160 3169 277 3248 Nempe
301 3167 366 3228 Deo
390 3168 515 3229 mundns
539 3188 598 3230 non
622 3178 672 3231 est
694 3179 813 3243 vastus,
843 3179 877 3231 at
899 3170 953 3231 nos
977 3171 1105 3244 mundo,
1139 3190 1187 3232 me
1211 3167 1353 3241 Christe,
1382 3184 1527 3249 perquam

162 3256 262 3336 exigui
290 3273 403 3318 snmus.
451 3255 532 3327 Quid
565 3257 643 3319 enim
671 3258 699 3318 ei
733 3266 837 3339 potest
865 3259 961 3321 videri
997 3276 1156 3338 magnum,
1195 3259 1244 3339 qui
1283 3267 1342 3318 etc.
1376 3265 1411 3318 ut
1434 3256 1534 3318 etiarn

163 3342 318 3408 Ciceronis
342 3345 507 3406 autoritate
531 3353 608 3408 utar.
655 3347 760 3427 Neque
785 3367 823 3407 ex
846 3348 923 3409 mole
946 3347 1093 3425 judicium
1120 3356 1169 3409 est
1201 3348 1238 3408 de
1268 3346 1460 3426 praestantia
1484 3345 1528 3406 l'a·

163 3434 311 3496 ciendum.
357 3432 440 3494 Deus
465 3435 557 3510 enim,
584 3435 685 3515 quiin
710 3435 940 3509 altishabitat,
971 3436 1094 3496 humilia
1121 3445 1222 3497 tamen
1251 3435 1384 3514 respicit.
1432 3432 1526 3495 Etsi

163 3522 286 3583 mobilia
320 3522 388 3583 ideo
422 3522 568 3584 vilissima
604 3542 675 3602 pars
709 3524 811 3585 mnndi
839 3532 955 3599 essent,
989 3525 1058 3605 quia
1093 3533 1190 3586 totum
1218 3532 1354 3605 systema
1388 3530 1527 3602 respectu

163 3612 288 3672 fixarum
321 3629 414 3690 prope
448 3612 622 3673 evanescit:
656 3622 740 3674 esset
776 3613 879 3674 eodem
917 3622 1094 3692 argumento
1132 3614 1219 3675 homo
1255 3615 1334 3675 inter
1370 3621 1528 3694 postrema

163 3700 265 3760 mundi
290 3701 523 3777 rejectamenta,
560 3701 610 3780 qui
648 3702 815 3780 comparari
849 3722 916 3763 cunr
945 3702 1052 3775 Terra,
1083 3702 1177 3764 Terra
1207 3702 1274 3781 ipsa
1302 3720 1369 3763 cum
1402 3699 1528 3764 Saturni

165 3789 248 3848 coelo
283 3787 403 3849 minime
431 3797 553 3866 potest:
588 3797 671 3849 esset
703 3790 833 3870 quinimo
865 3789 1033 3852 crocodilus
1067 3800 1120 3852 aut
1150 3791 1274 3871 elephas
1307 3791 1372 3851 Deo
1405 3788 1526 3871 majori,

166 3894 255 3955 quam
279 3878 380 3949 homo,
416 3895 521 3946 curae,
551 3885 711 3956 propterea
740 3880 810 3958 quia
839 3881 916 3940 mole
940 3880 1088 3939 hominem
1112 3889 1264 3959 superant
1309 3879 1402 3940 Hisce
1428 3890 1460 3941 et
1483 3877 1527 3940 si·

167 3964 287 4024 rnilibus
311 3965 461 4026 rationum
486 3966 637 4040 lomentis,
663 3968 764 4028 nescio
789 3976 822 4028 ut
845 3968 951 4046 ingens
975 3968 1022 4029 hic
1046 3967 1132 4028 bolus
1155 3968 1300 4049 concoqui
1322 3967 1431 4048 possit.
1475 3977 1480 3992 ·

255 4055 346 4113 Porro
370 4053 573 4115 instrumenta
597 4074 722 4134 magna,
757 4064 880 4130 exacta,
915 4064 945 4117 et
975 4057 1227 4119 rectificatissima
1255 4065 1360 4137 optare
1394 4073 1528 4136 possum,

164 4141 310 4212 iudicare,
341 4161 397 4222 quo
427 4142 507 4216 loco,
542 4162 600 4222 qua
627 4143 754 4222 pecunia
787 4154 1016 4224 comparentur,
1050 4165 1107 4205 non
1135 4165 1267 4225 possum.
1323 4146 1411 4206 Dono
1446 4145 1530 4207 dedit

164 4229 327 4293 Moestlino
351 4230 453 4311 Tycho
477 4231 577 4292 Bralre
602 4252 727 4293 aeneum
752 4233 915 4313 quoddam,
941 4234 1133 4295 utilissimum
1157 4235 1291 4314 quidem,
1316 4235 1341 4295 si
1365 4235 1530 4297 Moestliuo

165 4318 228 4397 ejus
253 4319 420 4380 advehendi
445 4339 482 4379 ex
507 4320 588 4380 Balti
614 4323 679 4394 (co)
704 4331 828 4394 sumtus,
854 4332 908 4384 aut
930 4323 1100 4402 incorrupte
1124 4343 1179 4402 per
1195 4332 1312 4385 tantum
1336 4322 1529 4385 intervallum

164 4407 340 4469 traducendi
364 4425 435 4486 spes
458 4417 551 4469 esset.
600 4407 698 4471 Credo
722 4429 775 4488 per
799 4408 1008 4473 Moecenatem
1031 4420 1063 4472 et
1084 4411 1271 4475 Praxitelem
1290 4411 1441 4490 Keplerus
1462 4412 1530 4486 (aut

165 4497 230 4576 ejus
256 4497 321 4557 loco
345 4495 432 4557 multi
457 4497 522 4569 alii)
549 4516 605 4559 non
631 4499 824 4578 inelegantia‚
851 4520 906 4560 nee
930 4500 1047 4560 inutilia
1070 4508 1211 4562 strueret.
1259 4498 1406 4571 Quamvis
1430 4502 1458 4563 si
1479 4516 1531 4561 ar-

164 4585 277 4646 tificem
299 4584 371 4646 mihi
395 4593 510 4664 optem,
551 4606 607 4647 non
638 4588 818 4649 arcularium
845 4588 954 4661 velim,
987 4587 1041 4649 sed
1070 4589 1231 4651 murarium
1260 4596 1293 4652 et
1320 4589 1531 4653 architectum.

165 4672 251 4734 Turri
276 4674 354 4735 enim
378 4684 409 4734 et
433 4675 655 4755 amphitheatro
679 4677 846 4738 rectissime
871 4677 936 4756 quie
961 4684 1070 4749 utatur,
1097 4677 1152 4738 hoc
1176 4688 1238 4753 est,
1262 4678 1477 4760 perpendiculo
1501 4683 1533 4739 ct

168 4780 258 4848 aqua.
304 4763 386 4825 Sane
408 4781 463 4849 pro
488 4763 570 4827 Solis
594 4765 807 4827 observatione
828 4784 883 4826 nec
906 4765 1006 4850 optari
1030 4764 1150 4849 quidem
1173 4769 1273 4852 aptius
1297 4768 1457 4852 quicquam
1474 4783 1532 4849 po·
