3366 5482
503 1166 788 1299 cumauro
816 1224 885 1296 ao
912 1222 1179 1297 sacrem

777 1432 907 1445 m

250 1575 443 1654 Propositum
458 1585 506 1641 est
520 1576 606 1649 mibi,
623 1577 732 1651 lector,
757 1576 813 1640 hoo
829 1576 930 1639 libello
945 1576 1169 1649 demonstrare,
1185 1576 1265 1655 quod
1280 1573 1411 1643 Creator
1424 1573 1520 1654 Opti-

161 1682 229 1728 mus
252 1663 417 1739 Maximum,
451 1665 479 1727 iu
504 1666 657 1729 creatione
689 1666 792 1731 mnndi
814 1666 904 1744 hujus
931 1665 1050 1731 mobilis
1079 1673 1112 1726 et
1141 1663 1340 1742 dispositione
1368 1664 1521 1740 coelorum

162 1753 202 1814 ad
231 1751 285 1815 illa
313 1754 442 1832 quinquo
470 1755 622 1833 regularis
649 1773 790 1833 corpora,
824 1754 892 1817 inde
923 1773 942 1814 a
972 1754 1148 1835 Pythagora
1179 1758 1212 1813 et
1237 1751 1366 1815 Platone
1398 1752 1438 1814 ad
1464 1771 1521 1815 nos

161 1859 256 1919 usque
280 1841 536 1915 celebratissima,
561 1842 744 1922 respexerit,
768 1851 860 1921 atque
884 1842 923 1903 ad
947 1841 1063 1905 illorum
1086 1848 1225 1903 naturam
1244 1841 1397 1903 coelorum
1411 1859 1519 1903 nunte-

162 1948 241 2003 ruru,
265 1930 493 2008 proportiones,
527 1940 559 1993 et
582 1937 713 1997 ramnum
737 1931 885 1995 rationem
910 1928 1224 2001 accommodaverim)
1270 1926 1334 1991 Sed
1355 1935 1520 2008 antequam

162 2025 194 2077 te
218 2016 343 2083 adrem
367 2018 465 2095 ipsam
487 2018 591 2080 venire
615 2018 730 2096 patiar,
758 2037 823 2082 cnm
847 2019 884 2077 de
909 2019 1066 2081 occasione
1089 2018 1176 2096 hujus
1203 2017 1298 2079 libelli
1326 2025 1390 2078 tum
1413 2017 1451 2077 de
1467 2037 1520 2080 ra·

161 2104 243 2168 tione
267 2105 325 2166 mei
350 2105 481 2168 instituti
513 2105 617 2183 aliqua
646 2115 746 2170 tecum
779 2123 882 2184 agam,
917 2124 993 2185 qnae
1026 2114 1058 2167 et
1085 2107 1126 2167 ad
1154 2113 1235 2167 tuum
1268 2105 1457 2168 intellectum
1488 2113 1521 2167 st

161 2193 201 2254 ad
225 2213 322 2258 meam
345 2194 457 2258 lamam
475 2193 625 2273 pertinere
650 2192 814 2257 arbitratus
838 2194 931 2257 tuero.

250 2279 319 2351 Quo
350 2289 484 2360 tempore
508 2280 679 2360 Tubingae,
707 2281 815 2345 abhinc
847 2281 989 2343 sexennio
1018 2279 1187 2343 clarissimo
1218 2280 1282 2342 viro
1305 2280 1348 2341 M.
1373 2281 1519 2345 Michseli

160 2370 326 2433 Maecilius
350 2387 471 2448 operatu
496 2369 620 2443 dabam,
643 2377 744 2432 motus
767 2369 923 2448 multiplici
942 2368 1189 2431 incommoditate
1203 2369 1336 2430 usitatae
1354 2369 1392 2430 de
1408 2371 1518 2431 mundo

161 2457 323 2535 opinionis,
348 2458 424 2520 adeo
447 2458 618 2521 delectatus
640 2477 706 2522 soro
730 2455 912 2536 Coperoico,
941 2458 1027 2536 cujus
1050 2458 1101 2521 ille
1125 2458 1153 2520 iu
1177 2456 1434 2536 praelectionibus
1458 2458 1519 2518 suis

160 2545 319 2623 plurimam
343 2546 524 2609 mentionem
548 2545 698 2620 iaciebat,
724 2555 838 2609 utnon
862 2554 978 2609 tantum
994 2546 1099 2608 crebro
1124 2545 1190 2625 ejus
1213 2546 1326 2624 placita
1340 2545 1370 2606 in
1386 2545 1519 2628 physicis

162 2632 415 2711 disputationibus
439 2635 667 2695 candidatorum
681 2634 889 2707 defenderem,
914 2634 1076 2697 sedetiam
1089 2640 1266 2696 accuratam
1281 2634 1518 2712 disputationem

162 2720 199 2781 de
223 2729 305 2782 motu
330 2723 440 2800 primo,
466 2723 544 2801 quod
559 2721 673 2785 Terrae
689 2722 840 2789 volutione
856 2721 1030 2795 aecidatl),
1055 2722 1286 2784 conscriberem.
1333 2721 1463 2803 Jamque
1488 2723 1516 2784 iu

162 2826 198 2869 eo
221 2829 316 2882 eram,
347 2819 381 2872 ut
404 2811 501 2872 eidem
525 2810 618 2871 etiam
640 2810 754 2871 Telluri
778 2818 890 2879 motum
912 2810 1105 2884 Solarem⁸),
1129 2819 1163 2883 ut
1187 2809 1373 2889 Cupernicns
1398 2811 1516 2871 mathe-

162 2897 296 2973 maticis,
331 2898 374 2958 sic
403 2917 460 2978 ego
491 2898 638 2980 physicis.
668 2918 725 2963 eeu
747 2899 858 2972 mavis,
888 2898 1101 2978 metaphysicis
1129 2898 1296 2959 rationibus
1325 2897 1516 2960 ascriberem.

160 2985 263 3065 Atque
286 2986 316 3047 in
339 2987 416 3049 hunc
439 3005 524 3052 usum
546 2987 657 3065 partim
681 3006 719 3051 ea
742 3005 793 3053 ore
808 2986 979 3058 Maestlini,
1002 2986 1114 3065 partim
1138 3005 1204 3048 meo
1219 2987 1335 3056 Marte,
1359 3005 1434 3066 quas
1454 2985 1519 3049 Co-

160 3074 300 3153 pernicus
323 3075 353 3135 in
377 3075 504 3137 mathesi
528 3093 600 3153 prae
624 3075 799 3139 Ptolomaeo
822 3075 916 3142 habet
938 3075 1183 3149 commoditates,
1216 3075 1364 3153 paulatim
1388 3074 1517 3154 collegi:

160 3180 218 3240 quo
246 3163 350 3227 labore
384 3183 431 3229 me
459 3164 550 3226 iaeile
579 3163 708 3231 liberare
735 3163 887 3242 potuisset
917 3162 1092 3228 Joaehimus
1120 3163 1282 3236 Rheticns‚
1317 3163 1367 3242 qni
1400 3163 1519 3243 singula

128 3249 290 3313 'breuiter
322 3259 354 3312 et
380 3252 537 3331 perspicue
567 3251 665 3330 prima
692 3270 749 3313 sua
770 3250 952 3313 Narratione
981 3261 1158 3329 persecutus
1189 3261 1247 3312 est.
1297 3253 1419 3313 luterea
1449 3252 1517 3313 dmn

157 3337 231 3400 illud
246 3359 352 3401 saxum
367 3341 464 3413 volvo,
481 3340 534 3400 sed
549 3361 714 3418 uupapyoc,
728 3358 816 3400 secus
830 3338 1029 3418 theologiam:
1055 3340 1208 3400 commode
1226 3339 1348 3415 accidit,
1365 3347 1400 3400 ut
1415 3337 1516 3401 Grae-

159 3426 233 3488 tium
261 3427 409 3500 venirem,
444 3436 534 3507 atqne
564 3427 605 3488 ibi
629 3426 762 3506 Georgio
786 3426 894 3488 Stadio
917 3447 947 3507 p.
972 3447 1010 3489 m.
1025 3422 1068 3501 ²')
1098 3429 1305 3489 succederem:
1347 3427 1398 3488 ubi
1428 3426 1519 3488 oflicii

160 3515 241 3576 ratio
274 3535 321 3576 me
355 3515 468 3578 arctius
497 3515 543 3577 his
576 3514 685 3576 studiis
717 3516 888 3577 obstrinxit
938 3514 984 3576 Ibi
1017 3516 1046 3577 in
1075 3516 1273 3593 explicatione
1305 3516 1518 3594 principiorum

159 3604 362 3666 astronomiae
386 3622 495 3683 magno
519 3603 589 3665 mihi
613 3603 678 3664 usui
702 3602 824 3664 fuerunt
845 3602 946 3664 omnia
969 3602 1037 3676 illa,
1066 3622 1142 3684 qnae
1169 3611 1261 3664 antea
1283 3604 1331 3664 vel
1355 3624 1374 3664 a
1397 3604 1518 3665 Maest-

159 3690 220 3753 lino
244 3692 432 3766 audiveram,
458 3692 506 3752 vel
522 3691 586 3770 ipse
611 3691 835 3755 affectaveram.
883 3691 984 3770 Atque
998 3691 1075 3753 utin
1091 3692 1221 3771 Virgilio
1245 3692 1327 3753 fama
1346 3692 1518 3753 mobilitate

158 3778 242 3856 viget
265 3781 403 3861 viresqne
427 3780 554 3859 acquirit
577 3780 691 3841 eundo:
721 3780 766 3843 sic
789 3780 862 3843 mihi
885 3780 991 3841 harum
1014 3799 1113 3842 rerum
1137 3780 1266 3859 diligens
1289 3780 1438 3860 cogitatio
1462 3798 1516 3842 co-

158 3868 316 3946 gitationis
351 3869 503 3930 ulterioris
537 3887 630 3929 causa
658 3868 725 3928 fnit.
780 3870 885 3930 Donec
921 3868 1045 3929 taudem
1074 3887 1151 3929 anno
1188 3865 1285 3941 1595,
1320 3885 1387 3929 eum
1425 3869 1519 3930 otium

159 3975 180 4015 a
198 3955 376 4020 lectionibus
399 3975 538 4036 cuperem
562 3957 637 4017 bene
661 3963 754 4017 etex
777 3957 866 4018 oflicii
890 3956 1006 4017 ratione
1032 3956 1220 4036 transigere,
1250 3964 1316 4017 toto
1344 3956 1435 4018 animi
1460 3955 1519 4018 im-

159 4051 232 4123 petu
256 4045 285 4106 in
308 4046 386 4107 hanc
409 4046 567 4108 materiam
592 4043 720 4106 incubui.

248 4133 290 4193 Et
309 4133 369 4193 tria
381 4133 568 4212 potissimum
586 4138 688 4206 erant,
714 4149 837 4212 quornm
851 4149 907 4210 ego
922 4151 1045 4205 causas,
1070 4151 1122 4193 cur
1138 4132 1195 4204 ita,
1221 4149 1278 4192 non
1295 4131 1386 4192 aliter
1404 4139 1518 4205 essent,

160 4218 356 4297 pertinaciter
379 4221 573 4299 quaerebam,
608 4237 788 4290 numerus,
804 4219 1012 4299 ‘quantitas
1037 4227 1070 4280 et
1092 4228 1211 4281 motus
1235 4219 1359 4281 orbium.
1401 4220 1446 4282 Ut
1464 4220 1520 4281 hoc

160 4306 303 4368 auderem
338 4308 439 4370 effecit
474 4309 527 4370 illa
562 4309 688 4388 pulchra
724 4308 941 4389 quiescentium
977 4308 1146 4381 harmonia,
1190 4307 1285 4381 Solis,
1327 4308 1454 4370 fixarum
1491 4317 1521 4370 et

160 4394 329 4457 intermedii
373 4416 439 4458 cum
476 4397 540 4459 Deo
578 4397 689 4470 Patre,
736 4404 768 4457 et
807 4395 884 4457 Filio
925 4403 956 4457 et
993 4395 1026 4457 S.
1066 4395 1200 4475 Spiritu:
1247 4414 1335 4474 quam
1376 4396 1520 4458 similitu-

160 4482 260 4545 dinem
297 4503 353 4564 ego
391 4485 419 4544 in
453 4484 684 4565 cosmographia
719 4503 884 4564 persequar
923 4483 1099 4563 amplius.⁶)
1145 4483 1222 4547 Cum
1258 4483 1349 4563 igitur
1382 4484 1428 4545 ita
1463 4485 1520 4546 ha-

160 4574 268 4635 bereut
291 4572 491 4653 quiescentia,
526 4592 584 4634 non
613 4573 787 4635 dubitabam
816 4573 852 4633 de
882 4572 1056 4647 mobilibus,
1091 4573 1160 4653 quin
1187 4591 1221 4632 se
1248 4571 1425 4655 praebitura
1447 4572 1520 4635 sint.

160 4661 251 4724 Initio
275 4681 338 4724 rem
362 4663 491 4724 numeris
515 4681 679 4740 aggressus
703 4680 784 4735 sum,
817 4668 848 4722 et
876 4660 1078 4735 consideravi,
1112 4669 1210 4723 utrum
1239 4680 1314 4722 unns
1338 4660 1420 4721 orbis
1444 4660 1522 4723 alins

163 4749 302 4829 duplum,
337 4749 476 4828 triplum,
521 4749 736 4830 quadruplum,
775 4756 828 4812 aut
864 4749 934 4830 quid
971 4749 1094 4811 tandem
1130 4750 1276 4812 haberet:
1319 4755 1521 4834 quantumquo
