3366 5482
719 214 801 283 caput
816 216 969 270 xlv-xv.

511 377 557 442 IN
581 375 723 442 CAPUT
745 376 945 443 DEOIMUM
968 376 1179 450 QUARTUM

689 483 804 536 nonan
823 483 1003 538 nnoroars.

237 573 266 641 a)
290 575 425 646 Intellige
448 574 590 645 despatio
610 575 715 629 orbium
736 576 916 647 geometrico:
941 579 975 630 de
998 576 1117 630 materia
1130 575 1209 640 enim,
1235 578 1287 631 hoc
1301 586 1353 640 est,
1378 581 1412 653 de
1429 596 1526 650 corpu·

157 657 247 711 lentia
261 656 443 711 adamantina
455 672 490 709 ne
503 655 681 710 Ptolemaeus
697 655 804 727 quidem
819 659 887 711 adeo
903 673 996 710 crasse
1010 655 1232 727 philosophatur.

237 734 267 802 b)
291 737 443 795 Extremus
464 735 582 790 circulus
605 735 752 790 zodiacum·
769 736 857 791 refert
885 737 912 790 ln
940 738 1006 791 orbs
1030 737 1160 800 stellato,
1189 738 1342 807 descriptus
1367 755 1404 792 ax
1433 743 1527 793 cantro

159 818 258 881 mundi,
283 816 330 869 vel
348 816 436 871 etiam
457 833 493 870 er
508 817 595 888 globo
610 817 743 881 Terrena,
760 818 825 888 quia
840 824 915 871 totus
936 817 1009 871 orbis
1030 833 1149 888 magnus
1168 818 1203 871 ad
1218 835 1279 872 eum
1293 818 1460 873 insensibilis
1476 824 1528 873 est.

237 901 264 951 A
287 897 404 951 Saturni
427 903 560 967 systema,
586 896 789 951 concentricum
811 915 848 952 ex
863 898 887 952 G
902 905 998 952 centro
1020 897 1094 951 orbis
1112 896 1216 968 magni.
1255 899 1279 952 B
1303 904 1428 970 systema
1440 899 1526 953 Jovis.

158 979 178 1033 C
202 977 314 1032 Martis.
355 978 382 1030 D
398 976 523 1031 Circulus
548 975 606 1031 siva
627 977 675 1031 via
695 978 783 1031 centri
803 977 882 1049 globi
903 977 1016 1032 Terreni
1037 977 1212 1032 concentrica
1232 994 1269 1032 ox
1292 984 1386 1032 centro
1402 979 1443 1043 G,
1468 995 1527 1033 cum

159 1057 315 1128 sphaerula
326 1057 432 1111 Lunari
455 1058 561 1111 duobus
585 1056 652 1111 locis
667 1056 792 1127 appiota.
830 1059 913 1112 Duae
937 1074 1039 1112 caecae
1064 1058 1157 1112 lineas
1173 1057 1322 1113 circulares
1338 1058 1412 1114 orbis
1427 1060 1530 1114 Terrae

158 1156 217 1192 curn
240 1139 349 1192 inserta
361 1137 444 1191 Luna
464 1137 618 1192 crassitiem
633 1139 776 1192 denotant.
808 1139 916 1192 EDuo
931 1137 1047 1202 circelli,
1069 1138 1242 1192 delineautes
1266 1139 1420 1193 crassitiem
1436 1145 1527 1210 systo-

157 1219 240 1274 matis
255 1217 384 1281 Venerii,
409 1217 484 1272 intra
498 1233 581 1289 quam
602 1218 687 1271 omnis
703 1217 764 1285 ejus
788 1225 909 1280 motuum
932 1217 1056 1271 varietas
1081 1218 1231 1287 perficitur.
1275 1219 1432 1289 Fspatium
1456 1219 1528 1273 inter

159 1298 377 1360 duoscircellos‚
396 1297 493 1369 inquo
512 1297 598 1352 omnis
618 1306 739 1352 motuum
757 1299 858 1353 stellae
878 1298 1008 1353 Mercurii
1025 1298 1150 1353 varietas
1174 1298 1323 1369 perficitur.
1361 1301 1387 1355 G
1406 1307 1530 1355 centrum

158 1378 283 1442 omnium,
307 1384 337 1432 et
350 1394 438 1447 prope
451 1377 543 1448 ipsum
556 1395 656 1449 corpus
672 1377 782 1433 Solare.

236 1462 327 1512 Arcem
341 1475 392 1528 per
407 1459 429 1512 0
444 1465 474 1512 et
486 1458 510 1513 P
524 1465 701 1513 transeuntes
723 1464 821 1530 partes
844 1464 909 1512 sunt
935 1457 1164 1528 eccentrepicycli
1180 1458 1303 1514 Saturni.
1341 1459 1429 1513 Linea
1443 1477 1530 1513 curra

161 1556 208 1610 per
222 1540 247 1601 Q
261 1545 346 1610 atque
360 1554 412 1608 per
424 1539 588 1611 perigaeum
602 1538 720 1610 epicycli
739 1540 767 1593 in
783 1540 806 1593 Ο
821 1554 950 1610 apogaeo
970 1537 1120 1591 excentrioi
1144 1539 1237 1607 positi,
1262 1545 1293 1593 et
1305 1555 1356 1608 per
1370 1555 1529 1613 apogaeum

161 1620 282 1689 ejusdem
295 1618 361 1673 inP
383 1619 516 1690 perigaeo
532 1619 686 1683 eccentrici,
712 1626 756 1673 est
775 1619 822 1673 via
844 1619 978 1688 planetae
1001 1618 1163 1672 eccentrica
1202 1618 1327 1674 Circnlus
1352 1620 1460 1690 quidem
1473 1636 1529 1674 non

163 1708 211 1764 est,
234 1703 282 1754 sed
306 1716 325 1754 a
338 1699 465 1753 circulari
484 1699 560 1754 linea
574 1701 744 1754 sensibiliter
762 1717 817 1754 non
831 1699 930 1753 differt.
969 1700 1009 1752 Hl
1033 1698 1175 1752 crassities
1200 1700 1305 1753 duobus
1331 1699 1439 1754 circulis
1465 1719 1529 1754 con·

165 1780 285 1834 centricis
306 1780 420 1842 inclusa,
447 1796 528 1850 quarn
551 1781 598 1834 via
612 1781 726 1835 Saturni
748 1777 903 1834 eccentrica
926 1779 977 1832 sibi
1001 1779 1130 1831 vindicat.
1165 1779 1254 1833 Linea
1275 1796 1360 1833 curva
1382 1780 1428 1833 rel
1451 1781 1528 1851 quasi

168 1861 276 1914 circulus
291 1877 342 1929 per
356 1862 385 1914 M
409 1868 439 1913 et
459 1877 510 1930 per
534 1877 692 1931 apogaeum
717 1861 834 1931 epicycli
856 1860 882 1911 in
900 1860 938 1921 0,
965 1865 1048 1928 atque
1069 1875 1120 1927 per
1141 1860 1303 1930 perigaeum
1319 1859 1441 1927 ejusdem
1466 1859 1492 1914 in
1507 1861 1541 1915 P-

170 1941 306 2003 narniens,
323 1941 492 1994 eccentricus
507 1948 559 2002 est,
585 1959 663 2011 quem
679 1942 855 1994 Ptolemaeus
881 1944 1091 2009 aequantem
1111 1948 1202 1994 vocat.
1240 1939 1292 1992 KL
1307 1941 1447 1994 crassities
1463 1942 1529 1995 duo·

172 2021 213 2074 bns
226 2021 314 2075 caecis
330 2020 440 2074 circulis
455 2021 633 2075 concentricis
650 2021 814 2091 intercepta,
840 2037 920 2090 quam
937 2027 1012 2073 totus
1034 2019 1174 2088 epicyclus
1189 2027 1219 2072 et
1234 2036 1357 2089 aequans
1376 2021 1425 2075 ills
1439 2021 1529 2092 requi·

176 2111 234 2154 runt.
260 2102 383 2155 Planeta
398 2116 462 2152 rero
477 2102 554 2154 ultra
568 2102 593 2155 Η
609 2118 747 2171 nunquam
762 2101 896 2162 ascendit,
913 2118 963 2153 nec
977 2099 1050 2152 infra
1066 2100 1077 2152 l
1091 2100 1239 2153 descendit.

241 2181 379 2235 Similibus
404 2181 621 2249 particularibus
644 2182 755 2235 orbibus
781 2188 891 2234 ceterae
902 2181 1041 2249 sphaerae
1056 2179 1139 2233 etiam
1154 2180 1301 2233 distinctae
1324 2179 1529 2252 intelligantur,

183 2261 215 2328 qni
226 2268 322 2324 tamen,
348 2278 383 2314 ne
398 2261 545 2314 multitudo
568 2262 702 2315 linearum
725 2261 868 2332 negotium
892 2260 984 2330 potius
1004 2261 1174 2322 obscuraret,
1200 2276 1281 2330 quam
1297 2261 1460 2324 declararet,
1485 2261 1530 2314 hic

187 2341 333 2395 omittuntur.
372 2341 436 2394 ldeo
450 2339 479 2394 in
492 2342 561 2394 Jove
577 2349 606 2393 et
620 2343 711 2394 Marte
726 2342 772 2395 via
791 2358 884 2394 eorum
906 2340 1060 2393 eccent-rica
1082 2342 1189 2410 duoque
1209 2356 1270 2394 eam
1290 2340 1462 2395 continentes
1478 2341 1529 2395 cir·

188 2420 225 2472 tuli
236 2420 405 2481 concentrici,
428 2420 456 2472 in
471 2421 571 2475 ceteris
586 2421 638 2474 soli
653 2421 817 2475 concentrici
833 2420 963 2489 descripti
978 2419 1125 2473 sufficiunt.

245 2501 341 2571 Spatia
354 2500 527 2555 intermedia.
557 2503 582 2555 R
597 2504 672 2555 locus
688 2502 759 2565 cubi,
780 2502 799 2556 S
814 2500 957 2562 tetraidri
982 2501 1003 2553 T
1018 2499 1188 2564 dodecsedri,
1206 2501 1230 2553 V
1244 2490 1387 2565 icofiaedri,
1408 2501 1436 2556 X
1451 2507 1529 2555 octa·

191 2579 237 2634 edn'.
260 2581 283 2635 li
297 2588 341 2635 est
355 2581 477 2650 spatium
492 2581 564 2636 inter
578 2583 726 2636 Saturnum
742 2587 771 2635 et
784 2582 866 2644 fixas,
891 2580 996 2634 infinito
1017 2579 1113 2634 simile.

240 2658 303 2710 tuse
316 2659 440 2722 Keplerus
454 2660 583 2709 annotarit
601 2662 626 2709 in
638 2659 734 2723 'tabula
751 2662 813 2722 ipsa.
844 2660 968 2722 Inscripta
988 2665 1040 2707 est:
1061 2657 1166 2708 'labella
1185 2658 1318 2708 ostendens
1338 2673 1421 2710 raram
1441 2660 1528 2724 ampli-

195 2727 278 2779 tudinem
295 2731 390 2779 orbium
408 2730 553 2780 coelestium
572 2736 598 2780 et
616 2731 809 2786 interstitiorum,
830 2729 964 2779 secundum
983 2743 1097 2779 numeros
1116 2734 1142 2780 st
1159 2731 1309 2780 sententiam
1329 2731 1466 2796 Coparnici.

249 2797 273 2868 o)
293 2805 318 2858 Ε
341 2821 371 2857 re
396 2803 456 2856 ‘one
478 2804 554 2866 sitos,
575 2811 608 2858 ut
630 2803 803 2867 tlt-635,
826 2803 865 2856 sic
887 2802 1054 2857 333-333.

250 2880 274 2946 d)
295 2883 323 2938 Si
337 2820 403 2943 ἰιιῗ
416 2901 470 2937 non
485 2901 577 2938 sumas
594 2882 664 2946 577,
687 2884 793 2938 radium
808 2883 932 2952 inscripti
947 2883 1092 2946 octaddro‚
1117 2884 1165 2936 sed
1181 2879 1250 2945 707,
1275 2884 1383 2937 radium
1397 2882 1522 2953 inscripti

197 2962 299 3025 quadrato
313 2963 451 3017 octaedri:
467 2972 532 3018 tunc
547 2965 599 3018 iste
615 2982 671 3026 non
683 2965 798 3018 multum
812 2964 952 3032 discrepat
967 2979 984 3015 a
1000 2962 1066 3016 723.

253 3037 278 3107 e)
298 3043 350 3097 Hic
370 3044 512 3113 proportio
536 3044 641 3097 orbium
655 3043 726 3098 Solis
742 3051 772 3097 et
784 3045 880 3098 Lunae
901 3042 1050 3096 assumitur
1065 3059 1108 3106 ea,
1135 3058 1206 3113 quae
1231 3041 1268 3096 20
1284 3045 1319 3097 ad
1337 3044 1368 3106 l,
1394 3049 1527 3114 quantam
1640 3073 1643 3082 ·

199 3119 259 3173 tradit
270 3123 434 3177 astronomia
448 3125 564 3194 antiqua
578 3123 695 3177 circiter.
725 3129 765 3178 At
778 3127 862 3177 doceo
878 3123 927 3175 lib.
943 3124 988 3177 lV.
1005 3122 1155 3192 Epitomes,
1171 3124 1243 3193 quod
1256 3121 1307 3176 illa
1317 3123 1353 3176 sit
1367 3123 1425 3177 fere
1440 3123 1527 3192 triplo

201 3197 273 3263 utinm
293 3203 342 3257 eloi
357 3203 385 3257 in
399 3204 629 3273 Ephemeridibus
653 3205 788 3258 modestia
809 3205 926 3274 quadam
948 3220 1012 3256 usus
1037 3202 1168 3274 usurpari
1192 3201 1268 3257 illam
1283 3202 1424 3273 sesquiplo
1439 3202 1536 3271 majov

201 3289 245 3338 ren,
256 3282 305 3337 scil.
320 3299 381 3337 eam
396 3301 468 3353 quae
484 3285 522 3339 30
539 3285 573 3338 ad
594 3286 625 3345 l,
643 3283 751 3338 interim
766 3287 827 3337 dum
844 3284 928 3353 plane
942 3283 1140 3338 concluderem.

731 3555 851 3656 Caput
878 3554 960 3628 XV.

341 3711 502 3776 &cersolio
527 3673 754 3777 distantiarum
777 3722 807 3776 et
829 3715 997 3777 dicamas
1017 3714 1351 3797 prootbapboereseon

264 3851 397 3917 Novaro
422 3853 477 3916 tibi
501 3854 597 3916 lector
616 3855 710 3916 amice
736 3855 924 3916 occasionem
948 3854 1039 3917 ullam
1063 3856 1225 3936 praebeam
1249 3864 1345 3918 totum
1360 3855 1417 3917 hoc
1431 3874 1528 3935 nego-

205 3931 254 3998 tium
267 3952 384 4024 propter
406 3943 567 4005 leviculam
586 3943 767 4005 discordiam
781 3943 946 4023 rejiciendi,
972 3946 1136 4007 monendos
1156 3945 1204 4006 hic
1220 3965 1263 4017 es,
1287 3944 1372 4046 quod·
1390 3952 1421 4005 te
1436 3944 1530 4047 probe

205 4028 340 4095 neminisse
363 4033 468 4106 velim,
504 4031 662 4112 Copernici
686 4032 832 4094 intentum
863 4052 919 4093 non
945 4032 973 4092 in
998 4033 1229 4113 cosmographia
1258 4032 1387 4107 versari,
1422 4033 1530 4094 sedin

204 4120 368 4184 astronomia:
400 4121 457 4183 hoc
481 4128 546 4194 est,
572 4128 671 4183 utrum
696 4120 861 4183 nonnihil
852 4142 881 4182 ιιι
907 4140 1010 4183 veram
1033 4122 1146 4183 orbium
1170 4123 1394 4201 proportionem
1412 4130 1528 4201 peccet,

204 4212 305 4275 ltfflu
297 4211 353 4291 ipsi
377 4228 467 4272 curae
491 4218 548 4284 est,
574 4212 661 4271 modo
686 4228 825 4271 numeros
849 4231 887 4271 ex
912 4210 1055 4272 observat
1058 4210 1174 4273 ionibus
1195 4229 1248 4271 eos
1271 4212 1455 4285 constituat,
1481 4211 1530 4290 qui

204 4288 245 4352 sint
269 4300 302 4360 ad
335 4298 586 4361 demonstrandos
620 4307 719 4360 motus
739 4298 999 4401 planetarumque
1033 4303 1099 4361 loca
1131 4301 1350 4378 computanda,
1387 4308 1480 4380 quant
1481 4319 1530 4360 nm

203 4375 246 4442 itti
262 4389 355 4465 potuit
377 4387 506 4449 maxime
531 4389 605 4466 apti.
653 4389 698 4448 At
721 4387 746 4448 si
773 4386 839 4467 quis
868 4387 1002 4466 aptiores
1026 4390 1097 4449 dare
1121 4397 1247 4449 conetur
1274 4397 1306 4449 et
1329 4389 1385 4449 hos
1411 4386 1529 4468 Coper-

202 4466 242 4530 niel
259 4495 389 4539 numeros
413 4476 457 4537 ita
479 4476 627 4555 corrigat,
658 4484 691 4536 ut
719 4476 790 4537 nihil
815 4476 930 4538 interea
960 4485 1013 4538 aut
1042 4497 1146 4557 parum
1176 4476 1204 4537 in
1228 4475 1529 4556 prosthapbaeresesi

202 4558 249 4620 turb
251 4572 283 4637 et,
306 4566 334 4627 id
361 4565 404 4627 illi
427 4583 481 4644 per
506 4563 704 4643 Copernicum
729 4565 818 4626 facile
843 4565 954 4627 licebit.

265 4653 303 4715 Ut
330 4654 422 4735 igitur
449 4671 594 4716 summam
627 4650 753 4733 denique
782 4652 851 4714 huic
878 4653 1000 4733 negotio
1029 4672 1148 4714 manum
1180 4652 1349 4733 imponam,
1383 4658 1474 4729 atque
1497 4656 1532 4710 ut

199 4751 333 4818 appareat,
367 4740 436 4823 qnid
461 4749 662 4825 quantumque
693 4761 786 4827 penes
817 4741 952 4827 singulos
985 4743 1125 4827 planetas
1154 4740 1184 4803 in
1211 4739 1419 4824 parallaxibus
1450 4737 1530 4804 orbis
