3366 5482
162 273 225 340 144
490 233 493 237 γ
671 271 785 335 Hysterii
803 272 1004 338 Cosmographicl

159 453 252 492 earum
265 436 350 506 plane
365 433 611 497 hindameutalem,
633 442 665 488 et
679 451 750 505 quae
765 444 843 489 recta
857 437 891 489 ad
907 452 1005 490 causas
1020 436 1109 499 ducit;
1132 452 1192 490 cum
1212 443 1269 492 tam
1290 436 1328 492 sit
1341 439 1454 493 obvium
1467 439 1524 495 cui·

157 517 244 578 libet,
266 515 292 569 id
306 515 335 568 in
349 515 454 568 chorda
467 530 629 585 quacunque
643 523 778 578 extensa,
800 515 879 584 oqjus
901 516 1023 585 spatium
1041 515 1197 585 subjectum
1211 516 1312 587 circino
1327 518 1411 573 dividi
1426 519 1524 590 possit,

158 595 275 665 simplici
289 594 477 664 applicatione
491 594 531 647 rei
550 595 645 658 durae,
667 602 700 647 ut
713 595 794 648 cultri
810 605 860 648 aut
874 596 960 650 clavis
980 598 1015 650 ad
1030 597 1168 672 chordam,
1187 613 1271 650 manu
1285 614 1342 653 una
1359 606 1390 653 et
1411 616 1523 670 percus·

158 678 235 731 sione
254 675 375 744 partium
389 674 450 742 ejus
472 673 708 728 interstinctamm
727 692 786 728 cum
806 676 912 744 plectro
927 677 954 729 in
969 693 1051 730 mauu
1069 675 1174 739 altera,
1196 677 1425 746 experimentari.
1467 681 1524 735 Ita·

158 774 211 827 que
226 771 332 809 summa
346 754 469 807 initiata
483 754 602 807 felicitas
622 754 649 806 in
673 754 805 823 principio
830 755 1028 824 speculationis
1049 756 1172 809 tendenti
1191 759 1226 810 ad
1246 775 1315 827 opus
1335 759 1524 815 harmonicum

159 836 345 891 scribendum:
368 834 492 904 quamvis
508 843 572 887 tuuc
587 834 694 903 quidem
710 837 825 888 noudum
846 835 871 888 id
886 837 975 890 animo
990 836 1203 892 destinaveram.
1233 838 1328 892 Causa
1346 846 1456 904 autem,
1478 857 1526 893 cur

159 925 266 986 septem
285 915 379 969 ordine
400 931 481 967 voces
505 931 590 984 usque
612 916 646 966 ad
668 913 802 983 diapason
819 933 878 969 cum
893 916 947 969 ima
960 925 1092 985 suscepta
1111 925 1274 981 consonent,
1299 926 1345 973 est
1364 919 1434 983 ista,
1461 919 1526 991 quia

159 998 263 1051 chorda
276 994 381 1064 septies
395 994 552 1049 harmonice
567 993 649 1047 dividi
663 1003 772 1063 potest;
794 994 911 1066 siugulis
931 996 1002 1049 enim
1022 996 1054 1048 iis
1076 997 1184 1051 actibus
1199 996 1303 1068 singuli
1319 999 1526 1054 constituuntur

159 1077 228 1141 suni,
249 1083 431 1129 consonantes
447 1092 505 1128 cum
521 1091 587 1127 sono
603 1074 695 1128 totius.
725 1074 794 1127 Vide
809 1076 857 1129 lib.
874 1077 921 1130 Ill.
937 1077 1033 1130 Harm.
1050 1093 1109 1147 cap.
1127 1075 1154 1130 2.

240 1170 263 1242 i)
291 1174 394 1226 Verum
407 1180 459 1236 est,
480 1171 504 1225 si
517 1173 648 1226 naturale
663 1172 689 1225 id
703 1173 787 1235 dicas,
810 1175 881 1242 quod
901 1174 990 1241 prima
1010 1174 1106 1227 statim
1124 1175 1304 1242 coaptatione
1323 1177 1479 1231 sectionum
1498 1176 1527 1231 in

159 1254 220 1324 ipso
234 1252 313 1324 quasi
326 1252 446 1324 vestigio
461 1268 606 1306 causarum
620 1245 849 1322 praegressarum
868 1253 984 1317 elicitam,
1006 1261 1039 1306 ut
1057 1254 1246 1324 distinguatur
1267 1255 1304 1308 ab
1326 1272 1368 1318 eo,
1395 1257 1469 1326 quod
1482 1273 1524 1311 se·

160 1334 293 1389 cundaria
306 1333 414 1386 ratione
428 1333 507 1386 velut
524 1332 706 1386 artificialiter
724 1340 755 1385 et
775 1332 927 1386 imitatione
942 1342 1060 1387 naturae
1075 1333 1260 1388 constituitur.
1289 1339 1330 1388 At
1343 1335 1368 1389 si
1381 1353 1437 1391 uon
1453 1337 1524 1392 ordi·

159 1432 221 1469 nem
236 1420 321 1476 ortus,
338 1415 385 1466 sed
399 1411 604 1482 proportionem
618 1411 706 1481 ipsam
720 1412 860 1481 respicias,
876 1414 1019 1466 naturalia
1032 1423 1115 1467 erunt
1128 1422 1159 1467 et
1172 1415 1222 1468 illa
1235 1414 1387 1470 intervalla
1400 1416 1525 1481 dicenda,

160 1511 230 1567 quae
248 1493 441 1564 proportiones
463 1493 502 1545 sic
521 1498 587 1545 ante
612 1492 778 1546 constitutas
802 1492 955 1546 imitatione
979 1502 1098 1548 naturae
1119 1493 1281 1563 suscipiunt
1311 1495 1396 1549 Utin
1410 1497 1527 1568 sequela

160 1593 256 1629 vocum
269 1591 308 1637 re,
324 1573 369 1636 mi,
384 1573 422 1636 ia,
438 1573 489 1636 sol,
505 1572 534 1624 la
549 1572 678 1626 naturale
693 1579 737 1625 est
751 1572 941 1636 intervallum,
962 1574 1004 1636 fa,
1020 1575 1075 1638 sol,
1092 1580 1173 1627 tonus
1189 1574 1277 1644 major
1291 1574 1398 1639 dictus3
1421 1577 1526 1648 quippe

159 1655 285 1726 primitus
301 1652 491 1716 constituitur,
516 1653 625 1722 quando
645 1652 822 1706 intervallum
840 1671 883 1716 re,
904 1654 946 1716 fa,
970 1655 1059 1707 adhuc
1073 1655 1191 1708 nondum
1206 1661 1250 1708 εει
1263 1653 1396 1710 divisum:
1421 1657 1446 1710 si
1466 1657 1526 1726 jam

160 1736 244 1789 etiam
259 1734 331 1788 inter
351 1751 394 1797 re,
419 1732 448 1786 fa
467 1731 629 1804 designetur
648 1750 703 1786 von
727 1732 775 1795 mi,
800 1733 850 1786 tali
874 1733 1053 1803 proportione
1067 1735 1187 1787 chordae
1206 1734 1255 1796 mi,
1281 1735 1316 1786 ad
1337 1736 1471 1791 chordam
1484 1753 1523 1799 re,

160 1815 237 1887 quali
252 1813 351 1868 estaol
366 1815 401 1866 ad
416 1814 453 1877 fa,
474 1820 540 1866 tuuc
555 1820 584 1866 et
597 1813 660 1883 ipsa
673 1830 729 1866 vox
743 1813 778 1866 mi
793 1813 929 1866 naturalis
945 1814 1042 1867 haberi
1056 1815 1148 1867 debet.
1178 1814 1256 1876 Quod
1271 1830 1335 1868 vero
1351 1833 1467 1874 causam
1481 1816 1526 1871 bio

60 1928 61 1932 =
159 1895 264 1949 reddidi
279 1892 471 1957 distinctionis,
487 1893 565 1962 quasi
581 1894 617 1956 fa,
633 1894 676 1946 sol
690 1893 815 1946 habeant
828 1893 998 1947 indubitatos
1014 1910 1153 1956 numeros,
1176 1893 1212 1947 mi
1232 1911 1297 1948 vero
1322 1912 1378 1950 uon
1392 1896 1476 1952 item:
1500 1896 1527 1949 id

160 1970 369 2029 'condonandum
392 1981 436 2026 est
458 1972 593 2042 tyrocinio
617 1979 681 2025 tuuc
702 1971 802 2041 posito.
830 1974 901 2027 Nam
924 1974 972 2027 lib.
992 1975 1030 2027 111
1052 1976 1183 2027 Hermon.
1209 1990 1268 2043 cap.
1293 1974 1310 2028 5
1331 1981 1361 2029 et
1386 1977 1401 2029 7
1425 1993 1525 2031 causas

162 2056 280 2124 optimas
296 2053 405 2116 tradidi,
421 2053 518 2124 quibus
533 2053 616 2105 etiam
627 2069 694 2105 sono
705 2052 740 2105 mi
755 2060 784 2105 ει
800 2053 933 2106 similibus
949 2071 1013 2106 suus
1028 2053 1199 2107 indubitatus
1210 2071 1338 2108 numerus
1354 2055 1525 2128 assignatur.

240 2148 275 2220 k)
289 2152 350 2204 Hoc
364 2167 459 2204 verum
473 2156 525 2213 est,
540 2149 563 2202 si
576 2149 705 2218 utrinque
720 2150 807 2202 velles
822 2152 976 2218 perfectum
989 2151 1118 2231 diapente
1133 2151 1312 2206 constituere.
1341 2153 1438 2223 Atqui,
1455 2155 1526 2225 quod

163 2239 229 2287 tunc
244 2232 420 2302 ignorabam,
442 2245 508 2299 pars
529 2246 583 2282 non
598 2228 708 2282 minima
722 2236 766 2282 est
788 2229 950 2300 disciplinae
976 2233 1009 2285 de
1029 2231 1214 2286 consonantiis
1238 2233 1417 2297 adulterinis,
1444 2250 1526 2304 quam

163 2309 263 2368 tradidi
278 2311 326 2364 lib.
342 2310 380 2365 III
395 2311 526 2363 Hermon.
542 2326 603 2378 cap.
623 2309 667 2362 12.

242 2387 267 2459 1)
289 2392 333 2444 lta
351 2389 456 2443 usitate
475 2389 671 2458 appellantur;
695 2395 803 2443 veteres
828 2407 862 2443 ue
885 2408 935 2459 pro
955 2391 1142 2444 consonantiis
1157 2391 1265 2461 quidem
1285 2393 1454 2446 habuerunt.
1495 2393 1527 2447 In

162 2490 221 2527 meo
237 2487 320 2541 opere
335 2469 523 2532 Harmonices,
546 2468 658 2525 lib.11[.
675 2486 734 2538 cap.
753 2470 797 2533 16,
819 2488 870 2524 nec
884 2470 971 2524 nunus
992 2478 1022 2525 et
1043 2487 1104 2540 cap.
1124 2473 1135 2524 1
1158 2477 1188 2525 et
1206 2473 1226 2525 4
1245 2472 1310 2526 libri
1325 2473 1364 2526 ΙΙΙ
1377 2479 1408 2525 ει
1421 2471 1526 2542 passim

162 2552 248 2606 etiam
262 2551 438 2620 imperfectas
460 2550 618 2619 appellavi,
643 2551 692 2603 sed
713 2566 769 2602 vox
789 2550 846 2604 ista
867 2568 921 2604 non
941 2567 1029 2620 aeque
1043 2553 1122 2605 valet
1136 2552 1320 2606 adulterinae.
1349 2552 1442 2606 Deest
1455 2551 1526 2607 enim

162 2630 337 2686 adulterinae
352 2630 489 2683 minimum
504 2629 620 2699 aliquid,
645 2647 698 2700 quo
717 2630 805 2683 minus
821 2631 858 2684 sit
871 2631 956 2699 plena
974 2631 1172 2694 consonantia;
1194 2631 1263 2685 nibil
1282 2634 1361 2685 deest
1380 2631 1485 2686 tertiae
1498 2639 1527 2686 et

163 2720 264 2766 sextae
278 2710 434 2781 legit-imae,
457 2710 612 2780 quominus
628 2709 700 2763 inter
714 2711 909 2781 consonantias
928 2712 1095 2766 referantur.
1126 2712 1223 2781 ltaque
1242 2711 1427 2766 distinctionis
1442 2729 1527 2767 caasa

163 2798 291 2863 praestat
305 2790 402 2845 tertias
418 2798 448 2844 et
462 2797 559 2845 sextas
573 2790 690 2845 minores
712 2790 802 2846 dicere
822 2791 1029 2854 consonantias,
1052 2792 1132 2862 idque
1153 2809 1208 2846 non
1228 2791 1396 2862 quantitatis
1417 2799 1527 2847 tautum

164 2879 307 2941 respectu,
332 2873 379 2924 sed
402 2871 488 2925 etiam
511 2871 622 2940 speciei.

241 2946 282 3019 m)
304 2952 385 3004 Hunc
398 2968 452 3021 ego
466 2967 581 3005 uersum
595 2951 751 3021 argumenti
771 2958 836 3004 tunc
850 2950 988 3004 constitui.
1018 2950 1157 3004 Dividitur
1175 2951 1304 3005 zodiacus
1323 2951 1351 3005 iu
1370 2960 1470 3022 partes
1492 2953 1526 3008 12

162 3039 193 3087 et
209 3032 280 3094 120;
303 3031 432 3085 dividitur
446 3038 476 3084 et
490 3032 593 3084 chorda
607 3032 634 3085 in
656 3032 770 3085 totidem
788 3031 960 3085 harmonice:
983 3047 1051 3100 ergo
1067 3031 1171 3085 numeri
1186 3032 1215 3084 hi
1229 3037 1294 3085 sunt
1308 3033 1383 3101 apud
1397 3040 1529 3089 naturam

163 3113 191 3167 in
205 3112 302 3182 pretio.
324 3115 364 3165 At
377 3128 436 3164 oum
451 3111 556 3165 zodiaci
571 3111 667 3164 divisio
682 3112 750 3165 sita
764 3111 884 3181 quinque
899 3111 1058 3179 camoribus
1073 3107 1129 3178 (uti
1144 3118 1209 3164 tunc
1222 3108 1442 3181 existimabam),
1457 3113 1528 3168 veri·

163 3193 264 3256 simile,
287 3192 404 3245 indidem
418 3198 448 3246 et
462 3192 581 3246 chordae
596 3191 756 3255 divisionem
777 3209 853 3254 esse,
875 3197 905 3244 et
924 3192 963 3244 sic
981 3190 1100 3261 quinque
1119 3191 1182 3244 illas
1196 3192 1301 3262 figuras
1316 3193 1403 3247 etiam
1417 3193 1528 3248 barmo-

163 3273 270 3327 uiarum
284 3273 360 3326 ideas
375 3289 452 3336 esse,
475 3278 540 3326 tunc
559 3271 667 3342 quidem
686 3271 763 3342 sequi
777 3272 933 3325 videbatur.
961 3271 1015 3324 Sed
1031 3288 1102 3324 nuuc
1116 3289 1154 3324 ex
1168 3289 1251 3342 opere
1266 3272 1426 3327 harmonico
1440 3274 1529 3330 lector

164 3370 264 3408 causas
278 3352 497 3407 harmonicorum
511 3351 647 3423 genuinas
663 3359 758 3421 petat:
779 3359 844 3405 suut
862 3352 934 3406 enim
948 3368 1002 3406 non
1017 3351 1069 3405 illa
1082 3351 1201 3422 quinque
1216 3367 1334 3421 corpora
1346 3355 1528 3424 geometrica.

164 3435 213 3488 sed
236 3433 329 3503 potius
354 3433 462 3503 figurae
485 3433 589 3502 planae
612 3433 639 3484 in
664 3432 795 3486 circulum
817 3431 966 3500 inscriptae
990 3429 1037 3485 dc.

243 3506 276 3579 n)
297 3513 451 3567 Jucuudum
466 3519 522 3576 est,
545 3512 646 3581 primos
661 3512 849 3565 inventionum
863 3519 978 3566 conatus
993 3513 1079 3565 etiarn
1093 3518 1221 3566 errantes
1236 3513 1346 3567 intueri.
1374 3515 1451 3570 Ecce
1466 3533 1529 3571 cau·

165 3611 211 3649 aas
225 3593 363 3665 genuinas
378 3600 409 3645 et
429 3593 623 3663 archetypicas
644 3592 913 3655 concordantiamm,
938 3609 1006 3662 quas
1028 3592 1153 3645 manibus
1175 3594 1336 3658 versabam,
1360 3596 1529 3661 coecatiena,

164 3676 244 3729 velut
257 3675 402 3735 absentes,
423 3673 507 3726 anxie
526 3672 658 3742 quaesivi.
687 3673 808 3743 Figurae
823 3674 925 3741 planae
940 3679 1006 3726 sunt
1019 3689 1120 3726 causae
1136 3673 1393 3729 concordantiamm
1406 3693 1439 3729 se
1455 3677 1530 3747 ipsis,

164 3773 218 3809 uon
233 3761 369 3824 quatenus
391 3755 461 3807 fiunt
478 3751 627 3807 solidarum
640 3755 792 3823 figurarum
806 3752 972 3821 superficies.
1002 3754 1116 3806 Frustra
1134 3755 1170 3806 ad
1191 3753 1281 3808 solida
1293 3757 1408 3824 respexi
1424 3757 1454 3811 in
1467 3774 1530 3811 cun·

165 3833 311 3890 stituendis
335 3833 499 3888 harmonicis
521 3839 643 3887 motuum
665 3833 899 3902 proportionibus.
1282 3843 1285 3848 ·

245 3910 275 3984 ο)
296 3915 382 3985 Atqui
397 3928 497 3968 causas
508 3913 569 3982 jam
582 3912 737 3967 nominatas
759 3914 848 3977 vides,
870 3913 975 3983 figuras
994 3913 1109 3982 planas:
1135 3912 1214 3982 atqui
1234 3930 1288 3967 non
1307 3915 1455 3984 coguatio,
1477 3933 1532 3970 nou

165 3994 407 4066 consanguinitas,
431 3995 479 4048 sed
502 3994 577 4047 nuda
598 3992 720 4048 affinitas
741 4000 792 4047 est.
821 3993 941 4063 Figurae
963 3993 1034 4047 enim
1055 3993 1158 4061 planae
1177 4011 1215 4047 ex
1232 4009 1290 4047 una
1307 4000 1391 4063 parte
1405 3994 1533 4051 dividunt

164 4077 293 4131 circulum
313 4075 488 4142 harmonice,
508 4092 545 4128 ex
564 4074 657 4128 altera
675 4080 757 4143 parte
778 4082 936 4143 congruunt
955 4073 981 4127 in
1002 4073 1106 4143 figuras
1127 4073 1246 4143 quinque
1265 4073 1379 4128 solidas.
1407 4075 1488 4147 Ergo
1503 4082 1533 4130 at

164 4155 324 4211 harmonica
347 4156 441 4210 circuli
465 4155 561 4208 divisio
584 4161 614 4208 et
637 4154 755 4224 quinque
778 4154 885 4224 figurae
910 4153 937 4206 iu
963 4170 1017 4207 uuo
1045 4153 1142 4216 tertio,
1167 4154 1195 4208 iu
1222 4153 1319 4225 figuris
1350 4155 1408 4211 scil.
1437 4155 1537 4228 planis,

166 4237 342 4291 conveniunt.

245 4311 279 4386 p)
300 4315 375 4368 Nota
389 4314 442 4367 hoc
455 4315 605 4386 diligenter
619 4320 648 4368 et
666 4331 802 4384 cognosce
817 4313 861 4365 vel
876 4314 927 4367 hoc
941 4330 995 4366 uno
1010 4313 1139 4381 exemplo
1154 4311 1207 4366 vim
1221 4312 1340 4368 aliarum
1352 4314 1531 4373 fortuitarum

166 4396 354 4451 collusionem.
391 4394 504 4463 Septem
523 4395 778 4448 concordantiamm
801 4395 918 4457 formas,
943 4410 993 4447 seu
1016 4400 1122 4462 septem
1146 4393 1282 4447 sectiones
1306 4394 1483 4452 harmonicas
1502 4394 1531 4451 iu

165 4477 303 4548 prioribus
318 4476 353 4529 ad
375 4473 528 4545 quinarium
546 4476 703 4546 redegimus
724 4481 884 4544 utcumque,
909 4480 940 4527 ιιι
963 4473 1045 4527 binae
1069 4490 1177 4542 semper
1200 4474 1381 4543 imperfectae
1403 4493 1456 4546 pro
1474 4491 1531 4531 uua

165 4563 352 4613 censerentur.
383 4555 529 4618 Quinarius
544 4556 597 4609 iste
612 4556 640 4609 in
654 4557 706 4608 duo
722 4555 782 4608 abit
796 4558 931 4618 membra,
952 4560 984 4607 ut
997 4553 1061 4607 hinc
1075 4560 1150 4608 stent
1164 4561 1234 4617 tres,
1255 4554 1318 4608 inde
1332 4556 1415 4610 duae.
1443 4555 1531 4627 Atqui

165 4647 195 4693 et
209 4637 349 4710 quinarius
364 4653 507 4706 corporum
522 4654 560 4688 ex
573 4652 629 4689 uua
643 4643 724 4706 parte
739 4635 793 4689 tria
806 4635 902 4698 habet,
918 4651 954 4687 ex
969 4634 1061 4688 altera
1074 4636 1142 4687 duo:
1158 4652 1247 4705 neque
1263 4643 1356 4697 tamen
1370 4635 1427 4690 illia
1441 4637 1530 4691 tribua

166 4727 211 4774 est
224 4719 356 4792 coguatio
371 4734 431 4772 cum
445 4718 488 4772 his
503 4717 601 4780 tribus,
619 4735 671 4769 nec
685 4716 751 4769 illae
765 4717 837 4768 duae
850 4716 1019 4784 respondent
1032 4714 1074 4770 his
1089 4715 1205 4769 duobus.
1233 4715 1305 4769 Nam
1318 4716 1390 4771 duae
1404 4716 1529 4787 duplices

167 4797 390 4871 imperiectanim
403 4797 660 4854 concordantiarum
673 4797 777 4852 termae
792 4795 993 4851 communicant
1005 4795 1176 4866 decaogulo,
1201 4797 1273 4866 quod
1295 4802 1342 4851 eat
1361 4796 1409 4855 hio
1425 4811 1529 4873 cogua·
