3366 5482
227 278 294 344 ³72
649 279 749 328 naeu
767 277 870 341 nmen
887 277 1038 341 namne
1056 283 1159 325 nm

226 446 387 521 portunum
422 436 481 515 ipsi
514 436 572 496 fuit
605 436 642 495 de
666 436 767 497 mnndi
795 436 960 517 archetypo
984 435 1137 513 cogitare,
1170 434 1220 513 qui
1243 432 1346 495 estin
1368 426 1589 510 geometriaet

226 527 403 590 nominatim
428 527 456 585 iu
472 524 608 597 Euclide,
633 524 812 603 philosopho
836 534 883 584 ter
898 524 1038 585 maximo.
1076 521 1172 582 Nobis
1192 530 1323 596 constat,
1347 525 1486 582 creatum
1500 535 1586 578 mun·

227 615 297 678 dnm
320 623 353 676 et
371 624 544 693 quantum
568 613 701 686 factum;
725 613 928 692 geometricae
943 613 1055 691 figurae
1080 612 1123 684 (h
1139 629 1165 672 e.
1191 607 1496 690 quantitativae)
1518 613 1588 666 sunt

226 705 310 766 entia
342 703 479 764 rationis.
527 700 619 761 Ratio
653 712 785 763 aeterna.
832 701 915 781 Ergo
949 701 1061 780 figurae
1095 701 1297 778 geometricae
1330 706 1403 759 sunt
1434 703 1586 766 aeternae,

226 810 336 873 nempe
360 791 399 852 ah
423 798 545 851 aeterno
570 808 671 850 vemm
696 790 815 850 eratin
839 797 938 850 mente
962 789 1035 863 Dei,
1067 789 1171 849 lateris
1202 787 1384 868 tetragonici
1408 783 1586 865 quadratum

226 901 253 944 e.
269 900 313 963 gr.
335 899 401 942 esse
427 879 578 939 dimidium
603 879 639 938 de
655 879 802 957 quadrato
817 879 966 939 diametri.
1009 877 1092 956 Ergo
1116 887 1253 956 quanta
1275 884 1347 938 snut
1360 872 1464 936 mundi
1478 869 1585 933 arche·

225 977 328 1053 typus.
376 968 410 1029 Si
434 969 517 1027 Deus
541 966 756 1045 e’ysoprrpqnsr
786 969 864 1028 inter
891 966 1066 1039 creandum,
1102 974 1132 1026 et
1156 967 1303 1027 animales
1327 963 1495 1025 facultates
1518 966 1587 1020 sunt

226 1056 411 1138 exemplaria
425 1056 499 1129 Dei;
523 1056 685 1116 secundum
710 1056 799 1116 illud:
825 1055 1043 1129 „Praesentem
1063 1054 1157 1116 refert
1177 1055 1332 1135 quaelibet
1344 1051 1442 1114 herba
1454 1048 1586 1122 Denm‚“

224 1165 297 1227 ergo
329 1155 360 1208 et
393 1144 538 1205 animales
572 1144 734 1205 facultates
763 1167 979 1222 yeonrrpovor,
1013 1144 1083 1204 dum
1119 1143 1149 1203 id
1173 1163 1248 1222 opus
1271 1143 1468 1213 continuant,
1503 1136 1585 1215 cnjus

225 1235 324 1316 operis
357 1234 470 1295 creatio
505 1232 576 1293 fecit
608 1232 732 1293 initium.
779 1232 841 1293 Sed
865 1235 942 1294 satis
975 1233 1011 1293 de
1036 1232 1081 1291 his
1107 1231 1135 1292 in
1160 1232 1373 1311 disputatione.
1420 1227 1585 1290 Confirmat

224 1331 326 1386 autem
350 1342 412 1383 rem
438 1322 592 1381 musica.
638 1321 729 1381 Dicat
752 1321 825 1381 mihi
849 1322 915 1400 quis
930 1340 1054 1381 causam
1069 1320 1159 1382 aliam
1184 1330 1357 1392 concentus,
1383 1336 1437 1379 cur
1452 1322 1583 1377 &aava

225 1412 366 1483 delectet,
392 1409 425 1471 a·
442 1406 515 1470 iura
539 1409 672 1469 offendat
695 1429 793 1482 aures,
819 1428 907 1488 qnam
932 1410 1009 1470 hanc
1033 1409 1140 1487 ipsam,
1166 1428 1256 1488 quam
1275 1428 1332 1488 ego
1347 1407 1425 1480 dico,
1450 1421 1583 1466 commu-

224 1519 292 1562 nem
314 1499 446 1561 musicae
471 1507 502 1558 et
526 1499 711 1576 aspectibus.
759 1497 820 1559 Sed
845 1499 1014 1577 supplenda
1036 1497 1084 1558 hic
1108 1498 1241 1559 definitio
1260 1498 1411 1558 rationum
1431 1491 1583 1555 harmoni·

224 1608 325 1652 carum
349 1608 387 1649 ex
410 1586 609 1661 harmonicis,
643 1594 676 1647 ut
705 1587 829 1660 videas,
865 1606 932 1647 esse
956 1595 1075 1647 tautum
1098 1596 1177 1648 octo.
1224 1587 1317 1648 Ratio
1340 1582 1517 1647 harmonica
1538 1587 1583 1640 est

222 1678 300 1741 ratio
327 1677 481 1756 perfecta,
514 1675 612 1736 solida
644 1685 676 1736 et
702 1695 781 1736 nexa
808 1696 827 1734 a
854 1677 970 1737 ratione
1002 1676 1206 1754 aequalitatis.
1253 1675 1397 1736 Perfecta
1428 1671 1510 1734 ratio
1530 1676 1581 1753 ⁸est

222 1767 301 1831 iuter
324 1766 468 1826 terminos
491 1764 653 1843 perfectos.
701 1763 832 1824 Termini
856 1765 984 1842 perfecti
1008 1772 1078 1824 sunt
1098 1764 1212 1825 numeri
1226 1764 1386 1843 figurarum
1400 1758 1581 1840 regularium

222 1854 514 1926 demonstrabilium‚
549 1853 578 1912 h.
604 1871 630 1913 e.
660 1871 784 1931 quarum
814 1853 910 1915 latera
942 1854 990 1913 vel
1014 1874 1204 1930 aucupator
1237 1854 1284 1914 vel
1308 1875 1384 1914 κατα
1407 1852 1521 1918 alatos
1538 1867 1581 1907 και

224 1963 458 2023 carpcyouopoa
482 1944 528 2013 (et
551 1941 607 2002 hoc
631 1943 679 2001 vel
704 1936 815 2015 ἆπλως,
839 1943 887 2003 vel
910 1946 1086 2020 apoofieoer,
1109 1943 1158 2002 vel
1181 1940 1339 2020 donaparat
1363 1939 1491 2002 alterium
1507 1954 1581 2015 qua-

224 2031 305 2094 drati
328 2032 392 2092 noti
416 2055 462 2091 και
481 2025 582 2108 draeo,
607 2039 638 2090 et
661 2031 860 2108 completione
883 2031 1022 2107 figurae),
1047 2038 1117 2090 snut
1141 2030 1359 2106 comparabilia
1381 2047 1448 2090 cum
1465 2025 1580 2087 diame-

224 2128 271 2183 tro
303 2120 415 2181 circuli.
468 2121 551 2189 (Nota
570 2127 672 2190 Kepleri
690 2129 715 2175 in
734 2130 863 2193 margine:
897 2130 969 2184 Huic
995 2129 1221 2198 contemplationi
1247 2130 1418 2182 diversorum
1445 2128 1581 2197 graduum

223 2217 435 2288 comparationis
451 2217 569 2271 laterum
583 2235 642 2271 cum
652 2218 786 2271 diametro
800 2219 894 2272 circuli
903 2218 1083 2288 peculiariter
1091 2221 1241 2289 deputatus
1252 2227 1297 2273 est
1305 2217 1377 2271 liber
1385 2217 1422 2270 X.
1433 2205 1580 2278 Euclidis.)

223 2295 304 2359 Nam
327 2298 512 2373 comparatio
537 2306 585 2357 est
606 2298 799 2372 mensuratio,
823 2316 995 2359 mensurare
1020 2309 1068 2358 est
1089 2299 1185 2371 scire3
1210 2298 1317 2359 infiniti
1336 2296 1420 2356 nulla
1441 2309 1581 2354 mensura

222 2385 272 2446 rel
296 2384 433 2446 scientia.
481 2384 660 2464 Septanguli
684 2386 777 2456 latus,
802 2397 836 2447 ut
860 2396 891 2447 et
914 2387 1089 2465 nonauguli,
1116 2385 1336 2465 uudecaugnli,
1361 2379 1578 2458 tredecanguli‚

225 2472 342 2554 fugiunt
365 2491 467 2533 omues
492 2474 702 2552 aequationes,
737 2475 807 2554 quia
829 2476 961 2554 ipsorum
990 2475 1140 2536 certitudo
1164 2474 1360 2553 longitudinis
1384 2470 1529 2532 consistit
1551 2465 1580 2526 in

221 2560 380 2636 infinitate,
405 2580 481 2641 quae
505 2564 679 2634 mensurari,
705 2564 784 2637 soiri,
808 2564 957 2642 permeari
983 2582 1040 2624 non
1064 2571 1176 2642 potest,
1202 2582 1237 2623 eo
1261 2565 1327 2644 ipso
1351 2581 1388 2622 ne
1412 2559 1582 2639 implicetur

223 2650 431 2713 contradictio.
479 2651 526 2711 Ex
551 2653 606 2712 hac
631 2651 745 2729 origiue
770 2653 985 2713 consistentiae
1016 2653 1045 2712 iu
1070 2653 1216 2714 infinitate
1245 2652 1380 2733 sequitur
1403 2649 1432 2709 in
1457 2663 1580 2728 geome-

221 2739 301 2801 trica
324 2760 580 2815 ooparoaorqoa,
614 2742 691 2820 quod
721 2759 816 2820 neque
840 2749 962 2816 coeant,
996 2761 1091 2821 neque
1119 2741 1199 2802 iuter
1230 2761 1263 2802 se
1296 2758 1391 2821 neque
1424 2756 1492 2798 cum
1516 2733 1581 2796 aliis

222 2829 412 2903 coeuntibus,
444 2847 539 2909 neque
564 2830 602 2890 ad
627 2830 819 2889 sternendam
842 2829 999 2909 planitiem
1023 2849 1118 2908 neque
1143 2831 1180 2890 ad
1201 2830 1401 2891 claudendum
1415 2828 1515 2888 locum
1529 2843 1580 2885 so-

224 2916 325 2980 lidum.
365 2917 569 2996 Triangulum,
591 2918 838 2997 quadrangulum,
866 2919 1127 2998 quinquangulum,
1143 2920 1350 2998 sexangulum,
1377 2914 1579 2995 octangulum,

221 3004 436 3086 decangulum,
462 3024 517 3085 pes
541 3015 674 3079 truttae,
700 3016 815 3082 crates,
841 3008 959 3086 aliaque
984 3008 1168 3086 decaogum,
1194 3017 1304 3068 coeunt
1326 3005 1409 3068 varie
1434 3006 1515 3067 inter
1538 3021 1579 3075 se,

220 3095 270 3157 rei
301 3114 367 3156 cum
401 3095 457 3155 sibi
483 3094 631 3158 similibus
663 3097 712 3157 vel
740 3116 807 3157 cum
836 3097 943 3170 sociis3
977 3097 1020 3156 uti
1053 3106 1152 3158 crates
1177 3097 1269 3158 etiam
1299 3097 1379 3157 inter
1402 3113 1437 3155 se
1460 3100 1579 3162 coeunt,

221 3184 276 3246 sed
298 3183 392 3254 hiant,
420 3203 477 3244 non
501 3185 630 3264 undique
655 3185 841 3246 soliditatem
865 3185 1008 3247 claudunt
1031 3185 1085 3246 hc.
1132 3186 1240 3265 Itaque
1264 3184 1367 3246 invitis
1392 3183 1487 3244 etiam
1510 3181 1579 3262 phi-

219 3271 353 3352 losophis
377 3271 517 3350 ingerunt
541 3292 608 3334 sese
631 3291 684 3351 pro
709 3274 881 3353 archetypis
906 3273 1083 3344 creationis,
1112 3274 1182 3354 quia
1205 3275 1326 3354 etipsa
1350 3273 1431 3335 intra
1455 3288 1579 3352 geome-

218 3360 296 3424 triae
320 3360 431 3421 limites
455 3361 638 3422 creationem
653 3362 785 3441 aliquam
809 3362 1031 3423 administrant.
1078 3362 1121 3424 Et
1136 3363 1174 3424 ab
1189 3364 1246 3425 hae
1264 3363 1394 3425 coitione
1409 3359 1593 3422 definissem

217 3449 372 3530 perfectas
397 3449 516 3528 figuras,
543 3450 600 3512 nisi
624 3452 681 3511 duo
704 3451 896 3512 rhomborum
915 3469 1027 3531 genera
1042 3451 1134 3513 etiam
1154 3452 1278 3526 coirent,
1303 3469 1379 3531 quae
1399 3449 1652 3530 irregulares-

218 3538 331 3619 figurae
355 3546 427 3599 sunt
450 3538 560 3600 circulo
588 3558 646 3600 non
672 3547 779 3620 aptae;
818 3560 872 3600 nos
901 3559 971 3602 vero
1000 3540 1111 3602 circulo
1139 3540 1306 3621 indigemus
1335 3539 1375 3600 ad
1403 3539 1654 3618 angulorum-

217 3627 482 3688 mensurationem.
530 3630 612 3697 (Nota
630 3637 655 3684 in
674 3647 768 3702 marga
787 3629 995 3708 Proprietates
1018 3629 1123 3690 harum
1147 3630 1306 3710 figurarum
1330 3636 1444 3708 cogunt
1461 3626 1654 3707 quiden.

219 3714 350 3796 aliquam
375 3716 591 3795 longitudinem
613 3725 744 3786 certam,
770 3718 823 3778 sed
848 3737 999 3796 expensae
1022 3727 1131 3797 petunt
1153 3718 1331 3798 principium
1355 3717 1385 3778 iu
1408 3715 1595 3778 ratiocina--

219 3803 310 3867 tione.
358 3803 482 3884 Siquis
507 3805 633 3865 haberet
657 3807 736 3866 latus
760 3807 941 3885 septanguli,
966 3807 1040 3867 illud
1064 3807 1138 3868 haec
1163 3816 1193 3868 et
1216 3808 1269 3869 illa
1295 3814 1480 3886 praestaret.
1520 3788 1654 3866 Se(-

217 3910 305 3954 nemo
329 3912 458 3972 unquam
481 3895 528 3954 vel
553 3893 581 3953 in
606 3893 722 3966 charta,
747 3896 795 3955 vel
819 3896 849 3955 in
873 3895 1012 3969 numeris,
1037 3897 1086 3956 vel
1110 3896 1138 3956 in
1163 3902 1263 3957 mente
1282 3894 1390 3956 habuit
1412 3893 1653 3975 perfectun‘

217 3981 300 4044 latus
323 3982 510 4062 septanguli3
534 4001 593 4042 nou
618 3983 682 4061 ipse
706 3983 799 4057 Deus,
827 3985 896 4062 quia
919 3985 983 4062 ejus
1008 3985 1143 4045 essentia
1166 3985 1195 4046 in
1219 3984 1276 4045 hoc
1291 3983 1444 4056 consistit,
1468 3990 1505 4044 ut
1523 3984 1653 4042 nor!

207 4068 323 4132 'haberi
346 4072 445 4149 possit
468 4081 576 4133 mente.
626 4070 742 4133 Contra
767 4073 803 4133 de
828 4072 1066 4153 quiuquaugnlo‚
1100 4074 1150 4135 ubi
1181 4073 1348 4152 geometria
1372 4070 1492 4148 definit,
1526 4072 1653 4155 hod·

218 4177 286 4222 esse
310 4159 390 4219 latus
405 4160 627 4241 quinquanguli‚
653 4162 735 4240 cujus
751 4162 929 4242 quadratum
944 4161 1132 4242 componitur
1147 4181 1184 4223 ex
1199 4163 1347 4243 quadrato
1362 4160 1569 4222 semidiametr
1645 4165 1651 4246 ff

217 4254 250 4310 et
272 4248 419 4328 quadrato
439 4249 504 4327 ejus
523 4249 619 4328 partis
639 4250 760 4328 majoris
785 4249 829 4322 (in
844 4251 976 4311 sectione
992 4252 1153 4313 secundum
1170 4259 1306 4312 extrema
1321 4259 1354 4311 et
1366 4249 1494 4325 media).
1529 4248 1649 4310 Utae¹

218 4342 251 4398 et
265 4337 513 4417 quemadmodum
533 4337 755 4400 semidiameter
779 4347 809 4400 et
831 4359 903 4419 pars
927 4339 1142 4401 semidiametri
1166 4341 1261 4420 major
1284 4341 1313 4402 in
1337 4339 1473 4405 sectione
1498 4340 1647 4402 dict&

217 4425 399 4505 geometrice
414 4427 532 4500 dautur,
550 4427 593 4488 ita
607 4429 777 4508 septanguli
793 4429 872 4490 latus
887 4429 1025 4506 potentiai
1039 4438 1087 4491 est
1103 4429 1133 4490 in
1148 4431 1237 4508 plano
1253 4428 1365 4504 circuli,
1381 4429 1412 4490 h.
1429 4451 1457 4493 e.
1476 4438 1581 4512 potes-
1622 4424 1645 4478 i

216 4513 246 4576 in
270 4533 306 4576 eu
332 4515 486 4587 delineari,
511 4517 564 4576 sed
587 4536 645 4577 uon
669 4526 773 4597 potest
796 4537 925 4596 unquam
949 4528 1092 4597 puuctum
1115 4519 1244 4593 ostendi,
1270 4519 1374 4599 inquo
1389 4519 1636 4582 terminetur·

216 4600 283 4664 Nec
306 4602 456 4683 sequitur:
482 4604 555 4666 illud
580 4615 692 4684 potest,
719 4625 790 4686 ergo
814 4606 870 4667 hoc
884 4615 987 4685 potest
1007 4608 1109 4668 etiam.
1148 4608 1228 4669 Nam
1252 4607 1291 4671 ab
1315 4627 1398 4670 esse
1424 4611 1463 4671 ad
1487 4596 1632 4672 scir?

217 4707 277 4753 uon
301 4691 447 4772 seqnitur.
496 4692 574 4755 Sunt
598 4694 713 4756 infinita
735 4704 848 4776 puncta
871 4695 900 4755 iu
926 4695 1014 4771 liuea,
1039 4705 1073 4757 at
1096 4714 1155 4758 uon
1171 4697 1306 4758 sciuntur
1321 4696 1441 4760 infinita
1454 4704 1618 4780 puncta

218 4787 411 4843 numerentur
439 4781 518 4843 enim
546 4790 578 4843 et
601 4783 644 4845 sic
667 4782 753 4843 finita
777 4792 889 4845 essent.
935 4783 996 4846 Est
1018 4784 1111 4875 igitur
1134 4784 1303 4866 speculatio
1328 4785 1377 4849 hic
1399 4784 1609 4869 procantis·
