3366 5482
160 255 234 322 182¹
671 251 786 316 Mami!
805 251 1005 317 Gemoniarum

157 435 225 499 nam
248 415 313 494 ejris
337 413 538 476 humilitatem
561 410 731 491 descendit,
761 411 840 472 unde
863 411 892 473 iu
916 411 977 473 illis
1003 429 1056 490 pro
1080 408 1336 490 eccentrepicyclo
1360 414 1519 470 accentrus

158 503 290 568 eccentri
317 524 336 563 a
360 499 526 582 Copernico
560 507 713 560 assumtus
747 507 813 560 est:
848 499 877 560 in
902 500 1050 560 Mercurio
1079 517 1149 558 vero
1178 497 1339 576 peculiaris
1370 496 1519 576 quaedam

158 592 322 664 diameter,
356 609 410 672 per
438 608 526 669 quam
550 588 669 648 accedit
692 596 723 648 et
745 587 902 669 recedita
925 586 1015 660 Sole,
1050 586 1189 648 similiter
1216 588 1304 665 longe
1332 585 1478 649 remotius
1500 604 1520 645 a

158 676 230 744 Sole
254 679 404 743 interdum
427 676 646 756 exporrigitur,
678 695 766 755 quam
790 676 882 737 stella
903 695 1043 756 unquam.
1089 674 1289 736 Existimavit-
1310 674 1420 754 igitur,
1451 691 1520 734 eam
1554 690 1559 697 ·

158 768 280 832 orbibus
302 766 528 846 relinquendam
552 783 620 824 esse
645 764 883 844 spissitudinem,
910 783 986 844 quae
1009 763 1140 826 motibus
1164 762 1407 827 demonstrandis
1431 761 1520 823 suffi-

158 848 231 920 ciat.
278 853 336 918 cm
358 852 520 934 respondi:
553 853 698 931 primurn,
729 855 926 914 deserendum
957 872 1024 913 esse
1052 860 1149 914 totum
1177 852 1362 936 nogotium,
1378 849 1404 912 si
1428 849 1519 929 duplo

159 943 324 1008 crassiores
348 944 423 1005 fiant
446 940 554 1002 orbes:
585 960 654 1002 nam
678 941 799 1003 nirniurn
822 946 1122 1021 apoodapoopsoscrs
1144 941 1297 1002 ademtam
1320 938 1376 1014 iri:
1410 937 1520 999 deiude

56 1034 59 1038 ’
96 1117 97 1125 ¹
161 1033 236 1109 nilsil
258 1032 406 1108 decedere
422 1029 574 1091 nobilitati
589 1029 786 1101 miraculosae
802 1030 891 1111 hujus
906 1028 1146 1104 machinationis,
1171 1029 1197 1090 si
1221 1029 1308 1093 modo
1331 1027 1400 1089 vias
1423 1027 1519 1107 ipsas,

159 1120 352 1202 planetarum
375 1117 544 1197 descriptae
568 1118 712 1197 globulis,
743 1119 895 1182 retineant
921 1120 998 1183 hanc
1022 1118 1264 1199 proportionem
1296 1116 1531 1201 quibuscunque¹

159 1209 204 1283 illi
227 1209 381 1289 agitantur
403 1204 543 1281 orbibus,
574 1207 690 1286 magnis
715 1228 752 1268 an
775 1208 888 1287 parvis.
935 1207 978 1269 Et
1001 1207 1118 1282 addidi,
1143 1226 1219 1287 quae
1243 1226 1310 1287 cap.
1337 1200 1388 1268 16.
1414 1204 1537 1281 habers?

160 1292 198 1362 de
220 1297 349 1361 materia
371 1297 545 1375 figurarum,
571 1315 646 1374 quae
670 1296 753 1358 unlla
776 1297 838 1370 sit3
867 1305 956 1378 atque
981 1297 1049 1358 inde
1073 1315 1132 1358 uon
1155 1295 1318 1359 absurdum
1342 1312 1424 1367 esse,
1450 1311 1521 1357 cor-.

159 1405 234 1468 pora
257 1404 323 1448 cum
347 1383 469 1446 orbibus
499 1384 603 1443 eodem
632 1384 699 1445 loco
727 1384 897 1458 includere3
931 1386 990 1446 imo
1024 1404 1095 1447 vero
1128 1385 1177 1445 vel
1205 1385 1269 1446 sine
1298 1382 1420 1445 urbibus
1443 1381 1522 1445 hano

159 1476 227 1538 viae
251 1473 500 1554 inaequalitatem
524 1471 644 1533 defendi
667 1491 767 1552 posse.
815 1474 849 1534 In
874 1492 933 1553 qua
960 1473 1114 1535 sententia
1140 1472 1229 1534 video
1256 1472 1387 1535 nobilem
1410 1477 1442 1533 et
1464 1488 1519 1531 ex·

159 1561 406 1626 cellentissimum
435 1560 679 1623 mathematicum
703 1562 874 1641 Tychunem
897 1562 1016 1633 Brahe,
1044 1563 1182 1631 Danum,
1213 1561 1340 1623 versari.
1387 1557 1522 1622 Oansaas

159 1661 260 1731 tamen
283 1658 317 1723 et
341 1648 460 1727 modum
484 1648 558 1710 haec
583 1660 687 1710 nostra
710 1649 853 1711 disertius
876 1651 1018 1714 indicant.
1053 1651 1169 1731 Nempe
1193 1650 1218 1712 sl
1237 1651 1343 1712 eadem
1364 1647 1405 1709 sit
1428 1664 1521 1709 causa

160 1739 317 1803 tarditatis
341 1746 373 1799 et
395 1735 566 1799 velocitatis
590 1736 619 1799 in
644 1738 828 1823 singulorum
843 1738 963 1801 orbibus
978 1742 1015 1814 ⁸),
1041 1758 1117 1821 quae
1141 1757 1232 1818 supra
1250 1757 1317 1818 cap.
1333 1732 1386 1800 20.
1412 1737 1468 1798 fult
1490 1736 1519 1817 iu

162 1829 301 1907 qpiverso
325 1826 445 1898 mundo,
470 1825 525 1886 hoc
549 1827 657 1887 modo:
682 1824 732 1886 iia
755 1827 896 1908 planetae
921 1827 1089 1889 eccentrica
1112 1829 1201 1890 tarda
1223 1826 1359 1907 superius
1383 1833 1448 1898 est,
1470 1825 1520 1887 in-

162 1917 252 1987 isrius
280 1917 377 1979 velox.
426 1914 476 1974 Ad
510 1914 566 1976 huc
599 1915 677 1976 enirn
711 1915 976 1979 demonstrandum
1005 1924 1142 1999 assumta
1166 1914 1332 1999 (lopemico
1364 1913 1520 1996 epicyclia,

161 2005 336 2068 Ptolemaeo
359 2007 535 2082 aequantes.
549 1999 578 2074 b)
624 2003 823 2067 Describatur
846 2004 937 2083 igitur
960 2004 1167 2068 concentricus
1195 2004 1332 2087 aequalis
1359 2002 1428 2064 viae
1451 2002 1520 2081 pla-

161 2094 296 2157 netarios
320 2089 527 2163 eccentricae;
557 2091 641 2169 cnjus
665 2102 763 2153 motus
787 2093 976 2173 undiquaque
1000 2093 1136 2172 aequalis
1160 2092 1232 2168 erit,
1262 2092 1332 2174 quia
1355 2090 1522 2172 aequaliter

162 2182 199 2243 ab
223 2179 337 2260 origiue
360 2184 460 2240 motus
484 2177 591 2240 distat.
619 2179 712 2259 ,Ergo
735 2180 765 2241 in
788 2181 952 2243 medietate
976 2182 1043 2244 viae
1065 2183 1252 2244 eccentricae
1276 2200 1369 2261 supra
1391 2198 1522 2242 concen-

162 2268 268 2333 tricum
292 2265 433 2328 eminenti
457 2267 573 2327 tardior
596 2267 654 2328 erit
676 2267 813 2346 planeta,
844 2270 915 2349 quia
942 2270 1060 2348 longius
1085 2293 1104 2332 a
1127 2269 1199 2332 Sole
1223 2270 1339 2332 recedit
1361 2276 1394 2331 et
1417 2289 1437 2330 a
1458 2266 1548 2335 vite

162 2365 226 2421 tute
251 2353 389 2418 debiliori
411 2362 566 2415 movetur:
596 2355 625 2416 in
653 2357 769 2439 reliqua
797 2359 936 2433 celerior,
966 2360 1037 2438 quia
1060 2358 1125 2434 Soli
1148 2359 1273 2420 vicinior
1296 2364 1329 2419 et
1351 2358 1381 2419 in
1406 2354 1523 2419 fortiori

162 2446 283 2508 virtute.
316 2443 420 2522 Atque
435 2442 511 2503 hanc
527 2443 726 2506 variationem
742 2454 841 2509 motus
865 2466 922 2507 non
947 2467 1034 2509 secus
1058 2466 1114 2528 per
1136 2447 1288 2510 circellum
1312 2443 1522 2518 demonstrari,

162 2553 199 2596 ac
221 2532 248 2594 si
271 2549 340 2594 vere
363 2530 393 2591 in
418 2549 453 2591 eo
478 2530 599 2593 circello
622 2532 747 2613 planeta
769 2545 939 2597 moveretur
962 2536 1079 2616 aequali
1099 2543 1191 2611 motu,
1217 2536 1340 2598 cuilibet
1362 2534 1453 2597 facile
1476 2540 1526 2595 est

163 2621 315 2703 colligere.
361 2617 467 2681 Habes
496 2639 619 2682 causam
647 2622 804 2686 tarditatis
837 2624 943 2703 hujus,
977 2624 1133 2687 videamus
1166 2645 1242 2687 nnnc
1273 2632 1305 2686 et
1331 2640 1523 2686 mensuram:

758 2713 788 2773 A
815 2712 857 2773 sit
885 2714 951 2775 lons
981 2713 1097 2774 animae
1125 2714 1287 2787 moventis,
1318 2733 1361 2775 sc.
1376 2709 1465 2793 ‚sot
1497 2710 1525 2771 Β

670 2810 804 2862 centrum
832 2800 900 2862 viae
923 2800 1056 2875 EFGH,
1091 2822 1180 2882 quam
1211 2802 1354 2882 planeta,
1387 2800 1441 2863 sed
1476 2799 1524 2861 in-

670 2889 790 2967 aequali
816 2910 925 2970 passu,
956 2890 1084 2965 incedit,
1113 2892 1169 2952 BD
1193 2891 1235 2952 sit
1256 2897 1290 2953 nt
1311 2888 1384 2964 BA,
1415 2895 1447 2953 et
1472 2886 1526 2953 CB

258 3006 289 3060 v„
576 3049 581 3059 ,
611 3013 629 3062 l
671 2977 736 3056 ejus
760 2977 924 3041 dimidium.
964 2976 1041 3041 Cum
1064 2978 1156 3058 igitur
1176 2979 1231 3042 EF
1253 2980 1295 3041 sit
1316 2977 1463 3040 remotior
1486 2975 1525 3037 ab

272 3059 287 3075 ''
364 3117 371 3143 ,
389 3093 399 3105 „
469 3052 615 3177 osb
671 3067 715 3139 A,
751 3084 840 3144 quarn
867 3065 927 3128 ΝΟ
960 3068 1132 3147 quantitate
1162 3067 1235 3140 AB,
1263 3067 1465 3129 conveniebat
1492 3071 1530 3135 aa

613 3177 620 3210 r
671 3153 796 3233 planeta
818 3155 848 3216 in
871 3155 924 3216 EF
953 3167 1017 3217 tam
1044 3157 1149 3218 tardus
1178 3165 1279 3229 esset,
1313 3175 1350 3216 ac
1379 3155 1405 3216 si
1434 3153 1529 3234 dnplo

578 3242 586 3260 ‘
672 3242 789 3322 longius
813 3244 852 3305 ab
874 3244 903 3304 A
928 3245 1116 3318 recessisset,
1141 3245 1312 3323 quantitate
1336 3263 1378 3306 sc.
1399 3244 1471 3316 AD,
1496 3249 1531 3303 at

618 3334 651 3422 (R
672 3350 761 3410 super
785 3341 888 3394 centro
911 3334 939 3394 D
964 3341 1106 3397 curreret.
1148 3333 1192 3395 Et
1214 3342 1347 3408 econtra,
1372 3351 1440 3393 cum
1464 3329 1528 3393 HG

539 3430 545 3441 '
672 3420 713 3481 sit
735 3420 856 3500 propior
878 3421 937 3500 ipsi
959 3423 990 3483 A
1014 3442 1102 3503 quam
1125 3420 1191 3494 PQ,
1214 3421 1321 3484 eidem
1345 3421 1402 3483 AB
1426 3439 1527 3500 quan·

672 3509 773 3584 titate,
799 3510 1005 3585 conveniebat,
1030 3520 1063 3572 ut
1079 3512 1203 3590 planeta
1221 3511 1250 3571 in
1267 3509 1327 3572 GH
1350 3519 1415 3571 tam
1437 3508 1529 3570 velox

617 3619 620 3624 ’
674 3606 777 3675 esset,
810 3618 846 3659 ac
878 3598 904 3660 si
933 3600 1022 3679 duplo
1054 3599 1177 3679 propius
1206 3599 1243 3660 ad
1271 3600 1301 3660 A
1331 3598 1529 3670 accessisset,

673 3683 809 3747 nimirum
831 3686 937 3748 itidem
962 3689 1133 3766 quantitate
1156 3689 1227 3749 AD.
1260 3687 1428 3767 Utrobique
1453 3704 1529 3766 ergo

674 3775 851 3837 tantundem
874 3782 935 3848 est,
961 3795 997 3837 ac
1020 3777 1046 3838 si
1070 3795 1159 3857 super
1181 3777 1210 3838 D
1234 3784 1337 3838 centro
1360 3776 1529 3837 incederet.

674 3858 773 3942 Supra
796 3864 874 3925 enirn
898 3883 965 3944 cap.
991 3862 1043 3926 20.
1070 3885 1106 3926 ea
1128 3872 1263 3927 motuum
1290 3864 1329 3926 ad
1357 3865 1447 3926 orbes
1473 3861 1534 3925 fuit

675 3952 882 4031 proportio&
928 3951 1030 4024 Quare
1054 3955 1169 4030 cogita,
1199 3973 1276 4035 quaa
1303 3952 1343 4016 ibi
1367 3953 1426 4016 loci
1450 3953 1531 4014 duae

166 4054 277 4098 causae
300 4056 355 4117 per
373 4044 470 4100 totum
485 4038 627 4101 circulum
641 4051 865 4116 concurrerunt,
890 4061 942 4103 eas
966 4040 1014 4103 hic
1037 4045 1175 4106 inversas
1199 4052 1231 4104 et
1252 4042 1422 4122 permixtas
1445 4059 1531 4107 essa.

165 4123 231 4187 Illic
255 4126 336 4188 orbis
360 4126 492 4205 ejusdem
517 4127 633 4206 integer
656 4127 788 4191 ambitus
816 4130 912 4208 major
941 4140 973 4192 et
1000 4134 1143 4194 remotior
1170 4132 1327 4212 periodum
1355 4131 1464 4208 auxit,
1497 4135 1535 4191 st

164 4212 261 4276 minor
285 4222 375 4293 atque
396 4215 519 4295 propior
542 4215 699 4278 diminuit:
724 4217 772 4278 hic
797 4227 898 4280 autem
921 4219 1025 4282 circuli
1049 4219 1166 4292 NOPQ
1189 4229 1221 4282 st
1242 4217 1358 4285 DFGH
1383 4220 1533 4301 aequales

165 4310 245 4376 sunt,
270 4310 303 4363 et
325 4302 411 4381 hujus
434 4322 506 4381 pars
530 4305 629 4366 altera
651 4305 803 4378 remotior,
829 4307 928 4369 altera
945 4309 1067 4388 propior
1081 4318 1129 4372 est
1144 4318 1247 4371 centro
1262 4310 1301 4383 A,
1327 4308 1404 4373 Soli.
1439 4306 1529 4383 Qus-

153 4391 289 4470 propter
311 4391 421 4452 motrin
444 4392 540 4454 virtus
563 4393 592 4454 in
616 4395 647 4455 A
670 4394 737 4473 agit
766 4395 794 4457 iu
818 4395 872 4457 EF
902 4407 934 4458 et
962 4398 991 4460 in
1017 4396 1095 4473 GH,
1128 4408 1274 4478 tanquam
1304 4399 1434 4477 planeta
1467 4395 1532 4460 illic

164 4484 250 4540 esset
273 4477 303 4539 in
327 4478 386 4552 lK,
411 4477 460 4540 hic
484 4480 513 4541 in
536 4482 608 4543 ΒΜ.
655 4483 818 4563 Utriusque
848 4493 961 4560 autem,
994 4487 1151 4551 tarditatis
1183 4486 1263 4555 illius
1293 4494 1327 4549 et
1352 4483 1530 4555 velocitatis

166 4566 254 4645 bajus
288 4567 451 4630 cummunis
484 4588 623 4632 mensura
656 4571 805 4634 invenitur
837 4574 866 4635 in
896 4574 935 4635 D.
983 4577 1088 4656 Itaque
1118 4577 1243 4656 planeta
1270 4575 1301 4636 iu
1328 4573 1447 4639 EFGH
1464 4573 1525 4649 ¹via

164 4654 360 4735 progrediens
389 4657 494 4719 tardus
523 4659 668 4738 calorque
701 4679 755 4723 nec
786 4681 843 4723 uon
872 4665 1030 4728 mediocris
1054 4665 1136 4727 circa
1158 4665 1187 4727 R
1210 4673 1242 4725 et
1266 4663 1289 4726 S
1316 4665 1368 4734 lit,
1402 4664 1527 4745 perinde

166 4748 309 4824 tanquam
333 4745 362 4809 in
389 4745 513 4816 lKLM,
544 4765 635 4826 snper
658 4748 686 4811 D
714 4759 849 4813 centrum
877 4752 1045 4833 aequaliter
1072 4754 1140 4818 iret.
1187 4754 1258 4826 Jam
1285 4752 1354 4815 vida
1382 4754 1526 4827 artifices,
