3366 5482
735 268 818 322 sose
835 270 972 322 aurem*
1015 209 1021 218 Ι
1456 271 1517 339 231

162 434 256 488 oculos
278 438 378 503 aperte
399 431 572 503 perspicere,
604 431 632 485 in
652 432 745 486 multis
773 433 924 496 caecutire,
955 433 983 487 in
1003 432 1142 504 plerisque
1163 434 1274 504 penitus
1300 451 1398 488 caecos
1419 433 1523 489 esse?“

162 519 200 569 At
219 512 285 567 illos
307 519 352 567 tot
372 512 526 566 seculorum
546 511 722 582 experientia
743 520 845 576 tuetur,
868 529 939 584 quae
960 513 1037 568 nullo
1058 529 1149 576 sensu,
1172 514 1248 583 nullo
1263 515 1443 570 instrumento
1464 532 1520 570 ma·

161 593 327 656 thematico‚
358 593 438 647 nulla
457 591 573 645 rationis
594 592 756 646 deductione
777 609 897 663 unquam
919 592 1040 647 convinci
1061 598 1172 662 potest?
1213 594 1362 648 Praeclare
1377 596 1464 659 sane,
1491 602 1523 649 ut

161 673 239 728 nobie
260 679 370 728 noctem
385 673 564 742 persuadeas,
586 689 646 724 cum
661 688 762 726 aurora
776 672 910 736 illuxerit,
933 673 1069 726 fenestras
1086 673 1190 726 claudis
1212 692 1262 726 nec
1286 691 1404 744 unquam
1420 674 1521 745 aperiri

161 754 235 808 sinis.
278 756 319 807 At
338 770 393 807 non
412 750 503 814 rides,
534 753 631 806 eadem
652 752 802 822 negatione
824 759 851 805 te
872 753 1027 807 universam
1051 753 1245 807 astronomiam
1267 759 1410 808 everteret
1453 755 1521 817 Quid

161 834 247 906 igitur
269 834 369 887 landas
390 832 561 902 Tychonem,
593 831 655 900 quid
684 832 821 900 praeclari
844 834 880 885 ab
902 832 961 901 ipso
991 833 1018 885 in
1040 833 1209 886 astronomia
1229 850 1343 902 sperare
1372 840 1468 903 potes,
1499 834 1522 888 si

163 921 208 978 ,te
229 931 285 967 uon
307 913 380 966 latet
400 911 497 964 talium
518 911 653 964 rationum
676 911 876 965 incertitudot“
921 913 976 966 Cur
990 912 1150 965 Ptolemaeo
1170 915 1203 966 de
1219 912 1405 975 concentricis,
1428 930 1522 968 eccen-

161 992 245 1055 tricis,
267 991 401 1062 epicyclis
422 991 523 1054 credis,
550 990 573 1043 si
594 991 664 1044 haec
688 990 893 1052 „instrumentis
915 992 1002 1054 cerni,
1026 998 1076 1045 aut
1097 992 1155 1044 ullo
1176 1009 1260 1046 sensu
1281 994 1325 1047 rel
1346 993 1455 1047 ratione
1476 995 1522 1046 dc·

161 1072 313 1144 prehendi·
337 1077 501 1142 nequeunt?
543 1070 613 1132 Quid
634 1071 741 1124 habent
762 1071 837 1125 aliud
860 1072 1025 1134 astronomi,
1048 1089 1100 1142 quo
1123 1070 1356 1142 incognitionem
1378 1072 1522 1127 distantia·

158 1170 216 1208 rum
231 1151 348 1205 veniunt
362 1150 565 1219 altissimosque
580 1151 672 1204 coelos
687 1158 847 1220 perrepunt,
875 1152 927 1205 nisi
942 1151 1125 1205 instrumenta
1140 1156 1210 1205 sua?
1248 1152 1351 1214 Quibus
1369 1152 1391 1205 si
1406 1159 1525 1222 possunt

162 1233 190 1287 in
209 1232 357 1286 stellarum
378 1229 563 1302 cognitionem
584 1239 673 1283 motus
695 1238 724 1282 et
745 1230 797 1283 loci
820 1232 927 1294 venire,
959 1237 1076 1301 possunt
1097 1231 1173 1284 etin
1195 1238 1371 1286 cometarum.
1414 1232 1522 1286 Necte

159 1313 202 1366 hic
223 1310 320 1366 audiet
341 1311 492 1380 quisquam,
515 1311 586 1380 quod
607 1309 658 1363 illa
679 1327 795 1379 corpora
816 1312 974 1366 constantia
988 1311 1051 1373 sint,
1073 1319 1163 1364 motus
1178 1311 1294 1381 perfecti
1316 1317 1345 1364 et
1365 1312 1521 1383 regulares,

159 1399 285 1446 cometae
306 1397 476 1444 evanescant
496 1398 525 1442 et
545 1396 685 1460 vagentur
706 1389 812 1444 incerti.
855 1393 1000 1462 Namque
1022 1408 1104 1444 sensu
1136 1397 1227 1445 certas
1248 1397 1370 1445 motuum
1391 1391 1471 1461 leges
1493 1391 1521 1445 in

160 1472 249 1526 stellis
271 1469 439 1540 deprehendi
461 1486 543 1539 posse
565 1468 660 1531 eredis,
683 1472 777 1522 eodem
792 1471 886 1541 Tycho
908 1473 1018 1524 easdem
1036 1470 1063 1523 in
1078 1470 1191 1524 cometis
1207 1470 1373 1540 deprehendi
1389 1471 1519 1525 affirmat.

159 1552 218 1606 Ait
238 1551 372 1622 Tycha,
393 1547 499 1619 peritus
521 1548 634 1611 artifex,
656 1549 702 1619 qui
723 1549 878 1618 hujusmodi
893 1550 1056 1604 observandi
1071 1550 1280 1621 calculandique
1302 1551 1413 1604 labores
1434 1551 1521 1604 totius

159 1631 249 1686 mnndi
270 1630 351 1684 ranis
372 1629 482 1700 gaudiis
503 1628 663 1698 anteponit:
686 1630 977 1699 negemedinus,
1001 1630 1043 1683 cui
1065 1631 1092 1682 in
1109 1630 1277 1684 astronomia
1290 1630 1394 1684 versari
1409 1630 1518 1684 minime

158 1720 253 1774 vacat,
287 1710 332 1780 qui
364 1726 422 1762 rem
450 1708 616 1762 levissimam
646 1725 696 1761 nec
720 1709 811 1762 verbis
833 1710 944 1781 diguam
974 1728 1011 1763 ex
1032 1710 1085 1763 hac
1117 1710 1280 1764 observandi
1305 1710 1414 1763 ratione
1444 1710 1521 1763 iacit.

159 1791 218 1846 Utri
240 1790 334 1860 potius
358 1790 521 1843 credendum
542 1788 614 1842 erit?
656 1792 700 1841 An
722 1789 787 1859 quia
804 1789 1049 1851 Maestlinum‚
1074 1789 1138 1860 quia
1158 1790 1324 1843 Geminam
1346 1789 1471 1843 inscitiae
1493 1796 1524 1843 et

159 1870 289 1927 ruditatis
310 1871 338 1923 in
360 1870 533 1923 observando
554 1868 658 1938 arguis,
681 1868 734 1921 hac
755 1870 898 1938 praetoria
919 1870 1044 1923 oratione
1066 1875 1094 1922 te
1116 1868 1188 1923 inter
1202 1869 1307 1938 peritos
1322 1869 1441 1923 artifices
1457 1886 1520 1922 con·

160 1950 273 2006 stitnis?
314 1949 428 2003 Scilicet
447 1948 473 2002 id
494 1948 613 2018 populus
629 1955 716 2009 curat,
738 1956 840 2003 temere
856 1950 919 2020 quid
944 1950 1063 2003 affirmes
1084 1966 1120 2002 an
1139 1951 1316 2003 demonstres.
1359 1951 1521 2002 Hauserunt

159 2039 251 2085 tamen
272 2029 316 2082 illi
336 2029 467 2083 decennio
488 2034 553 2098 post
574 2044 637 2081 suos
660 2028 769 2082 labores
790 2029 947 2098 publicatos
968 2047 1005 2082 ex
1026 2037 1055 2081 tc
1072 2032 1258 2098 'praeceptore
1283 2028 1418 2082 rationem
1438 2044 1519 2098 sepa·

158 2110 237 2166 randi
266 2115 357 2162 motus
379 2115 503 2162 cometae
532 2107 637 2177 proprii
664 2108 816 2179 anegotio
846 2110 1046 2179 parallaxeosl
1088 2109 1111 2162 Ο
1135 2108 1260 2170 miseros,
1292 2108 1412 2179 quinon
1443 2107 1519 2177 prius

160 2197 235 2244 tuam
257 2189 462 2258 Capnuraniam
476 2186 602 2241 viderint.
645 2188 723 2249 Quod
738 2187 789 2241 nisi
804 2194 862 2243 tam
876 2190 1044 2243 confidenter
1058 2195 1086 2241 te
1101 2194 1259 2257 pertaesum
1281 2196 1356 2241 esset
1380 2189 1519 2264 πολυρῤη-

158 2291 254 2344 τοριας
275 2268 486 2339 Tychonianac‚
509 2285 562 2321 non
579 2266 640 2335 jam
661 2284 710 2320 nos
732 2267 843 2338 pigeret
857 2269 939 2337 hujus
955 2269 1079 2322 crambes
1096 2267 1170 2321 bisa
1194 2272 1222 2319 te
1246 2274 1357 2338 coctae3
1380 2270 1414 2321 ad
1437 2285 1519 2340 quam

160 2351 199 2404 ita
219 2350 371 2420 diligenter
390 2354 420 2402 et
441 2348 526 2401 solide
548 2346 686 2415 Tychonis
708 2347 841 2418 apologia
860 2348 1010 2418 respondit,
1031 2357 1064 2401 ut
1084 2354 1114 2400 tu
1135 2349 1249 2401 verbum
1270 2347 1313 2399 hic
1336 2365 1387 2400 non
1406 2348 1517 2411 dixeris,

159 2432 227 2501 quod
250 2428 334 2482 isthic
353 2429 487 2482 intactum
501 2426 683 2495 relinquatur.
725 2427 848 2481 Vidisses
863 2428 909 2491 ibi,
932 2447 986 2483 non
1010 2427 1070 2480 idco
1092 2426 1157 2498 quia
1170 2427 1264 2496 Tycho
1279 2428 1314 2481 ab
1330 2427 1517 2481 instrumentis

159 2509 318 2565 instructior
348 2508 426 2562 etin
448 2508 525 2561 coelo
556 2506 724 2574 inspiciendo
755 2507 857 2561 multas
879 2510 915 2562 ob
935 2507 1155 2568 commoditates,
1187 2505 1286 2576 quibus
1309 2507 1391 2559 alteri
1413 2514 1517 2570 carent,

159 2589 326 2663 diligentior,
343 2587 408 2657 jure
430 2589 546 2658 quodam
568 2578 617 2639 suo
639 2586 666 2639 in
687 2588 837 2640 alterorum
852 2588 1060 2642 observationes
1075 2586 1270 2640 animadvertit
1284 2602 1387 2656 easque
1402 2586 1517 2641 limitat:
1595 2654 1603 2667 Ι

158 2688 210 2724 non
232 2670 345 2740 inquam
365 2668 426 2721 idco
446 2668 492 2720 rel
513 2668 546 2719 de
568 2672 629 2719 tota
649 2682 736 2720 causa
756 2673 847 2721 actum
868 2685 938 2731 esse,
961 2666 1007 2720 rel
1022 2666 1136 2720 cuilibet
1149 2667 1260 2719 easdem
1274 2665 1409 2736 sugillare
1423 2666 1517 2731 licere,

159 2750 237 2820 qnasi
258 2755 319 2802 toto
340 2749 417 2801 coelo
439 2748 578 2800 aberrent.
621 2745 698 2806 Quae
719 2746 790 2799 enim
817 2746 889 2800 inter
914 2747 1024 2801 illorum
1044 2757 1073 2800 et
1094 2745 1230 2816 Tychonis
1259 2747 1410 2799 observata
1431 2746 1516 2800 minu-

159 2830 218 2883 tula
238 2827 395 2882 differentia
415 2825 575 2886 intercedit,
607 2825 667 2894 ejus
694 2825 805 2894 culpam
826 2827 886 2896 quis
912 2844 1015 2898 quaeso
1036 2827 1082 2878 vel
1103 2825 1130 2878 in
1151 2825 1223 2878 hunc
1244 2825 1288 2878 vel
1320 2826 1348 2878 in
1368 2825 1431 2878 illos
1453 2843 1515 2879 con·

159 2910 229 2963 serre
251 2910 361 2970 audeat,
383 2907 427 2978 qui
450 2924 504 2959 non
525 2923 562 2958 ex
582 2904 653 2958 libro
668 2905 804 2975 Tychonis
826 2906 917 2961 obiter
931 2908 1054 2976 perlecto
1069 2904 1209 2958 balbutire
1228 2903 1303 2973 priua
1319 2906 1352 2956 de
1367 2904 1410 2957 his
1425 2912 1515 2959 astro·

160 2989 264 3044 nomiae
294 2986 434 3057 mysteriis
463 2984 573 3039 didicit?
621 2983 744 3038 Vidisses
775 2985 873 3047 etiam,
910 2986 933 3039 si
963 2986 1014 3040 tibi
1037 2983 1215 3054 Tychoniano
1246 2983 1334 3037 labori
1364 2984 1517 3052 placuisset

160 3069 305 3142 inrigilare
336 3067 467 3137 legendo,
499 3081 581 3135 quam
609 3064 676 3117 nihil
707 3064 780 3117 obsit
800 3066 996 3135 Tychonianae
1027 3062 1276 3135 argumentationi,
1309 3065 1380 3133 quod
1400 3066 1515 3118 eundem

160 3149 281 3203 laborem
302 3146 467 3201 Maestlinus
493 3143 613 3198 tentarit
633 3144 661 3197 in
690 3146 775 3214 paulo
797 3144 856 3199 alia
882 3145 1046 3216 hypothesi:
1079 3143 1173 3213 itaque
1202 3142 1285 3212 hujus
1317 3143 1420 3211 injectu
1441 3160 1514 3197 scru-

160 3229 215 3297 puli
235 3230 270 3282 ad
293 3226 460 3296 suspiciones
481 3223 657 3278 concitandas
679 3224 706 3277 in
727 3225 780 3278 hac
800 3225 965 3294 repetitione
986 3232 1037 3279 tua
1057 3223 1268 3292 supersedisses.

226 3357 273 3407 His
292 3357 415 3420 abrumpit
432 3367 569 3404 sermonem
586 3353 723 3418 Kaplerus,
742 3369 822 3418 nequa
839 3354 940 3405 ultanus
960 3355 993 3406 ad
1010 3354 1076 3405 hanc
1093 3354 1162 3404 litem
1180 3355 1261 3412 rediit,
1280 3354 1385 3404 libenter
1402 3344 1453 3402 reni
1471 3352 1510 3401 ia·

160 3435 255 3494 gratur
274 3442 291 3477 a
308 3426 425 3490 Tychoac
443 3426 548 3489 petitam
565 3424 607 3474 illo
624 3432 720 3474 mortno
739 3426 867 3489 abjiciens.

228 3583 258 3647 b)
278 3600 304 3649 p.
324 3581 396 3643 232..
423 3583 495 3645 Quae
504 3582 627 3647 Keplerus
648 3584 757 3641 ,antea“
779 3591 867 3635 contra
878 3584 968 3636 Ursum
980 3586 1133 3650 conscrlpsit,
1153 3585 1288 3650 disqnmitio
1301 3585 1363 3634 iortc
1377 3589 1423 3640 est,
1442 3597 1516 3648 qnam

162 3657 215 3707 dum
233 3658 259 3706 in
278 3656 428 3706 bibliotheca
440 3654 623 3704 Viennensi
641 3657 813 3719 manuscripta
821 3656 922 3720 Keplcri
935 3658 1124 3721 quaerebamus,
1144 3659 1285 3720 accepimns
1298 3657 1368 3719 quasi
1385 3653 1516 3717 achlcri

161 3743 233 3778 mann
251 3729 377 3791 scriptam.
415 3726 488 3776 lianc
506 3725 606 3789 quidem
623 3740 673 3775 non
693 3727 757 3776 illins
775 3741 852 3776 manu
870 3729 988 3803 scriptam
1003 3728 1177 3791 judicavimus,
1198 3735 1226 3776 at
1245 3727 1395 3789 descriptam
1413 3725 1519 3775 macab
1619 3798 1622 3803 .
1669 3749 1677 3757 ·

161 3797 312 3865 mtograpbc
330 3797 433 3861 Keplcrl
451 3797 486 3846 nil
506 3796 573 3845 dubii
592 3797 683 3846 obstat
724 3806 730 3823 *

219 3902 377 4004 ninscriptum
395 3944 435 3988 est
452 3938 536 3988 lolium
554 3938 684 3988 continens
702 3938 769 3988 banc
787 3939 997 4004 disquisitionem:

235 4049 274 4103 bi
295 4049 345 4101 Jo.
366 4045 515 4115 Kepleri
543 4047 619 4100 Ord.
645 4047 741 4100 Pror.
763 4046 915 4119 Styriae
936 4047 1174 4102 Mathematici
1201 4046 1373 4116 judicium
1404 4048 1442 4100 de
1463 4046 1519 4118 hy·

161 4128 369 4198 pothesibus
400 4125 651 4195 Tychonianis‚
683 4144 767 4196 quas
797 4128 937 4198 quidam
967 4128 1139 4183 Nicolaus
1170 4128 1275 4182 Ursus
1297 4127 1520 4181 Dithmarsus

162 4209 225 4264 sibi
248 4223 421 4277 arrogare
441 4205 657 4276 praesumit,
689 4214 739 4261 aut
759 4206 782 4260 si
803 4207 830 4261 id
851 4211 924 4278 apud
946 4208 1114 4262 cordatiores
1137 4207 1261 4262 obtinere
1283 4224 1337 4260 non
1358 4213 1467 4276 posset.
1488 4214 1522 4261 ut

161 4289 256 4343 saltem
278 4286 417 4359 'l'ychonis
438 4286 577 4340 inventurn
599 4303 652 4338 non
674 4303 744 4347 esse,
766 4289 814 4340 sed
835 4306 872 4341 ex
892 4288 1033 4342 Martiano
1048 4288 1174 4357 Capella,
1197 4287 1348 4357 Cepernico
1370 4294 1420 4341 aut
1433 4287 1519 4355 Apol·
1580 4280 1585 4288 ’

162 4367 229 4422 lenio
250 4368 380 4439 Pergaeo
401 4367 553 4419 desumtum
574 4365 653 4418 fldem
675 4367 790 4422 faceret.
836 4369 913 4430 Quae
935 4368 1026 4422 omnia
1047 4368 1157 4421 edicto
1178 4368 1302 4437 Keplero
1325 4365 1519 4420 mathematico

162 4447 257 4502 eximio
279 4453 311 4501 et
331 4445 359 4499 in
379 4446 539 4498 Ptolemaeo
561 4451 647 4514 atque
669 4447 819 4515 Copernioo
841 4449 912 4501 bene
934 4459 1045 4501 versato
1067 4448 1204 4502 succincte
1225 4454 1255 4502 et
1274 4447 1359 4501 solide
1381 4447 1426 4499 bic
1445 4446 1518 4499 refir-

162 4531 260 4582 tantur.
305 4526 534 4588 Quemadmodum
556 4524 655 4588 etiarn,
688 4532 835 4595 antequam
867 4528 889 4581 is
912 4528 1067 4598 Tychonem
1099 4530 1132 4580 de
1154 4528 1224 4581 facie
1246 4533 1356 4588 nosset,
1387 4527 1421 4578 ad
1452 4524 1516 4578 nob.

162 4612 187 4659 et
204 4612 311 4677 praest.
333 4605 420 4658 virum
441 4606 476 4659 D.
497 4606 541 4659 Jo.
564 4605 597 4657 G.
620 4605 796 4661 Herwartum
817 4608 852 4661 ab
874 4608 1062 4677 Hohenburg‚
1090 4614 1213 4661 statuum
1234 4604 1443 4676 provincialium
1463 4604 1518 4656 Ba·

162 4684 250 4740 iuriae
272 4685 484 4748 cancellarium,
515 4686 588 4738 banc
609 4686 799 4759 quaestionem
820 4694 988 4751 moventem,
1011 4687 1220 4756 perscripserat,
1253 4701 1325 4755 quae
1346 4684 1446 4738 literae
1468 4699 1518 4736 suo

164 4769 284 4841 tempore
305 4764 405 4820 haberi
427 4771 458 4818 et
477 4764 505 4821 in
525 4763 654 4822 veritatis
675 4765 826 4822 subsidium
846 4767 960 4836 proferri
980 4774 1105 4845 possunt
