3366 5482
150 429 206 493 ΑΕ
230 436 395 510 aequatur,
428 426 486 490 OG
510 428 574 508 ejus
598 428 664 490 axis

151 528 182 581 et
207 518 282 599 poli.
334 517 394 578 HD
425 516 575 591 zodiacus,
610 517 664 578 BF

151 608 214 688 qus
239 607 308 669 ans
331 613 364 668 et
386 605 463 686 pom
494 606 553 667 eru
589 605 663 668 uu.
1245 581 1249 596 '

150 696 264 777 primus
287 695 370 757 orbis
399 695 428 756 in
454 695 573 756 theoria
596 694 661 755 Ln-

150 805 205 848 nae
219 785 383 847 secundum
392 783 560 857 Eudoxum,
574 783 658 862 ajus-

151 894 206 956 que
234 874 297 956 poli
323 873 355 946 I,
396 872 437 933 K.
479 870 570 942 NOQ
606 891 658 932 se-

150 962 278 1037 cundus,
311 963 378 1040 ejus
400 961 461 1040 poli
482 963 527 1034 N,
558 959 658 1022 Oaf-
710 1002 728 1054 Β
1099 961 1161 1037 ἢ

150 1053 197 1116 uxi
244 1053 341 1132 primo
380 1051 426 1111 IK
465 1050 496 1111 in
539 1048 658 1129 punctis
962 961 1168 1157 ff*

149 1143 181 1215 P,
197 1141 243 1204 M.
267 1139 348 1202 RST
370 1139 488 1209 tertius,
510 1139 576 1219 ejus
598 1137 659 1217 poli
927 1077 1018 1225 ’μ’

149 1230 190 1306 Β,
216 1231 256 1304 T,
281 1228 365 1291 affixi
388 1228 520 1289 secundo
534 1228 564 1289 in
579 1246 658 1306 pun·
913 1197 1084 1321 'Hk

149 1321 206 1383 ctis
230 1319 273 1391 V,
296 1318 338 1380 X.
1282 1318 1286 1334 ²

237 1407 343 1468 Habes
373 1404 493 1467 Eudoxi
529 1422 679 1482 concen-⁸

150 1498 251 1570 uicos,
277 1496 370 1569 Ursa,
399 1495 428 1555 in
454 1493 571 1554 theoria
594 1493 658 1553 Lu-

149 1606 215 1649 nae.
275 1585 290 1646 1
332 1602 409 1645 nunc
451 1590 483 1643 et
524 1590 659 1643 veterum

149 1674 365 1738 astronomiam
389 1669 517 1732 extolle!
557 1671 658 1731 Theo·

149 1766 192 1827 ria
231 1763 309 1824 haec
346 1781 403 1823 non
442 1768 570 1821 constat
601 1759 659 1819 nisi

148 1850 357 1925 concentricis,
383 1868 456 1910 saue
481 1850 550 1929 quia
573 1856 658 1908 cete-

149 1963 197 2006 ras
211 1942 319 2003 Lunae
344 1939 578 2018 inaequalitates
592 1937 657 1998 Eu-

149 2034 244 2093 doxus
268 2027 429 2110 ignoravit.

236 2118 333 2180 Porro
379 2134 471 2197 quare
516 2113 659 2175 Eudoxus

150 2210 240 2271 etiam
264 2208 294 2269 in
319 2204 480 2266 Theoriam
504 2202 585 2264 Solis
611 2203 781 2268 latitudinis
803 2207 944 2269 circulum
974 2205 1184 2281 introduxerit,
1210 2206 1259 2268 diu
1284 2226 1399 2270 mecum
1423 2226 1520 2287 qnae-

150 2299 215 2360 siri.
263 2297 343 2358 Nam
376 2293 436 2354 etsi
464 2292 520 2352 hoc
544 2292 649 2369 procul
683 2296 772 2357 dubio
804 2306 836 2358 et
864 2295 1035 2376 D.-Tycho
1059 2295 1160 2356 Brahe
1195 2295 1303 2371 iaciat,
1338 2297 1387 2376 qui
1421 2304 1522 2358 muta-

150 2389 262 2450 tionem
296 2384 428 2463 aliquam
468 2380 638 2442 latitudinis
671 2384 796 2445 fixamm
830 2384 1043 2464 deprehendit:
1080 2383 1137 2445 hoc
1175 2391 1275 2445 tamen
1314 2393 1377 2446 tarn
1409 2386 1522 2449 subtile

150 2475 302 2556 negotium
338 2492 393 2533 neo
424 2470 481 2531 nisi
512 2479 584 2548 post
616 2474 710 2533 multa
744 2475 846 2535 secula
881 2472 1062 2553 deprehendi
1099 2478 1217 2552 potest,
1257 2493 1312 2534 nec
1345 2474 1371 2535 si
1403 2474 1521 2536 Eudoxi

150 2577 286 2645 tempore
318 2561 472 2642 potuisset
507 2558 705 2622 animadverti
740 2561 867 2624 Eudoxo
897 2562 1007 2624 luisset
1045 2561 1214 2640 cognitum,
1247 2563 1296 2642 qui
1326 2564 1420 2625 multo
1454 2563 1520 2625 evi-

151 2654 289 2716 dentiora
328 2648 496 2730 praeteriit.
552 2649 768 2727 Interpretatio
810 2671 881 2713 veru
914 2650 1147 2712 Fracastorii
1180 2652 1277 2713 locum
1315 2669 1373 2714 non
1407 2651 1520 2715 habet:

151 2744 246 2819 „baec
270 2740 377 2819 igitur,
402 2737 513 2818 inquit,
546 2758 565 2798 a
594 2741 726 2800 secunda
753 2760 807 2819 per
830 2739 946 2802 zodiaci
983 2739 1199 2820 longitudinem
1224 2740 1404 2812 ducebatur,
1438 2750 1521 2803 motu

152 2842 252 2894 autem
282 2848 336 2890 suo
365 2827 513 2903 faciebat,
548 2834 580 2886 nt
609 2828 700 2889 stella
729 2849 787 2891 non
816 2830 845 2891 in
876 2830 979 2890 eadem
1010 2828 1143 2889 maxima
1170 2828 1372 2891 declinatione
1402 2848 1522 2909 semper

152 2926 298 2992 maneret,
329 2917 382 2978 sed
407 2916 495 2976 Luna
517 2915 605 2975 modo
629 2916 658 2976 in
693 2937 750 2978 uno
775 2919 860 2998 signo
891 2919 978 2979 modo
1004 2918 1033 2979 in
1059 2917 1118 2978 alio
1143 2918 1308 2991 videretur,
1342 2915 1396 2979 Sol
1422 2918 1520 2997 magis

152 3021 178 3072 et
200 3009 301 3071 minus
326 3005 493 3066 declinaret
517 3005 554 3064 ab
579 3002 878 3084 aequinoctiali.“¹⁰)
925 3005 1008 3076 Quid
1027 3006 1106 3066 enim
1131 3024 1206 3084 opus
1222 3013 1270 3066 est
1292 3024 1347 3084 pro
1372 3007 1520 3068 varianda

152 3098 230 3162 Solis
255 3094 457 3158 declinatione
481 3111 589 3154 novum
614 3095 754 3156 inducere
778 3097 933 3169 circulum,
960 3114 1026 3156 curn
1050 3094 1080 3154 id
1104 3094 1234 3156 officium
1265 3093 1358 3155 tertio
1389 3095 1439 3173 qui
1463 3096 1519 3156 sub

152 3189 274 3250 zodiaco
299 3183 412 3245 incedit
443 3183 483 3244 sit
511 3183 683 3261 proprium?
729 3184 772 3246 Et
795 3185 889 3246 verba
912 3184 1006 3263 ipsius
1030 3202 1089 3244 non
1115 3191 1185 3244 sunt
1205 3182 1382 3245 astronomi.
1420 3183 1517 3259 Luna,

152 3277 254 3358 iuquit,
281 3273 443 3341 secundum
466 3272 615 3332 maximae
640 3273 854 3335 declinationis
879 3273 917 3333 ab
942 3280 1104 3352 aequatorc
1128 3280 1271 3351 punctum
1304 3291 1381 3333 nunc
1406 3272 1435 3333 in
1459 3290 1518 3333 uno

153 3365 245 3446 signo,
272 3381 349 3424 nunc
373 3362 401 3422 in
426 3361 487 3422 alio
510 3362 697 3423 cernebatur.
745 3363 788 3424 At
808 3363 895 3423 Luna
909 3361 1083 3423 Fracastori
1107 3361 1244 3442 nuspiam
1265 3361 1332 3440 plus
1348 3361 1387 3422 ab
1403 3380 1518 3441 aequa-

153 3465 213 3516 ture
239 3452 388 3524 declinat,
414 3469 502 3529 quam
530 3450 559 3511 in
585 3465 630 3524 es,
661 3456 713 3524 ᾖ,
745 3472 803 3512 non
836 3451 933 3512 minus
968 3470 1056 3531 quam
1080 3449 1144 3512 Sol.
1191 3449 1336 3530 Adeoque
1360 3450 1425 3529 jam
1454 3450 1517 3511 lere

155 3541 371 3605 concludebam
396 3557 522 3612 mecum,
550 3540 681 3600 voluisse
705 3540 863 3601 Eudoxum
887 3547 1000 3602 mutum
1016 3539 1147 3600 sortasse
1167 3540 1293 3600 lixarum
1308 3539 1517 3599 demonstrare

157 3651 206 3712 per
230 3629 394 3692 secundum
417 3625 509 3696 nOQ
540 3627 695 3702 circulum,
730 3629 820 3689 aliter
851 3628 1020 3689 revolutum
1049 3637 1077 3689 et
1108 3648 1198 3707 super
1227 3627 1295 3688 aliis
1324 3627 1418 3706 polis,
1450 3646 1517 3689 cum

155 3720 350 3784 occurrebant
379 3716 555 3796 sequentia:
588 3717 640 3791 „in
666 3718 781 3796 majore
806 3727 906 3779 autem
930 3715 1089 3778 latitudine
1114 3718 1255 3778 inflexum
1279 3735 1347 3778 esse
1371 3735 1454 3790 eum,
1486 3715 1516 3777 in

156 3829 209 3891 quo
233 3810 332 3879 Luna,
358 3825 446 3884 quam
471 3805 500 3864 in
526 3824 582 3883 quo
608 3805 661 3867 Sol
686 3808 834 3868 seratur-,⁶⁴
881 3805 997 3876 Quibus
1022 3806 1121 3866 verbis
1154 3805 1249 3866 omnis
1272 3806 1362 3883 plane
1386 3804 1516 3866 diversi-

154 3909 198 3960 tas
222 3897 302 3959 inter
327 3893 408 3956 Solis
433 3903 465 3954 et
489 3894 593 3954 Lunae
618 3895 752 3956 theorias
772 3895 903 3969 tollitur,
938 3895 993 3956 hoc
1022 3913 1079 3957 uno
1109 3901 1250 3973 excepto,
1280 3894 1359 3973 quod
1383 3890 1443 3955 OV
1466 3894 1516 3956 vel

153 3987 208 4049 nx
232 3985 330 4047 minor
354 3983 395 4044 sit
416 3984 446 4044 iu
470 3982 557 4056 Sole,
592 4002 680 4061 quam
709 3984 736 4044 iu
762 3985 859 4045 Luna.
907 3984 1042 4044 Tandem
1066 3983 1185 4057 incidit,
1223 3981 1342 4044 Eudoxi
1365 3983 1514 4045 intantum

153 4096 205 4138 non
231 4085 294 4136 tam
320 4093 388 4134 esse
413 4071 647 4133 astronomicum
673 4093 761 4152 quam
785 4072 1034 4153 philosophicum.
1338 4087 1344 4098 ·

237 4162 360 4224 Etenim
391 4171 422 4222 et
445 4160 589 4221 Eudoxus
614 4171 804 4223 astronomus
833 4162 912 4223 inter
934 4160 1130 4241 philosophos
1158 4158 1331 4239 etquidem
1355 4159 1514 4241 Pythago-

154 4253 226 4317 ricus
250 4275 270 4313 a
293 4250 420 4313 Laertio
443 4258 627 4311 recensetur.
676 4249 841 4312 Consilium
864 4251 958 4329 igitur
980 4251 1035 4310 hoc
1060 4249 1153 4310 fuisse
1176 4247 1314 4328 Eudoxo,
1338 4250 1457 4328 quando
1482 4257 1515 4312 ut

154 4342 259 4404 lumine
284 4341 328 4402 sic
351 4339 482 4400 motibus
506 4339 665 4418 plurimum
680 4339 732 4400 Sol
758 4347 788 4400 et
803 4340 890 4400 Luna
905 4339 1022 4400 differre
1038 4338 1197 4399 videantur
1218 4339 1372 4413 acetem's,
1398 4358 1513 4419 aequa-

154 4430 266 4493 litatem
300 4428 502 4491 omnimodam
528 4427 608 4488 inter
636 4428 795 4490 luminaria
825 4428 996 4502 instituere,
1031 4426 1154 4508 Solique
1183 4427 1221 4488 ad
1245 4428 1349 4489 Lunae
1379 4446 1513 4488 normam

154 4520 280 4583 tribuere
296 4517 497 4591 latitudinem,
524 4517 577 4577 sed
596 4517 800 4583 insensibilem
816 4527 869 4579 aut
889 4526 972 4579 certe
991 4516 1207 4578 insensibiliter
1219 4515 1408 4590 variabilem,
1434 4515 1513 4594 quod

154 4607 184 4670 iis
207 4609 288 4670 innui
313 4606 413 4668 verbis
437 4605 591 4680 existimo,
620 4606 726 4685 quibus
756 4608 899 4687 majorem
923 4607 1027 4667 Lunae
1058 4625 1148 4685 quarn
1172 4602 1237 4666 Soli
1265 4603 1370 4665 tribuit
1403 4603 1511 4664 latitu-

155 4697 259 4761 dinem.
307 4697 394 4758 Haeo
419 4696 497 4756 enim
517 4694 688 4774 aequalitas
711 4696 879 4758 rationibus
904 4696 967 4776 ejus
990 4692 1206 4776 philosophicis
1230 4693 1332 4754 forsan
1351 4691 1512 4754 admodum

155 4796 216 4851 erat
239 4794 455 4850 consentanea.
500 4784 566 4847 Nec
597 4783 732 4862 dubium,
766 4784 836 4867 quin
865 4785 991 4867 eandem
1014 4784 1053 4847 ob
1076 4801 1199 4847 causam
1224 4781 1304 4844 inter
1331 4788 1452 4843 ceteras
1480 4788 1513 4846 et
