3366 5482
756 218 838 286 capus
855 219 875 270 1·
1180 158 1184 166 Ι
1220 275 1224 282 .
1437 217 1496 285 tal

142 384 335 447 tardissimum
370 382 538 455 Copernicns
561 383 632 438 idem
657 389 788 452 praestat
819 401 869 453 per
892 383 1097 439 aberrationem
1122 382 1306 438 restitutionis
1336 383 1454 456 epicycli
1482 400 1501 439 a

142 464 315 521 restitutione
331 464 506 530 concentrici,
531 481 591 518 cum
610 463 648 517 sit
668 471 785 534 utraque
808 480 901 518 annua
916 466 981 519 lere.
1024 464 1205 518 verisimilius
1225 470 1319 519 autem
1333 472 1384 528 est,
1409 471 1499 519 motus

142 546 197 601 llos
221 548 320 600 tardos
342 564 380 600 ex
403 544 580 600 aberratione
594 561 656 598 esse
680 560 760 614 quam
785 563 820 598 ex
835 551 910 598 motu
931 544 1060 615 positivo.
1102 544 1270 598 Praesertim
1294 562 1354 599 cum
1375 545 1499 615 epicyclo

142 632 222 680 news
246 641 358 680 annum
382 631 489 680 tantum
511 631 640 695 respectu
663 624 808 685 eccentrioi
832 625 874 677 sui
897 624 974 688 insit,
1000 643 1018 679 a
1039 643 1093 696 quo
1115 624 1279 679 circumacto
1301 625 1443 695 epicyolus
1467 642 1497 679 se

142 706 239 760 srolrit
252 706 280 760 in
294 707 413 777 plagam
426 705 601 767 contrariam,
625 710 656 757 at
670 711 799 773 respectu
812 706 930 759 lixarum
945 705 1045 776 quietis
1060 706 1152 775 potius
1167 705 1286 774 speciem
1308 721 1376 775 prae
1390 723 1420 759 se
1435 705 1499 768 lert,

142 788 199 859 quia
222 785 251 840 in
272 787 327 840 hac
342 785 501 840 evolutione
523 786 562 848 fit,
588 792 620 839 ut
634 786 747 838 eaedem
762 784 880 854 epicycli
903 792 998 854 partes
1018 786 1113 839 iisdem
1135 786 1253 838 lixarum
1275 785 1369 855 plagis
1392 801 1501 855 semper

142 869 332 930 obvertuntur,
361 865 413 919 nisi
434 866 597 936 quantulum
619 865 716 918 turbat
740 865 889 919 aberratio.
940 866 1003 936 Ego
1027 884 1092 919 vero
1117 865 1144 918 in
1168 864 1376 919 Commentariis
1400 865 1499 919 Martis

142 956 164 1003 et
183 947 212 1001 in
226 947 305 1017 Epit.
328 950 406 999 Astr.
428 946 498 1000 libro
513 947 559 1000 IV.
584 961 695 998 causam
717 947 797 998 trado
821 945 964 1015 physicam
986 953 1043 1002 tam
1067 945 1281 999 eccentricitatis
1304 961 1385 1015 quam
1409 952 1499 999 trans·

142 1027 281 1099 positionis
296 1043 495 1098 apogaeorum,
520 1041 591 1096 quae
606 1042 693 1079 causa
716 1025 801 1079 insita
814 1033 859 1080 est
878 1025 905 1078 in
924 1019 1000 1079 libris
1016 1025 1137 1096 corporis
1161 1027 1303 1095 planetae,
1330 1044 1380 1079 nec
1393 1025 1501 1097 indiget

142 1109 180 1162 sel
194 1107 385 1162 deterentibus
399 1107 443 1159 vel
460 1105 600 1176 epioyclis.
644 1105 696 1159 Sed
720 1106 772 1158 hoc
796 1107 952 1169 membrum,
978 1108 1070 1161 Solem
1093 1106 1181 1176 ipsum
1207 1101 1271 1173 (seu
1286 1101 1409 1170 Terram)
1433 1104 1499 1160 atti·

142 1206 212 1250 nens,
237 1186 370 1257 intellige
391 1186 482 1240 obiter
496 1187 595 1240 saltem
618 1186 799 1247 inculcatum
821 1193 904 1238 uter
919 1204 952 1239 eo
971 1187 1031 1256 jam
1047 1188 1218 1249 ostendatur,
1244 1186 1362 1256 quidex
1378 1184 1500 1257 apogaei

142 1269 207 1324 solis
229 1266 446 1336 transpositione
466 1268 600 1320 redundet
622 1266 649 1318 in
671 1267 801 1335 planetas
823 1274 940 1320 ceteros.

217 1343 250 1416 n)
272 1348 352 1401 llaec
366 1344 527 1399 dilucidiora
539 1348 609 1399 fiunt
622 1362 673 1415 per
687 1345 814 1399 intuitum
827 1346 875 1416 fig.
892 1346 930 1400 23
945 1354 974 1400 et
989 1346 1035 1399 24.
1078 1347 1130 1399 Est
1151 1345 1258 1416 quidem
1277 1345 1330 1398 hoc
1345 1345 1500 1410 vaticinari,

142 1428 229 1482 didere
244 1426 308 1498 quid
331 1435 397 1497 post
415 1427 503 1479 multa
524 1427 620 1479 secula
637 1425 675 1478 sit
694 1426 828 1487 futurum
851 1443 911 1479 cum
933 1426 985 1480 iste
1004 1427 1148 1496 scrupulus
1169 1427 1202 1478 de
1226 1425 1368 1494 praesenti
1383 1427 1501 1480 nondum

142 1501 241 1580 urgeat
255 1506 452 1562 astronomiam
465 1513 595 1560 veterem.
637 1505 690 1559 Sed
701 1506 739 1558 sic
754 1513 943 1574 comparatum
956 1514 1001 1559 est
1019 1523 1078 1560 cum
1101 1506 1315 1560 transsumtione
1337 1506 1501 1575 placitorum

142 1586 292 1642 Ptolemaei
307 1586 516 1657 particularium
531 1586 558 1639 in
572 1585 741 1657 hypothesin
757 1586 908 1655 Copernici,
932 1595 963 1640 ut
977 1604 1030 1639 non
1055 1586 1178 1657 potuerit
1198 1603 1216 1639 a
1230 1603 1272 1639 me
1287 1585 1375 1639 omitti
1399 1586 1501 1640 mentio

142 1671 201 1723 ista
244 1669 315 1722 Nam
337 1667 421 1720 etiam
436 1667 603 1737 Copernicus
624 1665 845 1720 eccentricitates
868 1667 986 1737 quinque
1009 1667 1184 1736 planetarum
1203 1665 1375 1736 computavit
1393 1668 1502 1720 reluta

142 1757 234 1804 centro
255 1749 331 1802 orbis
354 1746 461 1818 magni:
494 1746 573 1817 quasi
602 1746 670 1799 illud
695 1744 760 1810 (non
786 1762 852 1799 vero
877 1746 965 1816 ipsum
988 1746 1059 1800 Solis
1092 1754 1213 1800 centrum
1237 1743 1441 1811 vicinissimum)
1466 1747 1502 1800 sit

142 1825 261 1902 gennims
274 1827 351 1882 basis
366 1827 526 1898 systematis
548 1826 708 1897 planetarii.
752 1826 806 1879 Per
831 1827 881 1879 hos
897 1845 961 1881 vero
977 1827 1014 1881 25
1031 1843 1126 1890 annos,
1152 1846 1189 1880 ex
1204 1845 1257 1898 quo
1280 1826 1406 1880 libellum
1429 1829 1502 1881 hunc
1524 1874 1529 1883 .

142 1911 217 1972 edidi,
244 1910 342 1963 siccat
356 1924 431 1961 ame
453 1908 605 1961 constituta
623 1906 800 1968 astronomia,
826 1912 857 1959 ut
876 1908 1097 1961 eccentricitates
1113 1925 1205 1961 omnes
1219 1902 1423 1977 (primariorum
1439 1909 1501 1977 pla·
1546 1941 1554 1970 z

142 1986 278 2054 netarum)
303 1991 338 2043 ad
361 1988 526 2058 ipsissimum
545 1987 617 2042 Solis
641 1996 764 2040 centrum
789 2004 839 2040 ceu
863 2004 955 2042 reram
976 1989 1067 2042 mundi
1091 1987 1171 2041 basin
1193 1988 1360 2041 referantur.
1404 1988 1501 2057 ltaque

142 2088 251 2127 manere
273 2075 391 2139 possunt
412 2067 632 2122 eccentricitates
656 2069 833 2137 planetarum
849 2068 974 2131 omnium,
999 2058 1236 2138 quorsumcunque
1256 2085 1286 2121 se
1300 2066 1419 2137 recipiat
1433 2083 1499 2137 apo·

142 2168 240 2223 gaeum
263 2149 345 2204 Solis.
387 2148 457 2200 Vide
480 2148 507 2201 in
531 2147 706 2202 Martialibus
722 2147 930 2201 Commentariis
956 2155 1063 2218 partem
1087 2148 1202 2219 primam
1226 2149 1258 2201 de
1283 2146 1502 2218 aequipollentia

144 2230 347 2302 hypothesium,
371 2229 532 2299 praesertim
557 2229 649 2299 Caput
671 2229 718 2280 VI.
1416 2235 1417 2238 ’

217 2307 247 2375 ο)
268 2310 349 2363 Haec
373 2326 409 2362 ex
430 2308 614 2362 admonitione
638 2308 723 2377 ipsius
738 2308 881 2378 Copernici
907 2307 1076 2378 transcripta
1096 2316 1168 2362 sunt
1211 2308 1249 2361 Et
1271 2325 1364 2361 verum
1381 2313 1434 2372 est,
1457 2308 1501 2378 qui

147 2396 262 2445 centmn
287 2388 360 2443 orbis
376 2388 448 2442 Solis
472 2389 615 2442 aTellure
631 2388 687 2454 (vel
702 2389 820 2441 Telluris
845 2383 955 2454 aSole)
980 2388 1089 2442 nimium
1114 2389 1241 2451 dimovet,
1266 2395 1297 2441 ut
1321 2388 1419 2441 fecisse
1439 2406 1501 2442 con·

150 2473 222 2525 tendo
236 2471 428 2525 Ptolemaeum
454 2475 483 2522 et
496 2469 694 2539 Hipparchum,
720 2468 742 2521 is
767 2468 789 2521 si
813 2469 988 2538 planetarum
1004 2469 1225 2523 eccentricitates
1245 2471 1280 2522 ad
1301 2469 1354 2521 hoo
1372 2475 1502 2538 punctum

150 2551 233 2614 reiert,
258 2551 331 2604 alias
356 2549 388 2603 iis
404 2550 578 2619 quantitates
603 2549 741 2621 largiatur
764 2566 877 2602 necesse
901 2556 954 2611 est,
979 2566 1061 2620 quam
1086 2550 1130 2619 qui
1153 2548 1233 2602 hodie
1254 2548 1325 2603 Solis
1345 2548 1502 2603 eccentrici·

155 2636 228 2685 bam
242 2632 416 2684 emendatam
431 2630 530 2684 habet.
574 2630 649 2682 Atsi
674 2629 896 2683 eccentricitates
916 2637 1108 2700 computentur
1128 2631 1164 2682 ab
1183 2629 1242 2700 ipso
1257 2637 1351 2682 centro
1366 2629 1447 2693 Solis,
1471 2637 1504 2683 ut

157 2727 196 2781 ego
210 2712 289 2773 facio,
315 2710 463 2763 tuncnihil
488 2710 552 2763 illas
577 2709 680 2763 attinet
702 2710 773 2762 haec
797 2710 912 2763 mutatio
935 2709 1148 2763 eccentricitatis
1163 2709 1234 2763 Solis
1255 2727 1304 2762 seu
1319 2711 1430 2774 Terrae,
1454 2727 1503 2762 scu

159 2806 209 2845 rere
231 2790 340 2853 illasit,
366 2797 397 2843 ut
419 2789 723 2860 crediditCopernicus,
748 2806 805 2852 seu,
830 2796 862 2843 ut
885 2808 947 2861 ego,
973 2791 1046 2843 falsa
1069 2798 1099 2842 et
1122 2790 1301 2859 persuasione
1331 2792 1404 2844 nuda
1427 2790 1502 2844 nixa.

162 2869 247 2940 inspice
270 2887 356 2940 snper
370 2870 424 2922 hac
438 2888 467 2923 re
486 2872 534 2940 fig.
551 2869 588 2923 23
610 2877 640 2923 et
655 2869 701 2923 24.
717 2876 747 2922 et
761 2869 946 2923 narrationem
961 2870 1078 2933 Rhetici,
1104 2875 1135 2922 ut
1156 2878 1185 2923 et
1200 2870 1369 2923 Martialium
1383 2888 1504 2925 meorum

165 2958 231 3020 caput
248 2950 382 3004 ultimum.

223 3026 252 3100 p)
276 3030 550 3102 Imaginationihuic
574 3045 672 3082 ansam
695 3029 826 3099 praebuit
841 3030 1023 3099 Copernicus:
1053 3046 1102 3083 seu
1131 3028 1234 3081 servire
1263 3028 1382 3082 voluerit
1396 3029 1499 3098 captui,

168 3106 207 3161 sire
227 3127 322 3165 revera
346 3119 376 3163 et
397 3111 455 3180 ipse
480 3110 604 3164 haeserit
627 3108 655 3162 in
674 3109 862 3179 perplexitate
884 3111 932 3173 rei,
958 3126 1029 3181 quaa
1045 3109 1231 3162 schematibus
1256 3108 1347 3178 planis
1362 3109 1504 3163 sublevari

169 3190 247 3258 aequit,
268 3191 363 3245 solidis
386 3196 482 3260 posset
506 3190 620 3259 quidem,
646 3191 693 3242 sed
719 3190 770 3243 illa
793 3181 951 3243 difficillime
966 3187 1147 3260 app‘arantur.
1189 3189 1260 3242 Utut
1282 3207 1312 3242 se
1326 3206 1370 3242 res
1389 3190 1502 3253 habeat,

170 3275 235 3322 notus
254 3272 308 3324 iste
328 3286 429 3325 revera
451 3276 540 3323 motus
564 3287 618 3323 non
642 3277 693 3332 est,
719 3270 795 3339 quies
819 3270 911 3339 potius
927 3271 1055 3324 dicenda:
1081 3288 1131 3323 nec
1153 3270 1251 3323 melius
1275 3270 1335 3323 ulla
1357 3286 1387 3323 re
1410 3277 1505 3340 potest

171 3351 350 3414 repraesentari
375 3366 456 3420 qnam
481 3349 619 3420 ipsissima
642 3365 694 3403 sua
717 3365 803 3403 causa
824 3350 955 3420 physica,
981 3366 1052 3420 quae
1068 3369 1105 3403 ex
1120 3350 1297 3404 Martialibus
1319 3357 1348 3403 et
1361 3350 1504 3420 Epitomes
1587 3403 1591 3412 ,

172 3427 226 3480 tstr.
244 3432 288 3485 lib.
316 3433 337 3485 1.
360 3433 394 3485 ll.
417 3431 464 3484 111.
487 3439 517 3483 et
531 3431 576 3484 Vl.
592 3437 637 3484 est
655 3429 720 3483 ista.
762 3431 865 3484 Terrae
888 3431 990 3501 globus
1014 3433 1076 3484 dum
1100 3448 1192 3485 annuo
1215 3437 1292 3485 motu
1316 3429 1505 3484 circumfertur

173 3502 328 3574 tircaSolem,
357 3517 435 3564 tenet
458 3511 566 3564 interim
591 3527 673 3564 axem
697 3510 897 3564 consolationis
921 3528 989 3564 suae
1011 3510 1063 3564 sibi
1087 3511 1140 3580 ipsi
1159 3528 1268 3580 semper
1290 3512 1455 3580 paralellum
1477 3510 1504 3563 in

174 3582 258 3644 divesis
272 3592 380 3654 sitibus,
392 3587 518 3661 'propter
531 3592 662 3646 fibrarum
677 3592 834 3644 naturalem
848 3597 877 3645 et
891 3591 1078 3662 magneticam
1092 3590 1297 3645 inclinationem
1313 3593 1347 3644 ad
1362 3590 1502 3661 quiescen-

175 3662 226 3724 lhu:
246 3673 287 3725 rel
308 3671 393 3726 etiam
417 3677 534 3741 propter
557 3671 767 3724 continuitatem
781 3671 894 3725 diurnae
909 3672 1109 3726 consolationis
1131 3672 1204 3725 circa
1226 3673 1298 3725 hunc
1318 3688 1408 3734 axem,
1434 3688 1503 3742 quae

175 3739 228 3802 illum
246 3758 321 3806 tenet
344 3758 474 3815 erectum,
499 3757 531 3804 ut
555 3753 586 3804 lit
608 3752 635 3804 in
659 3750 769 3805 turbine
793 3751 907 3805 incitato
922 3760 952 3805 et
966 3751 1169 3815 discursitante,
1212 3752 1305 3813 Quare
1329 3751 1401 3805 sicut
1415 3759 1504 3805 motus

176 3819 211 3877 ills
221 3847 309 3886 revera
331 3837 453 3891 nonest,
478 3832 526 3884 sed
541 3831 617 3901 quies
642 3831 743 3900 potius,
768 3832 806 3884 sic
826 3832 910 3885 etiam
931 3832 1053 3885 orbiculo
1073 3831 1257 3886 commentitio
1281 3831 1349 3885 nihil
1363 3838 1407 3885 est
1421 3849 1503 3901 opus:
1564 3848 1566 3855 ·

175 3906 257 3974 tijure
278 3912 324 3966 hie
347 3929 389 3966 me
413 3912 544 3981 antiquae
567 3918 597 3964 et
620 3928 752 3965 erroneae
776 3911 962 3981 persuasionis
986 3914 1019 3965 de
1045 3913 1184 3966 soliditate
1213 3912 1317 3964 orbium
1341 3929 1417 3965 reum
1445 3911 1506 3982 egit

176 3979 389 4055 Trchommeus,
414 3991 460 4061 qui
485 3992 557 4044 lecto
581 3991 676 4045 libello
698 3992 795 4045 literas
819 3993 872 4045 hac
893 3995 926 4045 de
951 4009 1036 4046 causa
1061 3995 1094 4046 ad
1113 4010 1156 4046 me
1178 3991 1260 4044 dedit.
1306 3992 1455 4063 (Tychonis
1470 3993 1504 4045 de

175 4059 366 4127 haeretitates
387 4073 521 4143 leguntur
544 4073 571 4125 in
595 4071 734 4142 prooemio
758 4090 824 4143 pag.
848 4070 909 4135 44.)

230 4147 257 4222 q)
278 4152 372 4208 Omnis
400 4152 526 4206 doctrina
545 4151 744 4221 praecessionis
769 4152 1003 4222 aequinoctiorum
1027 4151 1259 4222 contemplatione
1288 4147 1350 4204 axis
1373 4152 1403 4199 et
1425 4146 1503 4215 polo·

176 4231 335 4287 antenoris
360 4232 530 4294 absolvitur;
562 4238 594 4285 ut
616 4250 667 4285 nec
690 4248 763 4285 nona
786 4233 916 4301 sphaera,
946 4250 996 4285 nec
1020 4231 1142 4285 orbiculo
1163 4232 1212 4285 illo
1236 4231 1309 4286 cirea
1332 4229 1444 4282 Terram
1467 4226 1503 4279 sit

177 4316 230 4370 llus.
264 4314 334 4367 Vide
358 4314 508 4367 Comment.
532 4313 630 4365 Martis
654 4318 762 4381 partem
784 4314 818 4365 V.
841 4319 870 4366 et
890 4312 966 4381 Epit.
992 4317 1067 4367 Astr.
1093 4312 1140 4365 lib.
1164 4313 1199 4366 ΙΙ.
1224 4313 1271 4366 ΙΙΙ.
1298 4318 1327 4364 et
1348 4307 1408 4362 Vll.

229 4388 253 4461 r)
272 4394 426 4448 Secundum
446 4399 549 4446 motum
572 4392 600 4446 in
624 4409 727 4446 meram
742 4393 804 4446 axis
820 4393 938 4463 quietem
963 4391 1127 4464 redegimus,
1152 4391 1251 4446 tertius
1273 4391 1332 4461 jam
1354 4390 1389 4442 ad
1407 4404 1502 4441 seeun-

176 4460 217 4520 ium
235 4480 273 4526 est
285 4475 457 4528 reducendus
481 4479 510 4526 et
533 4489 593 4526 cum
615 4491 647 4525 ec
663 4473 690 4526 in
706 4490 788 4528 unum
802 4475 969 4527 cantandus.
1011 4473 1040 4527 Si
1064 4472 1135 4525 enim
1157 4487 1302 4527 causamm
1324 4469 1502 4540 physicarum

177 4540 299 4607 obviatione
323 4553 386 4607 axis
401 4552 520 4607 Telluris
544 4559 609 4622 post
629 4569 711 4607 unam
725 4552 925 4607 revolutionem
950 4569 1069 4606 annuam
1090 4552 1227 4607 invenitur
1241 4547 1393 4606 insensibili
1407 4545 1502 4616 aliquo

178 4628 294 4687 ieirtrsuru
314 4633 465 4688 inclinatus
489 4649 508 4686 a
521 4633 576 4696 situ
597 4633 723 4703 pristino,
748 4641 777 4686 et
800 4633 932 4688 situatur
956 4633 1130 4686 nihilominus
1151 4638 1324 4687 constantem
1348 4623 1501 4682 inclinatio-

178 4713 362 4782 uusdlatera
375 4713 476 4775 mundi,
502 4730 551 4767 seu
564 4713 643 4783 polos
659 4713 721 4766 viae
737 4713 842 4783 regiae,
868 4714 890 4766 si
915 4712 997 4767 tertio
1021 4713 1105 4766 etiam
1125 4711 1264 4781 ecliptica,
1287 4708 1388 4780 quippe
1410 4704 1502 4758 orbita

177 4775 278 4856 Teum,
306 4799 339 4849 nt
360 4792 529 4868 reliquorum
552 4794 728 4871 planetarum
753 4792 876 4863 orbitae,
908 4792 1070 4855 latitudines
1100 4808 1165 4848 suas
1188 4791 1278 4847 habet
1301 4805 1320 4842 a
1342 4785 1389 4842 via
1411 4783 1500 4864 regia,
