3366 5482
700 256 857 322 raum..
878 258 1031 309 amaa..
1474 260 1539 329 aas
1562 208 1565 213 ⁶

179 411 340 486 frumenti,
365 411 445 488 viui,
469 411 546 487 olei,
571 412 664 474 tritici
688 421 746 477 etc.
766 414 839 477 item
861 414 949 477 Jovis
976 416 1006 477 in
1036 417 1131 497 figura
1153 417 1298 480 cardinali
1323 417 1538 498 dispositiones
1641 467 1648 479 .

177 500 348 563 vanissima
368 501 485 564 somnia
508 509 587 562 snut.
616 498 746 571 Quaeris
769 523 821 566 cur
842 504 945 565 vinum
968 504 1024 566 boc
1048 525 1127 567 auno
1149 525 1207 568 uon
1231 506 1425 586 provenerit?
1458 505 1538 578 Quia

178 587 307 669 frigidus
337 597 370 651 et
400 589 539 652 humidus
567 608 663 651 annus
687 591 752 656 fuit.
800 591 859 663 Qui
882 592 939 653 hoc
962 593 1131 672 praevidit,
1163 614 1201 656 ex
1233 594 1289 656 boc
1317 595 1382 657 solo
1410 603 1442 657 et
1462 595 1538 658 illud

178 677 293 740 babuit.
342 675 405 741 Cur
427 698 547 741 annona
570 679 685 758 reliqua
708 680 793 741 dives
817 681 889 743 alibi
913 680 979 753 fuit,
1004 682 1076 743 alibi
1099 683 1223 744 tennis?
1261 681 1341 753 Quia
1363 701 1401 744 ex
1419 683 1538 747 interna

177 765 288 847 aliqua,
313 766 358 829 uti
381 785 472 846 supra
495 767 657 846 disputavi,
681 776 713 830 et
736 769 832 831 adbuc
856 769 975 831 occulta
998 770 1109 832 Terrae
1133 771 1329 851 dispositione
1351 778 1456 849 partes
1477 772 1536 834 ali·

176 871 253 934 quae
278 855 438 917 Terramm
461 855 601 919 humidae
630 857 730 932 fuere,
760 865 792 918 et
820 865 922 919 aestas
955 867 1097 938 quantum
1129 860 1205 921 satis
1234 860 1290 921 fuit
1313 878 1434 933 sereua;
1465 859 1535 922 alibi

176 961 247 1005 vero
271 943 396 1006 siccitas
420 944 486 1018 fuit,
502 945 624 1007 inimica
640 945 792 1025 frugibus;
817 966 906 1027 qnam
921 953 953 1008 et
966 955 1066 1009 terrae
1082 954 1180 1010 motus
1200 958 1321 1009 secutus
1338 955 1396 1010 est.
1435 949 1535 1010 Inter-

178 1032 246 1093 dum
268 1033 346 1094 bene
370 1033 489 1113 quidem
513 1034 607 1095 habet
630 1053 739 1108 annus,
771 1036 824 1096 sed
857 1034 958 1096 subito
991 1044 1023 1096 et
1052 1055 1111 1097 una
1139 1036 1186 1098 die
1210 1036 1317 1116 pruina
1348 1036 1397 1097 vel
1419 1036 1535 1116 grando

176 1120 335 1195 montosis,
368 1131 421 1183 aut
452 1122 607 1183 inundatio
640 1123 778 1201 partibus
812 1131 900 1184 nocet
932 1123 1133 1198 bumilibns3‘
1148 1144 1242 1205 eaque
1279 1142 1370 1185 uuum
1405 1124 1535 1205 aliquem

176 1214 316 1284 tractum,
342 1228 399 1290 quo
423 1218 531 1271 ventus
557 1211 661 1285 fertur,
686 1219 823 1290 occupat.
862 1209 1120 1281 Quemadmodum
1143 1213 1227 1274 etin
1251 1221 1407 1275 ventorum
1425 1222 1535 1275 natura

176 1315 288 1377 magna
319 1307 470 1360 momenta
500 1306 587 1368 sunt,
618 1318 741 1378 quorum
772 1300 882 1378 plagae
910 1300 956 1361 bis
984 1300 1095 1362 uostris
1119 1300 1289 1381 regionibus
1312 1301 1533 1363 inconstantis-

175 1386 270 1448 simae
306 1395 378 1448 suut
415 1394 449 1448 ut
479 1387 646 1466 plurimum.
702 1387 922 1450 Stultissimum
953 1388 1058 1468 igitur,
1092 1389 1196 1451 horum
1229 1397 1388 1451 eventuum
1424 1409 1533 1451 causas

174 1474 252 1536 alias
282 1493 427 1557 quaerere
454 1476 485 1537 in
512 1476 615 1556 figuris
639 1476 856 1549 cardinalibus,
890 1496 956 1543 curu
980 1478 1158 1540 manifestas
1181 1497 1290 1540 causas
1313 1495 1471 1540 cernamus
1494 1476 1532 1540 ob

173 1563 289 1626 oculos.
335 1564 384 1625 Ac
406 1582 444 1626 ne
467 1583 563 1625 novus
586 1565 675 1626 homo
699 1573 795 1628 artem
818 1565 987 1628 convellere
1010 1566 1123 1642 videar,
1149 1567 1187 1629 ad
1204 1566 1336 1631 Cardani
1360 1573 1393 1627 et
1410 1566 1532 1650 lycho-

173 1651 220 1714 nis
244 1652 459 1714 auctoritatem
481 1671 623 1733 provoco.

716 1740 851 1803 'I'besis
875 1740 988 1802 LXVI.

263 1826 397 1890 Causam
429 1848 519 1890 uuam
548 1847 605 1909 ego
638 1829 845 1903 considerabo,
880 1837 1092 1909 tempestatem
1121 1849 1187 1891 cum
1210 1831 1248 1891 de
1272 1831 1381 1893 ceteris
1401 1830 1532 1892 nondum

167 1924 303 1982 constet
351 1916 417 1979 Ver
446 1926 595 1980 matumm
623 1918 653 1980 iu
676 1919 923 1980 meridionalibus
951 1919 1026 1979 locis
1049 1937 1185 1998 gemmas
1208 1919 1348 1981 arbomm
1374 1919 1533 1998 protmdet

165 2013 248 2070 ab
268 2014 401 2084 ιαμ,
422 2007 529 2088 qubus
552 2006 651 2068 adbuc
674 2007 788 2069 teneris
811 2006 1025 2088 superveniens
1047 2007 1266 2085 intemperatus
1290 2008 1420 2070 Martius
1443 2007 1531 2070 dam-

164 2114 243 2159 num
266 2094 387 2156 inferet.
434 2096 467 2156 Io
501 2104 604 2157 nostro
638 2094 758 2156 climate
791 2114 827 2156 eo
859 2104 994 2174 tempore
1022 2096 1061 2156 ob
1092 2096 1185 2175 frigus
1209 2096 1332 2159 solitum
1355 2105 1387 2159 et
1409 2095 1533 2158 boream

162 2183 305 2247 nondum
338 2183 497 2265 quicquam
529 2192 633 2245 extare
666 2185 756 2246 solet.
810 2184 875 2246 Ver
905 2183 1091 2245 commodum
1120 2185 1269 2263 frugibus,
1304 2185 1358 2247 sed
1393 2180 1444 2247 10.
1484 2184 1532 2247 II.

165 2271 223 2337 12.
248 2271 329 2351 Maji
351 2272 382 2333 in
404 2272 538 2352 periculo
567 2281 628 2347 est,
661 2280 696 2334 ut
727 2290 818 2352 supra
846 2273 968 2333 dictum.
1014 2271 1121 2333 funins
1155 2273 1273 2335 florenti
1305 2272 1360 2334 viti
1392 2273 1532 2342 minatur,

160 2379 243 2424 nam
274 2369 307 2421 et
338 2360 386 2422 hic
415 2370 446 2423 et
480 2361 529 2440 qni
560 2361 694 2442 sequitur
716 2360 815 2422 Julius
840 2369 893 2422 aut
916 2360 1006 2422 nimio
1029 2359 1151 2422 humore
1175 2370 1228 2423 aut
1250 2361 1395 2442 grandine
1417 2360 1533 2439 passim

161 2451 287 2512 damna
308 2448 432 2511 dabunt.
480 2453 647 2530 Augustus,
671 2448 861 2528 September,
887 2448 1021 2510 October
1044 2450 1112 2510 vIno
1136 2449 1274 2512 videntur
1298 2451 1411 2524 favere,
1435 2468 1532 2529 quan-

158 2546 235 2601 tum
259 2544 359 2598 restat
381 2536 410 2599 in
433 2539 578 2617 palmite,
607 2538 757 2617 etiamque
782 2539 941 2600 fmmeuto.
988 2535 1051 2599 Sed
1079 2545 1180 2600 tamen
1210 2547 1242 2600 et
1266 2535 1319 2603 20.
1344 2536 1534 2618 Septembris

158 2627 198 2690 in
224 2626 339 2688 vicinia
361 2645 416 2688 sua
438 2626 603 2707 periculum
626 2625 727 2688 babet

712 2713 844 2775 Thesis
867 2714 998 2776 LXVII.

262 2799 353 2874 Quod
375 2803 496 2864 morbos
519 2802 647 2879 attinet,
671 2803 745 2864 illud
769 2802 979 2864 universaliter
1006 2821 1108 2864 verum
1138 2802 1237 2863 sciunt
1260 2803 1387 2875 medici,
1410 2803 1532 2865 turbato

162 2899 245 2956 aere
268 2909 395 2971 corpora
418 2891 511 2954 etiam
534 2900 639 2954 nostra
662 2890 786 2953 turbari.
833 2891 939 2971 Itaque
967 2910 1034 2952 cum
1057 2891 1161 2971 hyems
1184 2890 1352 2971 inaequalis
1379 2892 1532 2970 significe-

159 2991 231 3058 tur,
256 2980 343 3043 multi
366 2979 458 3043 etiam
481 2980 576 3042 morbi
597 2989 701 3054 emnt,
725 2979 885 3059 praecipue
912 2980 942 3039 In
965 2979 1111 3058 principio
1136 2978 1239 3040 Martii
1267 2985 1299 3040 et
1320 2980 1406 3058 Maji.
1455 2978 1532 3043 Cum

162 3077 276 3134 autem
300 3077 332 3131 et
354 3076 459 3131 aestas
483 3076 630 3149 appareat
651 3067 782 3140 turbida,
806 3075 965 3129 autumnus
989 3086 1117 3148 sequens
1142 3066 1180 3128 ob
1199 3085 1393 3147 congressum
1407 3065 1533 3130 Saturni

162 3169 202 3223 et
237 3157 350 3219 Martis
381 3157 541 3219 admodum
573 3157 632 3218 erit
655 3156 806 3237 putridus,
830 3156 915 3217 multi
943 3155 1038 3217 morbi
1062 3155 1267 3231 autumnales,
1292 3156 1402 3219 alicubi
1424 3159 1531 3236 pestis,

163 3266 232 3330 qno
256 3255 367 3309 ventus
390 3245 496 3307 noxius
520 3247 614 3320 feret;
641 3246 822 3325 praesertim
850 3244 876 3307 si
905 3244 971 3324 quis
1000 3244 1127 3323 eclipses
1150 3262 1186 3305 eo
1210 3262 1268 3324 quo
1292 3244 1421 3306 diximus
1444 3247 1532 3308 modo

163 3333 356 3400 consideret
403 3335 437 3395 Iu
461 3352 580 3414 genere,
614 3353 805 3414 quoscunque
828 3332 894 3395 dies
922 3333 1025 3394 notavi
1049 3333 1224 3420 aspectibus
1256 3333 1369 3395 crebris
1393 3334 1530 3409 infestos,

164 3426 192 3489 ii
218 3430 255 3485 et
277 3423 397 3485 morbos
420 3423 502 3485 cient
523 3423 552 3484 in
577 3422 723 3502 subjectis
746 3421 872 3496 idoneis,
888 3422 994 3502 etjam
1013 3421 1242 3502 aegrotantibus
1257 3422 1440 3485 difficiliores
1455 3431 1533 3485 sunt

166 3513 254 3578 Cum
279 3519 381 3574 antem
404 3512 493 3573 bomo
516 3511 626 3592 aliquis
647 3511 713 3591 jam
737 3510 903 3586 decumbit,
929 3519 983 3572 aut
1005 3531 1072 3572 cum
1095 3512 1235 3573 humores
1259 3511 1362 3573 vitiosi
1376 3512 1442 3590 jam
1456 3513 1532 3574 fluc-

164 3607 265 3665 tuant
288 3600 318 3662 in
341 3619 480 3680 corpore:
506 3608 576 3662 tuuc
599 3619 673 3662 sane
696 3620 755 3662 non
779 3599 916 3679 amplius,
942 3608 976 3662 ut
998 3599 1144 3661 hactenus
1169 3617 1224 3679 ego
1249 3599 1316 3674 feci,
1341 3599 1455 3679 negligi
1476 3600 1531 3661 de-

164 3691 249 3754 bent
272 3688 523 3768 configurationes
546 3688 651 3751 Lunae
682 3688 919 3767 complanatis,
954 3688 1114 3768 praecipue
1138 3707 1205 3749 cum
1228 3686 1310 3748 Sole.
1357 3688 1436 3749 Nam
1460 3707 1532 3768 par-

167 3777 333 3843 ticularius
356 3777 539 3858 disponunt,
569 3785 601 3839 et
623 3785 745 3838 movent
768 3777 907 3840 humores
939 3777 1033 3856 (quod
1060 3784 1194 3838 testatur
1217 3794 1356 3855 magnum
1379 3776 1451 3837 illud
1475 3777 1533 3838 hn-

167 3864 293 3932 mornm
317 3866 410 3928 cbaos
434 3869 580 3940 oceanus)
604 3884 659 3928 nec
682 3865 828 3945 negarim,
851 3866 880 3926 in
895 3865 1044 3926 medicina
1058 3865 1197 3927 facienda
1210 3865 1325 3926 utiliter
1338 3864 1533 3928 considerari.

168 3956 290 4020 Pareat
314 3973 405 4036 aegro
429 3956 562 4017 medicus
589 3955 783 4016 vehementer
810 3954 986 4028 debilitato,
1021 3954 1048 4014 si
1080 3960 1198 4032 potest,
1230 3953 1318 4015 Luna
1348 3952 1376 4015 in
1407 3962 1535 4034 aspectu

171 4045 249 4109 forti
272 4051 425 4106 versante.
472 4045 552 4106 Nam
576 4043 700 4125 quilibet
724 4050 866 4122 aspectus
893 4060 947 4121 per
975 4061 1008 4104 se
1032 4051 1158 4103 naturae
1181 4041 1321 4121 purgatio
1346 4050 1402 4105 est
1439 4043 1485 4105 At
1508 4041 1534 4104 si

171 4133 288 4196 validis
319 4132 548 4213 purgationibus
581 4150 655 4212 opus
689 4141 755 4203 est,
787 4131 883 4211 eligat
910 4130 1043 4192 vicissim
1066 4131 1160 4192 fortes
1184 4132 1446 4209 configurationes.
1492 4130 1535 4192 Et

171 4240 251 4285 sane
275 4229 373 4304 totum
394 4220 516 4284 crisium
539 4220 692 4302 negotium
716 4241 734 4282 a
758 4221 860 4282 Lunae
885 4220 982 4281 reditu
1006 4229 1038 4281 et
1060 4219 1293 4298 configuratione
1317 4238 1384 4282 cum
1401 4219 1533 4299 planetis

173 4309 338 4393 dependet,
363 4311 533 4392 frustraque
557 4309 628 4372 alibi
651 4308 813 4390 quaeritur.

703 4396 835 4458 Tbesis
858 4394 1004 4458 LXVIII.

266 4487 303 4550 ln
325 4486 417 4550 rebus
440 4486 572 4569 politicis
596 4493 628 4548 et
650 4485 767 4548 bellicis
790 4486 962 4564 astrologus
986 4502 1059 4544 sane
1083 4490 1186 4545 votnm
1209 4483 1330 4563 aliquod
1353 4483 1454 4558 babet,
1474 4501 1532 4564 po-

177 4574 245 4639 sitis
267 4574 318 4646 iis,
342 4593 420 4656 qnae
443 4595 535 4658 supra
558 4574 744 4638 fundamenti
776 4574 843 4636 loco
866 4573 929 4635 dixi
953 4572 989 4633 de
1013 4572 1188 4633 animorum
1202 4590 1349 4635 consensu
1372 4590 1438 4632 cum
1456 4589 1535 4633 con·

176 4660 406 4746 figurationibus
420 4664 614 4729 coelestibus.
655 4662 837 4743 Vigentibns
852 4662 930 4724 enirn
944 4660 1054 4723 validis
1068 4659 1249 4741 aspectibus,
1266 4659 1533 4723 omneauimorum

178 4758 283 4834 genus,
318 4752 475 4836 quodlibet
505 4753 536 4816 in
569 4772 623 4815 suo
655 4769 746 4832 opere
768 4750 948 4813 naturaliter
970 4756 1110 4830 vegetum
1133 4757 1183 4812 est
1205 4757 1237 4810 et
1259 4750 1373 4825 alacre,
1401 4748 1533 4811 maxime
