3366 5482
770 210 854 277 caput
870 211 914 264 1¹·
1461 212 1522 282 133

246 371 353 435 Etiam
368 370 519 436 Saturnus
536 370 692 433 solitarius
709 380 757 434 est
776 392 938 452 amansque
958 372 1139 444 solitudinis,
1164 377 1253 455 plane
1276 382 1310 437 ut
1333 376 1397 455 ejus
1421 375 1522 455 anguli

159 461 310 522 rectitudo
335 480 393 523 non
419 467 523 541 potest
545 460 622 521 ferre
648 460 738 522 ullam
762 461 1011 543 inaequalitatem
1035 463 1083 524 vel
1111 465 1276 538 minimam,
1308 464 1393 542 cujus
1421 464 1523 544 gratia

159 549 318 629 multiplex
334 550 403 612 fiat
444 548 558 611 Contra
573 548 692 627 Jupiter
712 570 728 610 e
751 569 863 630 genere
888 551 1066 613 infinitorum
1091 561 1245 614 acutorum
1269 572 1357 614 unum
1381 553 1523 632 angulum

159 646 265 701 nactus
289 638 446 719 popularis
470 637 538 699 ideo
563 637 661 699 factus
691 646 753 712 est,
782 640 937 702 moderate
966 647 1067 702 tamen
1092 650 1123 702 et·
1146 649 1359 723 temperanter.
1406 641 1523 704 Auctor

159 728 237 790 enim
260 736 312 789 est
341 726 543 790 amicitiarum
570 725 784 790 honestiorum.
832 730 882 792 Ita
905 729 990 790 Mars
1021 738 1052 791 et
1076 729 1181 792 Venus
1213 730 1373 810 populares
1402 738 1434 792 ει
1463 731 1523 810 ipsi

160 824 237 892 sunt,
262 816 319 879 sed
333 816 465 878 nimium.
499 815 579 878 Nam
593 815 719 877 obtusus
734 824 766 878 et
783 817 926 898 prodigus
950 817 1083 895 ipsorum
1106 820 1234 899 angulus
1257 819 1522 899 intemperantiam

160 914 254 968 notat.
288 905 458 967 Mercurius
482 904 519 965 de
543 912 652 966 natura
676 904 801 967 Saturni
825 913 856 967 et
877 905 965 967 Jovis
989 915 1037 968 est
1061 906 1178 969 ratione
1203 907 1315 988 auguli.
1354 907 1397 969 Et
1418 915 1522 971 amant

160 993 271 1057 literati
296 994 416 1075 quidem
439 992 640 1066 solitudinem,
667 994 721 1054 sed
744 994 897 1057 inhumani
920 1002 1023 1057 tamen
1048 1015 1106 1057 nou
1129 1006 1212 1058 sunt.
1250 997 1365 1058 Amant
1385 991 1446 1071 eos,
1472 996 1521 1077 qni

160 1083 266 1146 iisdem
280 1083 390 1146 studiis
405 1082 604 1156 oblectantur,
626 1083 803 1163 modumque
819 1092 960 1146 statuunt
981 1083 1011 1145 iu
1027 1085 1316 1155 conversationibus,
1341 1085 1408 1165 plus
1433 1104 1523 1166 quam

159 1171 288 1254 Jupiter,
313 1172 397 1252 cujus
421 1170 516 1233 omnis
541 1171 621 1233 actio
646 1178 694 1232 est
715 1172 745 1233 iu
770 1172 915 1234 coetubns
939 1172 1091 1235 hominum
1114 1174 1250 1255 interque
1274 1181 1466 1254 purpuratos.

244 1260 368 1342 Jupiter
387 1268 419 1322 et
432 1260 538 1322 Venus
563 1260 699 1321 foecundi
724 1268 805 1323 snut.
852 1260 934 1324 Sane
958 1262 1028 1341 qnia
1049 1261 1170 1343 Jupiter
1194 1263 1268 1324 facit
1291 1264 1330 1324 ad
1353 1263 1522 1343 plerorum-

160 1368 212 1430 que
238 1349 501 1433 compositionem,
526 1349 632 1410 Venus
656 1357 756 1411 antem
779 1349 867 1412 Jovis
891 1350 976 1429 quasi
1001 1350 1122 1414 soboles
1146 1360 1209 1426 est,
1241 1371 1391 1414 eumuna
1415 1352 1521 1414 Venus

160 1437 266 1519 viginti
289 1439 385 1501 Joves
408 1437 613 1499 breviusculos
637 1437 666 1498 iu
690 1457 723 1498 se
748 1439 910 1500 contineat.
942 1439 1063 1518 Jupiter
1086 1447 1187 1502 autem
1209 1441 1239 1501 in
1263 1458 1362 1502 mares
1387 1441 1519 1521 aequior,

161 1527 264 1590 Venus
288 1528 318 1589 in
344 1526 511 1589 foeminas:
545 1526 623 1587 unde
652 1526 702 1587 ille
734 1547 798 1588 ruas
830 1527 957 1602 dicitnr,
992 1528 1066 1589 haec
1090 1529 1231 1590 foemina.
1278 1528 1417 1610 Pyramia
1441 1528 1521 1590 enim

160 1616 266 1678 efficax
290 1623 357 1690 est,
392 1614 569 1678 ieosaedron
599 1615 736 1677 effectum
767 1623 798 1677 ει
828 1615 959 1679 soboles.
1006 1617 1053 1678 Ex
1077 1617 1125 1679 his
1150 1617 1258 1679 iisdem
1280 1616 1436 1697 principiis
1460 1616 1520 1679 ali-

160 1712 270 1786 quanto
298 1704 481 1787 explicatior
512 1722 605 1765 causa
632 1704 782 1778 redditur,
817 1724 908 1786 quare
932 1705 1099 1766 Mercurius
1126 1705 1289 1785 promiscui
1312 1725 1402 1767 sexus
1425 1704 1467 1767 sit
1490 1710 1522 1767 et

160 1813 248 1876 quare
273 1794 304 1856 in
328 1793 532 1856 foecunditate
556 1787 726 1855 niediocris.
1191 1863 1192 1868 γ

243 1881 332 1945 Jovis
355 1882 497 1962 primum,
527 1881 595 1943 dein
620 1880 759 1957 Saturni,
790 1888 822 1942 et
850 1881 968 1943 demum
991 1882 1133 1949 Mercurii
1160 1882 1366 1963 tranquillitas
1390 1889 1422 1944 et
1444 1901 1519 1944 cou-

160 1971 274 2036 stantia
297 1991 411 2034 unorum
435 1981 484 2033 est
506 1992 525 2033 a
547 1969 701 2050 paucitate
725 1972 900 2051 planorum:
932 1970 1062 2034 Veneris
1090 1979 1122 2033 et
1144 1973 1254 2034 Martis
1278 1971 1465 2033 turbulentia
1488 1976 1522 2033 et

160 2061 269 2123 levitas
293 2080 313 2121 a
336 2060 536 2123 multitudine.
579 2057 706 2122 Varium
731 2068 763 2121 et
784 2058 928 2120 mutabile
952 2079 1069 2140 semper
1094 2060 1231 2122 foemina.
1269 2061 1311 2122 Et
1334 2060 1429 2139 ligura
1452 2059 1519 2120 Ve-

160 2150 235 2212 neris
260 2148 393 2212 omnium
415 2150 546 2212 maxime
569 2147 654 2210 varia
678 2156 710 2210 et
733 2146 884 2210 volubilis.
921 2147 1025 2230 Atque
1049 2148 1081 2211 hi
1103 2150 1216 2229 gradus
1240 2157 1325 2212 suut:
1351 2149 1428 2210 unde
1453 2167 1520 2210 me·

160 2239 221 2301 dius
246 2237 430 2312 Mercurius,
456 2237 557 2301 media
578 2237 647 2299 fide.

243 2327 388 2390 Mercurii
413 2326 556 2389 versatile
581 2333 612 2388 et
635 2326 732 2387 celere
757 2325 907 2405 ingenium
928 2326 1021 2387 refert
1040 2325 1175 2388 octaedri
1192 2326 1356 2388 mobilitas.
1389 2323 1469 2386 Nam
1493 2323 1518 2385 si

159 2435 247 2498 super
279 2416 356 2478 duos
389 2415 515 2496 angulos
543 2415 670 2487 volvas,
704 2422 832 2494 quatuor
865 2415 1006 2477 continua
1038 2415 1136 2477 latera
1163 2433 1218 2494 per
1245 2414 1376 2476 medium
1406 2414 1519 2492 figurae

160 2505 304 2569 directum
334 2504 393 2567 iter
420 2512 588 2567 transeunt.
646 2502 774 2566 Ceteras
805 2503 916 2584 figuras
949 2504 1214 2585 quomodocunque
1243 2505 1366 2578 volvas,
1401 2501 1518 2564 videbis

159 2601 208 2674 'per
231 2593 365 2656 medium
388 2602 565 2656 transversa
587 2599 619 2653 et
642 2592 788 2673 impedita
811 2591 950 2656 incedere
973 2592 1080 2658 latera.

244 2684 330 2745 Mars
354 2682 456 2744 multis
480 2681 627 2744 lateribus
658 2681 802 2761 pauciora
829 2681 922 2760 plana
951 2682 1057 2756 efficit,
1091 2682 1197 2743 Venus
1222 2681 1348 2743 totidem
1373 2679 1518 2742 lateribus

162 2773 245 2852 plura
268 2771 380 2854 plana:
413 2772 524 2834 Martis
549 2770 641 2832 etiam
665 2770 751 2832 multi
781 2779 908 2833 conatus
937 2770 1013 2833 irriti
1041 2778 1130 2833 sunt:
1165 2769 1269 2832 Venus
1294 2768 1451 2831 conatibus
1474 2767 1519 2831 illi

164 2880 221 2943 par,
244 2859 437 2941 prosperiore
462 2869 563 2922 tamen
588 2859 683 2922 utitur
707 2860 836 2921 fortuna.
879 2859 943 2922 Nec
967 2859 996 2920 id
1021 2860 1127 2921 mirum
1151 2877 1219 2920 esse
1243 2859 1343 2921 debet.
1385 2857 1519 2920 Facilius

165 2950 235 3012 euim
258 2949 386 3013 choreae
407 2949 604 3012 instituuntur
623 2968 712 3029 quam
731 2947 820 3021 bella,
845 2956 877 3010 et
898 2967 954 3027 par
977 2956 1052 3023 erat,
1078 2949 1166 3010 citius
1191 2948 1230 3009 ad
1253 2948 1341 3009 finem
1363 2947 1518 3025 pervenire

168 3057 285 3112 amores,
309 3057 399 3120 quarn
422 3038 499 3111 iras,
523 3037 594 3119 quia
616 3037 673 3098 hae
697 3037 848 3117 perimunt
871 3036 1014 3113 homines,
1040 3036 1082 3101 illi
1106 3037 1242 3117 gignunt.
1290 3036 1405 3098 Eodem
1427 3041 1517 3115 pacto

169 3126 324 3190 Mercurius
348 3124 482 3190 Saturno
507 3125 622 3189 felicior
647 3133 703 3188 est.
721 3126 747 3199 ⁰)

647 3302 691 3365 ΙΝ
715 3299 856 3365 CAPUT
877 3300 1031 3366 NONUM

680 3423 796 3476 NOTAE
815 3423 993 3477 aucturus.

235 3531 479 3606 a)1oqnorcum
503 3535 663 3606 astrologis,
705 3534 776 3588 Nam
797 3534 821 3588 si
844 3550 933 3588 meam
956 3534 1124 3589 sententiam
1147 3534 1248 3598 dicum,
1271 3534 1365 3588 nullus
1388 3533 1417 3587 in
1439 3533 1517 3588 coelo

177 3614 293 3671 uuum
307 3615 374 3670 mihi
388 3621 531 3669 comatur:
552 3615 634 3686 idque
648 3631 710 3668 curn
724 3616 760 3668 ob
774 3615 845 3669 alias
860 3615 992 3678 rationes,
1014 3622 1074 3669 turn
1087 3615 1206 3669 maxime
1221 3621 1336 3684 propter
1349 3614 1429 3676 hano,
1452 3613 1518 3684 quia

178 3690 270 3750 huminis
288 3695 376 3766 ipsius
397 3702 499 3750 natura
518 3703 563 3749 est
583 3695 627 3749 hic
646 3694 674 3748 in
694 3696 781 3748 Terra
799 3711 922 3759 versans,
948 3712 1018 3766 quae
1041 3695 1242 3758 radiationibus
1262 3695 1439 3763 planetarum
1453 3711 1516 3746 oon-

178 3771 235 3828 dhus
253 3778 380 3830 effectum
400 3775 428 3829 in
442 3792 520 3837 sese;
541 3775 614 3829 sicut
632 3775 751 3837 auditus,
777 3774 926 3828 instructus
950 3776 1087 3829 facultate
1108 3775 1285 3847 dignoscendi
1307 3772 1516 3828 concordantias

178 3866 259 3920 rmum,
283 3855 413 3911 conciliat
427 3855 547 3909 musicae
562 3856 710 3919 hancrirn,
735 3855 831 3909 utilla
850 3854 947 3908 incitet
961 3854 1120 3910 audientem
1140 3858 1174 3908 ad
1190 3856 1355 3908 saltandum.
1397 3854 1440 3907 De
1462 3854 1516 3907 hau

178 3945 199 3982 rc
213 3935 252 4007 egi
265 3935 359 3990 multis
378 3935 406 3989 in
420 3951 588 4006 responso
607 3937 641 3989 ad
661 3935 773 4004 objecta
792 3935 920 3989 Doctoris
940 3935 1101 3990 Roesliui
1132 3941 1229 3988 contra
1257 3933 1356 3987 librum
1377 3935 1410 3986 de
1431 3933 1518 3988 stella

178 4026 236 4080 nera,
257 4023 287 4071 ει
300 4014 369 4071 alibi
383 4015 495 4086 passim,
511 4016 648 4086 etiamque
669 4016 697 4070 in
711 4016 758 4070 lib.
774 4015 822 4069 IV.
846 4015 1072 4070 Harmonicorum
1092 4015 1204 4086 passim,
1224 4013 1389 4084 praesertim
1412 4029 1472 4083 cap.
1489 4011 1516 4068 7.

235 4094 264 4162 b)
284 4098 346 4152 Hoc
364 4094 517 4167 allegorice
538 4096 711 4150 intellectum
732 4094 862 4166 physicis
876 4096 1030 4152 rationibus
1045 4095 1154 4150 defendi
1170 4099 1280 4164 potest:
1301 4100 1335 4148 ut
1352 4093 1376 4148 si
1390 4095 1441 4148 sub
1463 4092 1519 4148 odii

177 4176 289 4232 *muno
310 4175 456 4232 discrimen
482 4176 673 4247 qualecunque
700 4174 878 4246 intelligatur
905 4177 982 4240 situs,
1012 4183 1110 4240 motus,
1139 4173 1257 4238 luminis,
1286 4173 1395 4229 coloris.
1436 4173 1515 4238 Vide,

178 4248 250 4320 leuas,
269 4263 356 4328 capnt
368 4256 494 4310 ultimum
507 4256 644 4311 Ptolemai
665 4255 891 4320 harmonicorum,
913 4256 960 4310 uhi
974 4256 1134 4327 prodierint,
1157 4270 1283 4326 quaeque
1302 4254 1330 4309 in
1351 4253 1379 4309 id
1399 4261 1516 4311 annota-

178 4333 248 4400 veria,
269 4335 435 4408 praesertim
454 4337 578 4391 ultimam
596 4352 692 4408 meam,
706 4336 924 4406 speculationem
943 4339 977 4390 de
991 4335 1103 4392 Saturni
1123 4342 1153 4390 et
1165 4335 1265 4390 Martis
1279 4335 1380 4390 mutuis
1395 4336 1516 4390 excessi·

178 4408 214 4467 bur
229 4419 271 4472 rel
291 4416 454 4480 defectibus.
475 4417 553 4472 Jovis
573 4433 640 4471 vero
659 4416 858 4472 mediocritate.
881 4409 919 4485 ³⁸)

236 4493 260 4564 c)
279 4497 342 4554 Etsi
363 4495 434 4551 nihil
460 4503 505 4552 eat
524 4499 577 4553 hoc
597 4503 697 4567 caput,
726 4496 778 4550 nisi
805 4497 881 4552 lusus
905 4495 1102 4568 astrologicus,
1132 4513 1183 4549 nec
1208 4511 1274 4566 pars
1296 4494 1387 4565 operis
1409 4491 1514 4547 censeri

177 4569 247 4640 hbet,
266 4580 314 4633 sed
335 4593 485 4633 excursus:
507 4577 633 4632 conferat
653 4583 746 4632 tamen
767 4576 833 4631 illud
856 4579 943 4631 lector
964 4594 1024 4631 curn
1044 4575 1198 4631 Ptolemaei
1217 4575 1386 4637 rationibus,
1409 4572 1515 4626 tamin

177 4647 321 4721 Tetrabdrlo,
344 4673 427 4729 quarn
446 4657 474 4711 in
488 4655 677 4713 Harmonicis:
699 4656 803 4711 videbit
823 4664 932 4712 nostras
947 4655 1123 4711 Ptolemaicis
1143 4673 1199 4710 non
1219 4653 1372 4718 inferiores,
1393 4669 1427 4707 ao
1440 4652 1512 4708 forte

176 4731 280 4792 nouom
300 4754 371 4795 esse.

740 4814 796 4825 ³⁶<ss
824 4807 935 4821 Μ
