3366 5482
163 217 226 286 136
633 208 638 215 ’
676 215 790 278 lusori
809 213 1010 280 6111111111

158 389 324 444 ceterorum
354 379 452 439 latera
480 375 564 437 dicta
597 392 654 435 nou
685 375 772 435 simul
806 394 936 455 congrue
970 373 1041 456 poni
1068 379 1206 451 possunt.
1225 369 1249 445 ¹)
1303 372 1525 436 Dodecatdrou

534 484 582 534 11..
599 479 630 522 rs.
1013 461 1105 542 igitur
1129 460 1231 522 decem
1262 461 1408 524 lateribus
1431 461 1524 524 talem

823 558 978 577 “⁴'‘
1019 549 1162 612 describit
1186 549 1281 625 viam,
1311 570 1367 631 per
1394 550 1524 613 medium

166 559 979 749 Q
1018 646 1194 701 transeunte
1214 640 1361 718 quadrato
1376 638 1522 714 octaedri,

1019 729 1048 788 in
1072 728 1193 806 planum
1217 736 1343 790 extenso
1368 729 1433 808 (fig.
1458 725 1523 801 13).

171 846 173 850 ·
248 822 430 885 1111111111
455 838 526 880 vero
552 819 745 882 manifestam
770 839 875 881 zonam
899 819 955 880 hoc
978 826 1079 898 pacto,
1105 824 1279 878 transeunte
1299 837 1416 879 rursum
1436 824 1524 878 octa-

540 920 588 969 rrg.
604 917 636 959 11.
1019 905 1083 966 ’edri
1107 905 1255 985 quadrato
1278 907 1309 967 in
1329 907 1446 968 rectum
1470 925 1524 967 ex-

813 1009 907 1015 ’··“
961 984 965 990 ’
1017 1001 1105 1055 tenso
1130 994 1193 1072 (fig.
1224 991 1287 1068 ll).

1086 1081 1215 1152 Quodsi
1231 1084 1305 1144 haec
1320 1084 1378 1145 duo
1393 1091 1527 1162 cognata

204 1169 220 1239 l
315 1169 332 1238 Χ
366 1174 382 1239 l
477 1149 493 1239 Χ
529 1173 544 1235 s
641 1010 658 1243 Χ
691 1176 707 1242 l
801 1009 817 1240 Χ
853 1009 1146 1302 1111111111
1177 1172 1221 1233 ita
1250 1173 1440 1252 applicentur
1472 1191 1527 1253 per

287 1292 340 1297 —-
580 1293 660 1299 ---‡—
1019 1261 1290 1322 circumferentiam
1315 1263 1399 1333 (nam
1425 1256 1527 1340 aug'nli

160 1351 219 1413 duo
242 1349 330 1411 nnius
355 1356 387 1410 et
415 1357 519 1412 centra
547 1351 704 1431 plauomm
736 1351 860 1413 duorum
889 1352 1014 1414 alterius
1043 1348 1153 1421 adhuc,
1183 1358 1219 1411 ut
1246 1369 1351 1429 supra,
1381 1359 1528 1430 tauquam

159 1439 221 1520 poli
245 1438 406 1499 cohaerere
430 1439 654 1520 intelliguntur)
678 1450 712 1501 ut
736 1440 915 1521 apparentia
945 1441 1016 1502 bina
1045 1438 1268 1519 quinquangula
1296 1438 1463 1512 icosaedri,
1494 1444 1528 1500 et

1018 1527 1089 1587 bina
1112 1545 1185 1587 vera
1204 1527 1384 1589 dodecaedri
1405 1526 1527 1607 angulis

1021 1623 1195 1694 congruant,
1214 1617 1412 1696 progignetur
1425 1616 1525 1678 circu-

1019 1704 1092 1766 laris
1115 1704 1224 1778 sectio,
1250 1705 1379 1785 quaein
1403 1705 1526 1785 planum

1020 1801 1161 1866 extensa,
1195 1812 1261 1856 cum
1289 1794 1526 1875 1111111111-

1020 1883 1121 1956 drato,
1147 1883 1191 1944 sic
1214 1882 1307 1945 habet
1330 1884 1395 1963 (fig.
1418 1881 1484 1956 15).

1084 1970 1138 2033 Sin
1159 1973 1286 2051 angulus
1310 1972 1396 2034 unius
1426 1971 1526 2035 medio

1020 2060 1108 2122 lateri
1133 2062 1259 2123 alterius
1287 2063 1317 2124 in
1341 2060 1526 2142 supradictis

748 2076 985 2214 ’ΔΑ
1020 2148 1249 2230 quinquangulis
1260 2151 1436 2232 applicetur,
1453 2150 1526 2212 talis

463 2217 778 2357 mv*
873 2219 986 2340 v]
1022 2239 1080 2299 erit
1102 2239 1197 2301 sectio
1211 2241 1248 2314 ¹)
1274 2241 1339 2318 (lig.
1369 2235 1437 2312 16).

675 2371 678 2374 -
1088 2326 1168 2397 Quid
1191 2337 1290 2390 restat
1316 2328 1423 2408 igitur,
1456 2326 1525 2409 quin

160 2422 296 2484 dicamus
328 2419 470 2499 planetas
503 2418 586 2479 illam
619 2416 700 2478 riam
733 2423 780 2479 tot
812 2417 984 2480 manifestis
1015 2417 1135 2495 punctis
1164 2425 1300 2479 notatam
1331 2439 1350 2478 1
1378 2416 1526 2480 Creatore

156 2513 262 2592 jussos
287 2509 340 2583 ire,
365 2508 525 2588 praecipue
550 2526 615 2569 cum
639 2506 718 2596 inter
742 2527 833 2586 snpra
856 2515 994 2569 assumta
1016 2506 1220 2586 colligataqne
1243 2514 1349 2569 centra
1373 2514 1405 2567 et
1429 2524 1525 2586 augu-

160 2601 207 2662 los
234 2607 378 2680 tanquam
401 2598 487 2677 polos
512 2597 611 2658 media
635 2596 685 2657 sit.
702 2598 731 2667 Ι’)

557 2843 563 2854 ·
601 2833 644 2895 lN
670 2830 810 2896 CAPUT
832 2831 1090 2897 UNDECIMUM

688 2955 803 3007 111111
822 2955 1001 3008 auoroars.

242 3064 270 3131 1)
292 3067 391 3122 Totum
405 3067 459 3119 hoc
473 3074 558 3137 caput
573 3073 705 3137 quantum
726 3069 761 3120 ad
775 3083 886 3136 scopum
901 3066 989 3120 omitti
1003 3066 1103 3137 potuit,
1127 3065 1229 3120 nullius
1244 3064 1315 3119 enim
1330 3063 1460 3119 momenti
1475 3071 1528 3118 est

163 3149 259 3218 Neque
273 3147 344 3201 enim
363 3147 409 3199 hic
427 3154 471 3201 est
485 3146 621 3216 genuinus
637 3147 706 3200 situs
727 3163 776 3200 seu
791 3145 933 3215 coaptatio
948 3147 1020 3200 inter
1034 3165 1064 3200 se
1086 3163 1230 3216 corpomm
1245 3146 1363 3216 quinque
1377 3143 1530 3215 geometri·

163 3245 264 3290 corum,
286 3235 319 3280 ut
337 3227 410 3281 infra
429 3227 553 3295 patebit:
576 3245 665 3297 neque
687 3227 709 3278 si
730 3232 814 3288 esset,
830 3226 958 3279 zodiacus
981 3228 1042 3280 inde
1064 3233 1150 3280 esset.

243 3305 273 3370 b)
297 3308 370 3360 Ecce
393 3314 425 3359 ut
448 3307 635 3360 foeneraverit
648 3307 713 3360 mihi
735 3323 784 3376 per
798 3307 848 3358 hos
864 3306 901 3359 25
917 3322 1003 3360 annos
1026 3307 1189 3376 principium
1212 3304 1271 3372 jam
1291 3310 1358 3357 tunc
1377 3303 1532 3359 firmissime

164 3404 340 3458 persuasum:
363 3389 422 3440 ideo
444 3387 503 3440 scil.
527 3387 724 3440 mathematica
747 3402 846 3440 causas
867 3387 926 3439 fieri
950 3388 1118 3442 naturalium
1142 3387 1225 3456 (qnod
1238 3387 1340 3454 dogma
1360 3384 1532 3439 Aristotelen

143 3537 144 3540 Ἰ
163 3475 208 3523 tot
220 3468 287 3521 locis
302 3462 473 3533 vellicavit).
497 3467 562 3536 quia
576 3468 692 3521 Creator
706 3468 782 3520 Deus
804 3467 1002 3521 mathematica
1021 3477 1054 3521 ut
1068 3467 1235 3536 archetypos
1256 3481 1348 3518 secum
1363 3465 1399 3518 ab
1415 3471 1534 3519 aeterno

163 3548 263 3602 habuit
277 3548 304 3601 in
320 3547 510 3601 abstractione
525 3547 726 3616 simplicissima
740 3555 770 3600 et
783 3547 884 3611 divina,
907 3548 943 3600 ab
960 3548 1025 3616 ipsis
1040 3549 1125 3601 etiam
1140 3545 1352 3616 quantitatibus.
1375 3545 1533 3599 materiali·

164 3638 208 3683 111
222 3628 411 3682 consideratis.
452 3627 619 3687 Aristoteles
635 3627 794 3683 Creatorem
817 3628 939 3697 negavit
962 3629 1088 3681 mundum
1109 3634 1251 3681 aeternum
1274 3624 1389 3678 statuit:
1411 3642 1469 3678 nou
1483 3625 1532 3679 mi·

163 3725 231 3773 rum,
247 3708 270 3762 si
285 3707 454 3777 archetypos
476 3706 586 3774 rejecit:
609 3708 700 3760 fateor
721 3708 792 3761 euim
816 3707 921 3760 nullam
936 3708 991 3760 illis
1007 3709 1059 3761 rim
1083 3708 1204 3761 futuram
1219 3705 1313 3767 fuisse,
1338 3705 1361 3758 si
1385 3722 1442 3758 non
1455 3705 1533 3759 11111

48 3844 52 3855 ,
164 3789 265 3858 ipsein
281 3788 344 3841 illos
359 3787 532 3856 respexisset
548 3787 574 3840 in
589 3789 716 3841 creando.
759 3788 836 3858 Ergo
855 3787 939 3840 etiam
953 3788 1189 3841 ecceutricitatum
1205 3800 1308 3838 causae
1328 3803 1364 3838 ex
1385 3785 1438 3838 hoc
1455 3783 1533 3854 prin·

164 3869 235 3938 cipio
250 3869 361 3921 tandem
378 3867 506 3920 inuentae
521 3876 594 3930 suut,
616 3884 729 3938 quarum
752 3867 980 3938 inaequalitatem
1000 3868 1179 3922 vehementer
1200 3881 1312 3918 necesse
1327 3872 1370 3918 est
1390 3865 1531 3927 admirari.

164 3950 317 4019 quicunque
340 3949 373 4000 de
395 3947 427 4001 iis
450 3947 521 3999 serio
546 3948 667 4017 cogitat:
702 3947 854 4017 quicunque
877 3964 937 4001 cum
958 3949 1112 4001 Aristotele
1136 3948 1169 3999 de
1192 3946 1275 3999 rebus
1299 3944 1470 3999 coelestibus
1494 3945 1533 3999 sic

99 4088 105 4094 ,
164 4029 285 4100 quaerit:
311 4028 523 4090 Quarenon‚
549 4045 614 4098 quo
639 4028 788 4098 quilibet
809 4026 962 4097 planeta
983 4029 1162 4089 humilior,
1188 4043 1227 4078 eo
1248 4025 1417 4094 pluribus
1438 4025 1533 4079 orbi·

163 4111 225 4163 bus
246 4108 410 4161 vellitur?
451 4109 520 4161 Nam
537 4109 581 4178 qui
604 4109 630 4161 iu
645 4109 697 4161 hoc
712 4108 899 4177 inquirendum
913 4109 966 4161 sibi
985 4109 1096 4176 putavit
1116 4109 1143 4160 in
1158 4106 1329 4159 astronomia
1342 4106 1384 4158 sui
1399 4105 1533 4175 temporis

164 4190 245 4258 inque
259 4189 440 4257 persuasione
463 4188 513 4241 illa
534 4188 608 4241 falsa
622 4188 770 4241 solidorum
785 4188 898 4249 orbium,
924 4189 993 4241 idem
1009 4189 1089 4241 hodio
1105 4188 1128 4240 si
1142 4187 1257 4248 vireret,
1284 4193 1314 4239 et
1331 4201 1433 4254 puram
1447 4193 1533 4256 atquo

163 4268 314 4338 genuinam
335 4275 457 4320 nostram
479 4269 512 4319 de
534 4268 611 4321 coelo
631 4269 780 4322 doctrinam
806 4276 993 4338 cognosceret,
1018 4269 1105 4322 multo
1127 4266 1246 4319 maxime
1270 4266 1323 4319 11111
1345 4268 1533 4335 quaerendum

164 4346 353 4401 existimaret:
386 4347 499 4408 Quare
525 4365 604 4410 nou,
641 4365 705 4417 quo
730 4349 883 4418 quilibet¹
906 4349 1054 4416 planeta
1082 4347 1250 4409 interior,
1280 4347 1345 4398 hoc
1365 4347 1534 4401 minoren

72 4430 84 4456 Ι
164 4427 275 4481 etiam
298 4427 602 4482 ecceutricitat-em
624 4425 747 4482 habet?
789 4430 886 4497 ltaque
902 4430 1026 4482 omnibus
1040 4428 1203 4487 rationibus,
1230 4442 1299 4495 quas
1322 4425 1374 4494 ipsi
1390 4441 1444 4479 sua
1456 4425 1532 4496 prin·

164 4507 238 4577 cipia
252 4515 446 4577 suggererent,
470 4508 626 4570 consumtis,
648 4509 698 4561 illa
712 4517 849 4577 perpetua
864 4526 939 4570 roco,
964 4511 1075 4570 Quare
1091 4524 1169 4569 non,
1192 4507 1215 4559 si
1240 4507 1349 4560 tandem
1370 4507 1534 4560 edoceretur

164 4588 341 4650 Aristoteles,
364 4603 463 4639 causas
487 4587 570 4655 hujus
585 4589 625 4640 rei
639 4588 839 4658 pulcherrimas
864 4597 893 4642 et
917 4589 1000 4657 plane
1016 4587 1187 4641 necessarias
1211 4605 1245 4639 ex
1265 4585 1425 4649 harmoniis,
1450 4593 1533 4640 utex

165 4667 319 4739 archetypo
341 4669 416 4720 reddi
437 4685 537 4736 posse:
559 4676 627 4736 puto
652 4668 726 4721 illum
747 4668 905 4736 plenissimo
925 4685 1040 4722 assensu
1060 4676 1090 4720 et
1109 4667 1287 4737 archetypos,
1312 4673 1340 4718 et
1355 4665 1422 4735 quia
1435 4666 1534 4720 horum

166 4763 215 4815 per
229 4762 259 4800 se
274 4748 353 4802 nulla
366 4748 491 4802 efficacia
506 4754 557 4811 est,
582 4749 671 4801 Deum
692 4748 782 4801 mundi
804 4748 985 4802 architectum
1006 4755 1181 4819 recepturum
1204 4747 1299 4801 fuisse.
1343 4746 1422 4798 Haec
1447 4745 1533 4820 igitur
