3366 5482
753 172 954 292 mm,
1366 291 1368 296 ι
1460 198 1507 271 ιι

156 359 308 413 uultu
326 368 434 427 protus
452 363 753 430 mttttopurattnrlrnunr
771 363 881 416 exhibeo.
917 361 989 417 Vale
1001 337 1511 449 madmnemdlttlmtntnasnrlttere

156 447 185 483 u
201 433 324 556 εδιδηήιιιιι
342 502 441 556 Patavii
457 505 520 571 prid.
537 521 596 557 nou.
615 509 722 574 Augusti
741 504 819 559 tter.

577 575 683 629 Honoris
701 586 728 630 et
745 580 849 630 nominis
866 581 903 631 tui
921 579 1082 630 mitissimus

657 651 819 714 Galilaeae
837 650 963 702 Galilaem
981 651 1007 702 ln
1026 647 1097 701 acad.
1117 647 1205 700 Pater.
1224 649 1415 703 mathematicas
1427 647 1473 715 ¹⁸).

219 754 336 818 Apparet
353 767 384 804 ex
401 752 441 805 hir
457 752 549 812 literis,
569 699 698 820 Copemici
717 756 865 808 metentiam
884 757 964 807 dria·
957 773 983 807 ιιι
1001 749 1077 807 Ιιίῐιι
1095 755 1232 807 catholicae
1252 755 1311 807 fidei
1332 756 1436 808 addictis
1457 762 1511 808 tuan
1589 811 1590 814 ,

156 827 267 891 temporis
285 840 337 876 non
355 826 436 890 magis
453 826 582 890 probatam
602 840 663 888 erse,
683 842 757 894 qnam
774 831 800 880 in
818 827 1121 884 Gemranlalutheranls,
1141 830 1215 897 cujus
1228 829 1264 878 rei
1283 833 1372 879 testem
1390 828 1509 879 hebemm

157 911 223 962 quern
243 896 351 946 diximus
369 896 576 947 Haienretl'eranr.
614 863 680 960 Quid
699 900 812 951 Galilaea
836 902 946 951 evenerit
969 899 1093 950 decenniis
1113 898 1211 964 aliquot
1223 903 1351 964 postquam
1368 899 1465 964 publice
1483 913 1510 950 aa

158 983 206 1019 ιιιιι
225 967 367 1032 Cupernieo
387 969 478 1019 sentire
494 969 618 1032 protessus
636 976 683 1027 est.
703 987 775 1023 uerno
793 972 881 1023 nescit.
900 999 935 1010 -

222 1038 388 1104 Keplerns
413 1040 452 1090 die
478 1037 519 1088 13.
536 1038 596 1091 Oct.
619 1040 685 1092 teat
704 1043 737 1093 ad
754 1045 901 1109 praemissas
920 1043 1025 1094 Galilaai
1042 1043 1127 1092 literas
1144 1040 1208 1091 haec
1226 1041 1365 1105 respondit,
1384 1055 1449 1108 qnae
1467 1041 1510 1093 de·

159 1112 284 1161 sumsimus
303 1126 335 1161 ex
353 1111 467 1162 Editione
486 1111 595 1176 Operum
614 1113 719 1164 Galilaei
737 1115 879 1167 florentina
897 1112 979 1178 (1842
998 1129 1033 1180 sq.
1052 1113 1108 1162 Vol.
1128 1111 1199 1166 vttl.
1217 1129 1240 1178 p.
1261 1109 1325 1175 20:

241 1254 367 1317 Literas
390 1262 467 1328 tuas,
492 1253 538 1316 vir
559 1254 783 1332 humanissime,
808 1256 839 1323 d.
854 1259 934 1336 Aug.
959 1256 1097 1336 scriptas,
1127 1255 1153 1317 1.
1174 1254 1261 1335 Sept
1286 1253 1409 1335 accepi;
1434 1273 1509 1334 qnae

161 1342 272 1424 quidem
304 1344 423 1422 gemino
450 1362 498 1404 me
526 1345 653 1407 affecere
679 1347 802 1434 gaudio,
831 1348 958 1429 primum
980 1355 1102 1428 propter
1125 1343 1286 1407 amicitiam
1308 1352 1408 1406 tecum
1431 1344 1510 1406 Italo

161 1430 268 1505 initam,
292 1440 366 1512 post
388 1440 511 1513 propter
534 1450 711 1498 consensum
735 1431 1401 1515 nostmmincosmographiaCopernicana.
1435 1431 1511 1495 Cum
1565 1474 1568 1485 ι

162 1521 243 1600 igitur
266 1522 297 1583 in
323 1522 406 1584 calce
431 1523 577 1601 epistolae
600 1524 768 1588 humaniter
791 1545 837 1587 me
862 1528 899 1587 ad
922 1525 1043 1588 crebras
1059 1523 1204 1601 epistolas
1219 1522 1392 1594 inritasses,
1416 1536 1510 1602 neque

163 1610 221 1671 nihi
246 1619 357 1691 sponte
381 1629 450 1673 mea
472 1610 583 1674 stimuli
607 1614 644 1674 ad
668 1614 724 1676 hoc
748 1615 903 1690 deessent,
939 1616 1037 1676 facere
1062 1619 1196 1674 attamen
1224 1630 1282 1673 ιιοιι
1311 1610 1411 1691 potui,
1441 1609 1509 1690 quin

164 1717 205 1779 per
235 1700 316 1762 hunc
349 1708 541 1781 praesentem
565 1703 693 1766 nobilem
712 1703 854 1782 juvenem
877 1704 915 1766 ad
939 1712 970 1766 te
995 1702 1164 1766 scriberem.
1210 1699 1360 1791 Existimo
1384 1717 1510 1780 namque

166 1798 189 1850 te
208 1789 246 1850 ab
271 1808 308 1850 eo
331 1797 486 1869 tempore,
521 1791 546 1853 si
576 1793 667 1855 otium
699 1793 755 1855 tibi
785 1794 855 1870 init,
889 1793 1021 1856 libellum
1047 1808 1144 1853 meum
1167 1789 1298 1871 penitius
1321 1788 1508 1866 cognovisse.

167 1877 226 1939 Inde
250 1878 361 1958 cupido
386 1897 433 1940 me
456 1879 616 1943 vehemens
639 1881 766 1945 incessit
788 1899 930 1945 censurae
953 1879 1023 1944 tuae
1046 1878 1272 1978 percipiendae:
1297 1878 1341 1938 sic
1365 1876 1442 1939 enirn
1456 1876 1521 1940 so-'

168 1966 205 2028 leo
226 1967 267 2029 ad
292 1978 483 2048 quoscunque
508 1971 623 2045 scribo,
653 1971 768 2050 judicia
795 1972 832 2034 de
856 1971 930 2034 meis
954 1972 1126 2073 incorrupta
1133 1967 1328 2047 efflagitare.
1374 1964 1417 2028 ut
1438 1966 1510 2029 mihi

169 2056 261 2117 medas
276 2057 379 2129 velum
404 2058 484 2119 malo
503 2060 589 2122 unius
610 2061 725 2123 cordati
741 2080 905 2136 censuram,
931 2077 1066 2141 quamvis
1081 2071 1189 2128 acrem
1215 2075 1302 2138 quatu
1318 2055 1410 2117 totius
1429 2055 1513 2135 vhlgi

168 2144 394 2208 henosideratos
418 2147 593 2226 applausus
639 2149 761 2213 Utinam
786 2170 857 2211 vero
881 2150 947 2224 tibi,
971 2148 1025 2211 talr
1041 2146 1243 2226 intelligentia
1257 2144 1403 2225 praedito
1430 2143 1511 2206 aliud
1551 2149 1553 2164 '

168 2234 338 2314 propositum
373 2236 476 2298 esset!
522 2237 602 2312 Nam
635 2240 693 2301 etsi
726 2239 878 2321 sapienter
901 2247 934 2301 tu
968 2246 1000 2300 et
1022 2235 1138 2299 occulte
1168 2234 1322 2317 proposito
1346 2233 1511 2313 exemplari

167 2332 221 2384 tuae
242 2344 393 2405 personae
416 2343 535 2401 mones,
561 2328 725 2390 cedendum
748 2328 910 2390 universali
935 2326 1132 2408 ignorantiae,
1157 2343 1211 2386 nec
1235 2342 1304 2385 sese
1327 2331 1440 2384 temere
1461 2322 1508 2385 in-

170 2414 315 2496 gerendum
339 2415 387 2476 vel
412 2417 618 2495 opponendum
640 2418 721 2497 vulgi
746 2419 899 2480 doctorum
923 2416 1072 2479 furoribus
1096 2415 1170 2495 (qna
1193 2413 1222 2475 in
1246 2431 1278 2474 re
1297 2412 1456 2473 Platonem
1480 2421 1511 2473 et
1567 2425 1570 2429 ’

170 2499 371 2583 Pythagoram,
401 2513 521 2566 nostros
545 2505 688 2585 genuinos
712 2506 889 2586 magistros,
919 2505 1081 2587 sequeris),
1111 2512 1302 2566 tamencum
1330 2502 1386 2562 hoc
1410 2501 1510 2562 seculo

170 2591 282 2668 primum
306 2612 326 2652 a
350 2590 526 2673 Copemico,
551 2595 657 2657 deinde
682 2616 699 2656 a
723 2596 922 2676 compluribus
946 2603 977 2657 et
1000 2591 1183 2656 doctissimis
1207 2608 1321 2672 quoque
1340 2590 1509 2652 mathema-

172 2679 279 2743 ticomm
303 2681 442 2744 immanis
465 2683 564 2761 operis
588 2683 703 2746 initium
726 2685 767 2747 sit
790 2685 921 2759 tactum,
937 2703 1031 2763 neque
1055 2683 1111 2743 hoc
1131 2682 1196 2762 jam
1220 2680 1307 2760 po'rro
1331 2698 1438 2741 novum
1459 2679 1510 2750 sit,

172 2767 277 2831 Terram
302 2789 441 2833 movere:
465 2774 653 2850 praestiterit
677 2773 806 2836 fortasse
831 2774 1035 2836 communibus
1059 2770 1210 2850 suffragiis
1235 2770 1327 2830 semel
1347 2768 1510 2848 ,impulsum

171 2855 229 2920 lunc
252 2879 373 2922 cnrmm
396 2861 583 2925 continenter
606 2863 645 2924 ad
669 2871 779 2926 metam
804 2882 922 2944 rapere,
947 2870 993 2936 ut,
1021 2860 1090 2943 quia
1113 2859 1262 2929 rationum
1285 2858 1419 2938 pondera
1440 2857 1509 2918 vul-

172 2962 210 3022 ιιι
238 2949 339 3010 minus
368 2949 474 3021 librat,
506 2952 720 3014 autoritatibus
753 2953 825 3015 illud
850 2953 948 3032 magis
980 2951 1135 3031 magisque
1168 2948 1292 3009 obruere
1325 2945 1508 3026 incipiamus,

172 3035 187 3095 si
215 3037 289 3099 iorte
326 3056 381 3117 per
412 3038 547 3101 fraudem
579 3042 677 3121 ipsum
709 3043 738 3103 iu
771 3042 969 3122 cognitionem
1001 3038 1140 3101 veritatis
1163 3036 1324 3116 perducere
1357 3053 1508 3116 queamus.

172 3123 220 3186 Tua
250 3127 369 3189 ratione
405 3128 491 3190 simul
529 3130 702 3194 laborantes
730 3139 777 3193 tot
813 3130 921 3212 iniquis
951 3129 1073 3210 judiciis
1106 3126 1203 3189 socios
1235 3125 1404 3204 adjutores,
1441 3124 1509 3184 durn

173 3213 202 3274 illi
229 3216 274 3277 rel
305 3216 447 3278 solatium
486 3227 628 3299 caperent
660 3239 698 3280 ex
726 3228 776 3282 tuo
809 3239 955 3282 consensu
988 3220 1036 3281 vel
1063 3215 1245 3297 praesidium
1275 3233 1312 3275 ex
1336 3213 1508 3286 autoritate·

172 3299 222 3364 l'on
246 3306 326 3367 enim
350 3306 396 3367 tui
420 3306 514 3368 solnm
537 3310 608 3371 Itali
633 3318 717 3384 sunt,
747 3310 796 3391 qui
825 3329 857 3370 se
888 3310 1015 3384 moveri,
1044 3306 1102 3368 nisi
1130 3302 1278 3378 sentiant,
1297 3303 1429 3365 credere
1452 3321 1509 3362 non

172 3403 289 3495 possunt,
316 3395 372 3457 sed
397 3395 489 3457 etiam
512 3417 567 3460 nos
590 3398 670 3459 hic
662 3417 691 3460 ιιι
716 3396 879 3461 Germania
903 3418 959 3460 uon
984 3397 1126 3477 optimam
1150 3394 1289 3473 dogmate
1306 3393 1367 3454 isto
1382 3392 1509 3473 gratiam

172 3479 271 3546 inimus.
322 3483 438 3546 Verum
472 3495 541 3549 sunt
575 3487 725 3561 rationes,
764 3488 869 3569 quibus
903 3507 958 3548 nos
992 3492 1097 3549 contra
1127 3483 1183 3544 has
1217 3478 1409 3544 difficultates
1442 3499 1509 3543 mu-

170 3570 279 3634 niemns.

125 3659 129 3673 ’
240 3661 395 3736 Primum,
421 3663 459 3725 ab
482 3662 537 3726 illa
560 3665 673 3746 ingenti
696 3664 847 3727 hominum
870 3662 1058 3726 multitudine
1083 3666 1241 3741 separatus
1266 3678 1343 3732 sum,
1374 3676 1427 3718 nec
1450 3677 1507 3718 uno

170 3758 222 3812 actu
245 3759 293 3813 tot
319 3751 481 3814 clamomm
504 3756 663 3836 strepitum
686 3754 800 3816 haurio
847 3753 972 3826 Deinde,
998 3753 1047 3833 qui
1070 3751 1140 3812 mihi
1159 3746 1377 3830 ιιιιιιιιιοιιίιιιί,
1402 3745 1508 3824 vulgus

170 3836 303 3903 hominnm
328 3849 386 3914 est,
412 3841 460 3922 qui
485 3862 551 3906 cum
573 3845 648 3907 haec
671 3845 821 3919 abstrusa,
846 3853 879 3905 ut
893 3841 986 3914 arunt,
1011 3861 1068 3903 non
1084 3839 1213 3920 capiant,
1238 3838 1382 3899 mirantur
1396 3843 1508 3910 tamen

169 3946 217 4003 uec,
241 3930 366 3992 credere
390 3932 486 3994 velint
510 3954 547 3994 an
571 3953 640 4013 non,
664 3953 793 4014 unquam
816 3952 917 3995 secum
941 3930 997 4010 ipsi
1019 3930 1164 4009 cogitant
1201 3925 1291 3988 Docti
1310 3924 1507 3997 mediocriter,

169 4027 296 4096 posunt
311 4019 533 4099 prudentiores,
558 4023 613 4084 hoe
629 4023 746 4085 cantius
766 4041 833 4084 sese
858 4021 1027 4083 immiscent
1049 4019 1131 4081 hisce
1150 4013 1427 4078 mathematicorum
1442 4014 1506 4076 liti-

169 4103 218 4170 bus.
266 4107 409 4179 Quinimo
433 4110 574 4174 fascinari
597 4121 734 4193 possunt,
760 4112 837 4192 qnod
862 4119 1005 4192 expertus
1020 4103 1132 4188 loqn',or
1158 4103 1320 4168 autoritate
1336 4105 1507 4166 matheseos

168 4197 335 4273 peritorum
368 4204 402 4258 ut
435 4218 500 4265 cum
524 4202 649 4263 audiunt
672 4221 747 4283 quas
766 4201 831 4280 jam
855 4200 1020 4262 habeamus
1043 4194 1259 4276 Ephemerides
1289 4213 1326 4254 ex
1350 4191 1507 4274 Oopernici

170 4282 373 4365 hypothesibus
397 4296 569 4365 extructas,
595 4291 759 4393 quicunque
783 4289 870 4351 hodie
894 4288 1029 4351 scribant
1049 4282 1284 4366 Ephemerides,
1310 4280 1506 4387 Cupernicnm

170 4390 257 4437 tunes
281 4375 388 4478 seqni;
410 4383 446 4438 ut
468 4398 534 4441 cnm
558 4380 627 4440 ab
619 4380 692 4460 ipsis
716 4378 895 4482 postulatur,
920 4385 954 4441 ut
968 4376 1143 4450 concedant,
1159 4373 1237 4455 quod
1255 4371 1373 4434 nonnisi
1391 4371 1421 4433 in
1440 4389 1506 4432 ma·

171 4461 234 4526 thesi
257 4463 407 4543 institutis
432 4467 628 4530 demonstrari
651 4467 767 4546 possit,
789 4466 995 4548 phaenomena
1017 4465 1082 4527 sine
1105 4472 1186 4526 motu
1209 4463 1319 4525 Terrae
1343 4459 1506 4523 consistere

171 4568 214 4614 aen
237 4573 339 4634 posse.
387 4555 466 4618 Nam
490 4557 546 4619 etsi
571 4558 644 4620 haec
667 4557 822 4637 postulata
844 4557 892 4618 vel
915 4550 1112 4637 pronunciata
1135 4571 1193 4615 non
1208 4559 1278 4615 snut
1292 4541 1505 4618 demonstrata,

173 4652 227 4705 unt
255 4652 356 4705 tamen
390 4664 410 4706 a
437 4664 494 4707 non
518 4647 740 4709 mathematicis
764 4646 962 4708 concedenda.
1008 4637 1143 4723 Cumque
1166 4642 1227 4704 sint
1249 4659 1340 4714 vcra,
1374 4656 1425 4698 cnr
1447 4653 1503 4696 non

173 4745 213 4806 pro
229 4729 465 4798 irremeabilibus
479 4728 732 4812 obtmderentnr?
755 4735 886 4810 Restant
906 4734 999 4819 igitur
1019 4732 1076 4795 soli
1094 4727 1309 4802 mathematici,
1332 4724 1504 4814 quibuscum
