3366 5482
762 240 923 300 nomina
1175 319 1180 330 Ι
1475 240 1519 310 ti

163 415 236 451 rarum
254 400 377 468 'lubinga
401 401 435 454 ad
457 416 485 451 se
510 401 624 450 ᾱιιιιιιιιι
646 402 672 450 iu
690 398 800 452 Daniam
822 404 882 454 mibi
904 405 1055 462 transmisit,
1084 404 1170 468 quibus
1193 403 1359 467 pollicebaris,
1387 409 1412 453 te
1437 403 1523 455 librum

162 483 266 522 numum
279 473 312 523 de
323 473 433 524 Cometa
444 487 468 523 a.
483 470 515 520 tr
528 472 573 522 tibi
585 472 618 521 ab
631 472 718 523 eodem
730 477 937 526 communicatum
950 476 1080 541 diligenter
1095 474 1267 539 perlectumm,
1286 484 1402 538 tuamque
1421 475 1451 526 ds
1470 478 1523 539 ejus
1584 525 1585 528 ,

163 545 282 596 mutantis
300 547 456 596 mutandam
474 543 675 616 conscripturum,
695 551 770 608 atque
787 543 884 596 mecum
904 548 935 596 de
953 548 984 597 iis
1001 561 1050 610 per.
1061 547 1146 597 literas
1164 546 1317 600 collaturum,
1336 560 1397 610 quas
1415 553 1441 597 te
1453 544 1522 598 Mar-

162 629 261 680 purgurn
291 615 326 665 ad
352 615 460 666 eundem
483 617 581 664 mittere
606 613 743 666 decrevisse
766 618 800 667 ad
823 632 862 667 me
886 625 974 682 postea
990 618 1157 682 procurandas
1175 617 1283 666 innuisti.
1298 611 1333 678 ¹⁸)
1369 618 1404 676 At
1422 632 1468 683 ego
1486 624 1525 667 tot

161 685 299 752 interlapsis
319 689 393 737 annis
412 701 491 752 neque
509 686 557 735 bae
575 685 606 734 de
625 701 651 735 re
670 693 715 736 aut
741 688 856 753 quapiam
885 690 935 739 alia
958 690 1085 755 negotium
1107 689 1312 748 astronomicum,
1337 702 1385 752 quo
1410 689 1524 752 utrinque

162 757 288 817 afficimur,
308 766 476 810 eoncemente
493 771 526 806 ne
547 756 672 806 verbulum
691 758 790 821 quidem
811 766 865 810 ate
877 763 971 825 accepi,
991 763 1041 810 sire
1053 761 1152 823 scripto,
1172 759 1225 808 aive
1244 759 1346 808 alierum
1364 758 1524 816 iudicatione,

162 831 197 900 qui
213 830 309 879 isthinc
327 832 457 880 venientes
474 844 514 878 me
531 827 688 893 Uraniburgi,
708 830 765 879 dum
784 831 864 881 adbuc
881 833 907 881 in
926 834 1007 896 patria
1025 832 1147 896 degerem,
1166 832 1308 880 inviserant.
1339 829 1524 881 Existimassem

163 901 272 965 equidem
291 908 320 951 te
339 903 371 951 ob
389 901 531 950 communia
547 900 617 949 nobis
640 899 723 950 studia
745 903 875 967 scriptione
901 903 985 966 aliqua
1002 904 1089 954 saitem
1107 910 1145 951 tot
1162 902 1364 951 interlabentibus
1383 903 1455 951 annis
1473 916 1523 950 uon

162 987 368 1036 supersessnrum,
387 973 531 1036 praesertim
543 986 599 1021 cum
615 971 639 1020 id
658 971 781 1021 iacturum
799 981 886 1045 sponte
904 977 929 1024 in
948 983 973 1023 te
992 975 1121 1038 receperis.
1151 971 1190 1023 Ne
1209 987 1264 1022 rere
1284 987 1330 1037 ego
1349 973 1379 1021 ob
1397 973 1421 1020 id
1440 981 1524 1025 tecum

163 1059 200 1107 per
217 1044 321 1100 literas,
336 1044 458 1109 siqnidem
475 1043 546 1092 aliter
557 1057 606 1091 non
619 1043 702 1098 liceat,
721 1044 914 1095 familiaritatem
933 1045 1094 1097 coumabeudi
1113 1059 1210 1094 omnem
1229 1045 1384 1094 occasionem
1402 1045 1523 1112 respuisse

163 1115 250 1170 ridear,
270 1116 339 1180 quod
358 1117 390 1164 ab
407 1115 562 1165 humanitate
581 1121 607 1163 et
625 1116 764 1170 exercitiis,
783 1117 869 1180 quibus
888 1117 1047 1173 delectemur,
1066 1116 1243 1166 sublimioribus
1262 1115 1369 1165 alienum
1386 1115 1463 1165 toret:
1492 1131 1523 1165 en

163 1202 223 1236 nune
241 1189 378 1251 praevenio
397 1194 424 1235 et
442 1186 646 1252 adscribendum
664 1186 909 1253 respondendumque
927 1189 990 1237 uitro
1009 1196 1034 1238 te
1059 1189 1150 1237 invito:
1176 1187 1238 1236 data
1255 1187 1368 1236 nimirum
1385 1186 1433 1237 bac
1452 1200 1522 1235 eom·
1625 1220 1629 1234 ,ψ

163 1258 274 1311 mediore.
296 1273 349 1322 qua
366 1271 432 1307 nunc
451 1257 523 1316 imur,
542 1258 735 1321 opportunitate,
755 1272 830 1322 quam
849 1267 925 1310 antea
942 1261 968 1309 in
981 1259 1074 1314 Dania,
1093 1273 1188 1323 exque
1206 1260 1232 1307 in
1250 1272 1308 1308 arce
1326 1257 1434 1341 quadam
1452 1256 1521 1306 Ran-

164 1331 264 1379 roriana
281 1329 385 1379 dimidio
403 1328 493 1379 saltem
510 1327 607 1377 milliari
624 1328 767 1394 Hamburgo
792 1339 888 1381 remota
913 1345 979 1381 nune
1001 1331 1126 1386 habitem,
1152 1330 1218 1380 unde
1240 1331 1266 1378 in
1288 1341 1359 1380 varra
1376 1328 1523 1383 uon'solum

165 1400 310 1453 amintae
329 1401 374 1450 sed
391 1401 467 1449 tonus
485 1413 547 1462 pene
566 1400 679 1462 Europae
697 1399 762 1455 loca.
773 1402 857 1451 creber
875 1411 901 1451 et
919 1401 1060 1451 commodus
1078 1402 1151 1451 datur
1168 1403 1281 1453 nuncius.
1318 1399 1345 1450 Si
1362 1401 1446 1463 itaque
1464 1398 1522 1465 quid

165 1471 242 1530 babes,
262 1472 294 1522 de
314 1487 363 1537 quo
379 1485 478 1521 mecum
495 1472 521 1518 in
539 1471 610 1519 rebus
630 1473 807 1529 astronomicis,
827 1474 877 1522 sire
890 1475 1036 1535 cometicum
1048 1472 1108 1522 illud
1121 1474 1256 1536 negotium,
1276 1473 1326 1521 sire
1340 1471 1435 1535 quidvis
1455 1471 1522 1521 aliud

167 1551 303 1601 ωιιειιιιι,
324 1543 434 1592 conterre
453 1542 557 1599 libuerit,
576 1543 686 1591 invenies
704 1558 744 1591 me
761 1558 804 1607 pro
824 1560 878 1594 meo
896 1545 993 1594 modulo
1013 1551 1038 1594 et
1056 1550 1175 1608 quantum
1193 1543 1314 1594 hacteuus
1331 1543 1358 1592 iu
1376 1543 1405 1592 iis
1424 1543 1521 1606 assequi

167 1615 226 1664 licuit
244 1615 280 1664 ad
298 1613 498 1678 respondendum
515 1627 564 1662 neu
583 1613 713 1662 difficilem.
1392 1655 1396 1660 .

225 1686 341 1735 Αιιιιιιιιιι
359 1685 419 1734 mibi
437 1699 514 1748 nuper
532 1691 570 1733 est
588 1685 708 1734 eruditum
726 1686 849 1750 quoddam
866 1688 982 1750 scriptum
999 1686 1169 1736 mathematici
1182 1685 1324 1735 excellentis
1336 1684 1361 1734 J.
1375 1683 1520 1747 Kepierii

170 1757 313 1820 sbtpria,
340 1758 366 1806 in
388 1770 437 1820 quo
462 1755 632 1805 revolutiones
648 1756 804 1820 planetarum
823 1759 958 1807 secundum
975 1758 1079 1806 iormam
1098 1755 1292 1820 Copernicaeanr
1310 1756 1342 1805 ad
1362 1752 1377 1804 5
1396 1755 1521 1820 regularia

172 1841 262 1892 terpora
279 1828 424 1878 barmoniae
442 1828 552 1891 redigere
570 1829 699 1892 ingeniosa
717 1842 777 1878 esne
796 1830 965 1893 speculatione
985 1837 1101 1889 conatur,
1126 1842 1176 1892 qua
1199 1829 1274 1878 etiam
1300 1827 1330 1876 de
1346 1842 1374 1876 re
1392 1841 1469 1890 nuper
1487 1826 1519 1876 ad

172 1915 200 1950 us
213 1901 374 1964 parscmpsit,
399 1913 478 1963 eoque
502 1898 537 1948 illi
560 1905 680 1962 quantum
703 1914 762 1962 prae
781 1900 969 1964 occupationum
987 1900 1051 1949 mole
1069 1899 1139 1948 licuit
1155 1913 1237 1948 meam
1255 1899 1368 1949 vicissim
1380 1897 1410 1947 de
1428 1897 1520 1948 talibus

173 1974 244 2036 sperui
263 1972 432 2026 seutentiamr
451 1967 521 2020 video
541 1978 624 2019 autem
642 1979 669 2019 te
687 1972 713 2019 in
733 1971 819 2021 eedem
836 1971 897 2021 libro
917 1973 947 2021 de
964 1968 1093 2036 hypothesi
1111 1971 1207 2020 anobis
1220 1976 1279 2019 ante
1292 1983 1370 2019 annos
1383 1968 1519 2033 cumplures

174 2043 294 2093 amoenos
313 2042 434 2092 nonnulla
452 2044 521 2106 qnasi
540 2042 682 2091 dubitanter
701 2041 805 2098 adferre,
825 2058 880 2092 cum
899 2045 1035 2107 promiscue
1048 2056 1104 2092 eam
1117 2043 1192 2091 edam
1205 2041 1260 2091 aliis
1272 2042 1375 2098 tribuas,
1394 2040 1520 2105 plagiariis

174 2115 221 2164 bite
238 2117 302 2164 mus
320 2115 423 2163 nimium
442 2113 593 2170 auscultans,
613 2119 665 2162 turn
683 2128 778 2178 quoque
797 2113 868 2177 plura
880 2115 911 2164 de
924 2115 1012 2164 eadem
1024 2115 1140 2171 inierens,
1159 2127 1222 2177 quae
1240 2114 1261 2162 si
1280 2112 1459 2163 consideratius
1476 2127 1517 2162 er·

174 2186 301 2248 pmdisses,
332 2192 358 2234 et
384 2186 534 2234 senteutiam
558 2192 668 2233 nostram
692 2191 766 2248 ιιιιιιι
790 2200 875 2234 omnes
900 2186 1040 2236 occasiones
1059 2184 1131 2248 hujus
1149 2183 1312 2250 hypotheseos
1331 2182 1520 2239 consitueudaa

175 2257 319 2322 undiquaque
337 2263 480 2319 perspectas
502 2255 642 2310 habuisses,
666 2255 871 2306 haesitationibus
894 2257 1043 2320 ejuscemodi
1065 2256 1128 2306 iorte
1147 2256 1332 2319 supersedisses.
1369 2255 1445 2319 Atqui
1463 2270 1518 2319 ego,

175 2329 243 2378 sitibi
260 2327 321 2392 quid
339 2329 364 2376 in
383 2327 431 2376 hee
449 2328 589 2376 inventione
607 2328 713 2390 scrupuli
732 2335 815 2387 restet,
835 2328 861 2377 id
879 2342 992 2379 emovere
1005 2334 1079 2392 atque
1092 2328 1197 2390 penitius
1209 2343 1261 2377 rem
1275 2340 1373 2376 omnem
1385 2325 1519 2390 explanare

174 2407 260 2460 paetus
277 2415 347 2458 sum,
366 2398 431 2462 qnod
450 2400 526 2448 etiam
543 2413 582 2447 res
600 2400 655 2461 ipsa
672 2399 782 2457 docebit,
808 2399 849 2447 ubi
867 2400 1023 2463 planetarum
1050 2406 1130 2448 metus
1155 2398 1188 2448 ad
1211 2412 1267 2449 eam
1285 2411 1396 2447 nonnam
1415 2411 1431 2446 a
1449 2398 1519 2447 nobis

176 2469 224 2520 adeo
241 2477 358 2520 accurate
377 2483 497 2533 expansos
515 2471 673 2534 cognoveris,
698 2476 728 2517 ut
745 2470 805 2518 nihil
824 2472 868 2530 sit,
893 2471 958 2534 quod
975 2485 1061 2520 sensus
1080 2470 1184 2534 amplius
1207 2471 1345 2534 requirant,
1371 2474 1429 2518 utut
1446 2475 1474 2518 ιιι
1492 2470 1518 2518 in

176 2542 247 2590 ιιιιιιι
263 2542 346 2591 libello
365 2541 395 2590 de
415 2543 580 2591 astronomiae
597 2542 747 2591 comeatione
766 2556 815 2608 uon
837 2542 915 2591 solum
937 2542 1049 2592 dubitare
1067 2542 1111 2591 sed
1124 2548 1151 2590 et
1163 2543 1272 2591 animum
1284 2541 1391 2603 abiicere
1404 2540 1516 2600 ridearis,

176 2611 221 2661 lieet
238 2621 316 2662 antea
335 2612 407 2661 aliter
425 2627 494 2674 spem
512 2612 606 2661 feceris.
647 2611 674 2661 Si
693 2613 725 2661 ab
744 2614 864 2662 anteriore
891 2628 935 2677 per
953 2628 1055 2676 corpora
1072 2614 1122 2662 ista
1139 2613 1263 2678 regularia
1281 2612 1431 2661 dimensione
1449 2612 1519 2662 iacta

177 2697 200 2732 ta
213 2683 363 2733 restituenda
381 2686 427 2732 erit
445 2684 525 2746 petius
544 2698 617 2748 quam
636 2699 666 2732 ex
685 2685 808 2732 accuratis
827 2684 1038 2734 observationibus
1057 2700 1074 2734 a
1091 2685 1218 2748 posteriori
1236 2685 1338 2740 sumtis,
1366 2681 1439 2739 veluti
1457 2683 1516 2732 insi-

176 2768 233 2812 ruas,
242 2758 325 2820 utiquc
335 2756 408 2804 nimis
418 2754 467 2813 diu,
478 2756 499 2803 si
508 2769 558 2803 non
567 2770 662 2817 prorsus
672 2757 698 2804 in
708 2763 851 2818 perpetuum
861 2756 953 2805 frustra
961 2757 1153 2818 expectabimus,
1162 2762 1295 2819 autequam
1304 2755 1356 2804 tale
1365 2755 1423 2818 quid
1433 2768 1449 2803 a
1458 2769 1516 2818 que·

176 2840 235 2886 psus
251 2828 373 2890 praestari
391 2827 487 2888 peterit
526 2824 587 2877 Cum
606 2834 631 2875 et
648 2828 748 2875 istorum
767 2827 914 2890 regularium
933 2842 1059 2890 corporum
1077 2827 1234 2876 dimensionis
1253 2826 1391 2889 explicatio,
1410 2825 1432 2874 si
1450 2826 1517 2875 omui

176 2910 199 2945 ιι
212 2906 278 2960 parte
296 2897 453 2947 admittenda
471 2898 544 2952 ieret,
561 2899 768 2947 observationibus
782 2898 985 2947 antecedentibus
997 2901 1043 2947 niti
1055 2904 1080 2948 et
1094 2898 1244 2962 comprobari
1257 2897 1356 2954 debeat,
1375 2910 1422 2946 nee
1440 2898 1517 2946 etiam

175 2970 318 3030 particularia
335 2983 447 3039 quaeque
465 2975 563 3032 praeter
580 2969 734 3034 generaliora
756 2969 799 3017 iila
822 2976 945 3033 utcunque
968 2984 995 3019 se
1018 2970 1136 3019 habentia
1157 2968 1215 3018 hinc
1240 2982 1284 3023 ea,
1310 2982 1360 3032 qua
1388 2982 1449 3030 opus
1467 2972 1527 3028 est,=

176 3043 311 3101 prumalem
330 3041 434 3089 derivari
451 3046 561 3103 possunt,
580 3040 645 3103 quod
663 3049 688 3088 te
706 3055 756 3089 uun
774 3040 852 3091 latere
870 3042 981 3092 arbitrer.
1010 3040 1095 3106 Neque
1109 3041 1184 3090 etiam
1201 3039 1281 3089 adhuc
1299 3039 1361 3088 satis
1379 3040 1515 3089 extricatus

175 3121 221 3160 runt
235 3113 392 3177 planetarum
407 3111 525 3160 biformes
534 3111 733 3175 inaequalitates,
752 3125 813 3174 quas
826 3112 915 3176 duplici
929 3115 1066 3162 excentrica
1079 3112 1118 3161 vel
1132 3111 1228 3163 circelle
1241 3116 1369 3177 excusant,
1388 3113 1516 3175 ignoratur

176 3185 227 3232 crim
241 3187 310 3246 justa
327 3183 415 3232 harum
432 3184 562 3246 propertio,
582 3190 610 3231 ut
628 3183 659 3232 de
678 3184 796 3247 apogaeis
815 3199 863 3232 uon
883 3184 964 3233 dicum
981 3184 1054 3249 longe
1073 3183 1145 3234 aliter
1162 3199 1189 3233 se
1201 3183 1357 3241 habentibus,
1376 3196 1449 3246 quarn
1468 3183 1516 3231 lert

176 3268 213 3302 uon
228 3256 304 3304 solum
323 3254 476 3319 alphonsius
494 3255 537 3303 sed
558 3256 632 3303 edam
652 3253 805 3318 Cepernicea
823 3257 986 3306 ratiocinatio.
1024 3255 1185 3315 Quinetiam
1204 3268 1289 3304 annna
1305 3253 1349 3303 illa
1367 3253 1514 3304 diversitatis

176 3325 258 3375 cvidcm
276 3326 410 3375 insinuatio
429 3340 475 3375 nec
488 3324 545 3374 dum
558 3327 618 3374 satis
632 3333 758 3389 comperta
771 3334 816 3381 est,
836 3328 872 3376 ita
884 3333 912 3375 ut
923 3327 1086 3391 undequaque
1098 3328 1148 3380 suis
1165 3326 1271 3375 numeris
1285 3324 1396 3376 absolute
1409 3330 1513 3378 constet.

175 3402 196 3443 ut
210 3399 236 3446 eb
253 3399 278 3447 id
297 3413 311 3447 e
331 3396 487 3460 Ceperuiceis
508 3397 861 3461 proportionibuscirculomm
879 3397 942 3448 haee
961 3412 1007 3454 ea,
1033 3412 1082 3462 qua
1107 3400 1247 3462 requiritur,
1270 3392 1411 3449 subtilitate
1432 3396 1515 3446 murari

175 3468 249 3517 invium
266 3471 314 3525 sit;
341 3471 484 3531 quantiam
503 3469 578 3518 dere
597 3469 785 3518 eruditissimum
802 3469 936 3533 Keplerunr
955 3485 997 3533 per
1014 3469 1099 3519 literas
1118 3470 1248 3526 admonui,
1272 3474 1298 3519 et
1315 3469 1341 3517 in
1359 3466 1455 3526 Marte,
1472 3467 1514 3516 uhi

174 3536 211 3589 bae
227 3540 380 3591 differentiae
397 3542 477 3604 magis
494 3547 552 3588 sunt
569 3541 710 3598 sensibiles,
734 3541 871 3604 exemplum
896 3541 1009 3590 indicavi.
1046 3540 1138 3590 Verum
1156 3540 1243 3590 debis
1262 3539 1423 3589 absimilibus
1441 3539 1515 3588 nimis

122 3664 126 3690 Ι
175 3612 276 3671 prolixum
295 3613 360 3662 ieret
376 3610 416 3660 hic
435 3612 532 3676 singula
550 3614 655 3676 exsequi.
941 3648 944 3654 .
1198 3676 1199 3679 Ἴ

122 3696 125 3708 *
231 3683 277 3733 Ubi
296 3698 372 3747 opera
388 3690 446 3732 mes
464 3686 629 3733 astronomica
646 3684 725 3733 lucem
744 3683 868 3746 publicam
885 3682 997 3739 viderint,
1017 3684 1081 3748 qued
1098 3698 1166 3733 nuno
1181 3683 1278 3750 maguis
1296 3680 1385 3730 viribus
1403 3695 1450 3731 nec
1467 3682 1512 3736 uri-

173 3757 256 3803 uonbus
275 3771 349 3819 quam
369 3763 445 3803 antea
462 3756 488 3803 in
505 3757 587 3817 patria
598 3770 682 3818 urgeo,
700 3756 841 3818 perspicies,
860 3756 897 3804 uti
910 3769 989 3819 spere,
1008 3770 1059 3804 rem
1079 3756 1269 3805 astronomicam
1288 3753 1359 3802 aliter
1376 3767 1450 3816 quarn
1467 3767 1512 3815 pu·
1568 3772 1569 3777 ¹

173 3833 228 3874 tatur
245 3827 407 3890 redintegrari
425 3841 505 3889 posse,
525 3833 550 3876 et
569 3841 608 3875 me
627 3843 675 3875 non
695 3820 901 3876 contemnendam
919 3827 945 3874 in
961 3839 992 3874 ea
1005 3825 1099 3876 locasse
1112 3840 1225 3890 operam
1244 3838 1320 3888 quare
1338 3824 1368 3872 de
1386 3823 1424 3872 bis
1442 3823 1514 3888 plura

171 3911 225 3947 nunc
243 3914 292 3947 uon
312 3897 385 3946 adde,
423 3898 496 3946 Aliud
515 3898 630 3962 quiddam
650 3906 699 3950 est.
726 3899 772 3947 etsi
794 3899 894 3946 minoris
918 3899 1049 3957 momenti,
1075 3898 1139 3962 quod
1161 3905 1245 3947 tamen
1272 3896 1304 3945 ad
1322 3895 1449 3959 negotium
1466 3895 1513 3945 boo

171 3969 297 4018 mnimode
316 3970 497 4033 exsequendum
516 3984 567 4018 nou
584 3983 671 4033 parum
690 3969 813 4037 conducit,
833 3985 875 4032 pro
895 3985 927 4020 ea
939 3969 1069 4026 videlicet„
1081 3984 1154 4033 quani
1172 3968 1361 4017 meridianorum
1379 3968 1469 4031 ingerit
1486 3969 1512 4016 in

170 4042 262 4090 mundo
279 4041 372 4090 Terrae
390 4042 462 4106 giobo
481 4042 607 4098 alteratio,
631 4041 771 4090 diversitate
800 4041 904 4091 necdum
919 4042 993 4105 *subs
1012 4048 1130 4092 mturare
1148 4040 1289 4103 explorata,
1314 4038 1345 4088 de
1363 4052 1410 4100 quo
1428 4045 1512 4089 tecum

168 4125 234 4176 agere
262 4128 368 4163 arerem.
412 4112 438 4162 Si
461 4114 545 4176 itaque
569 4113 661 4176 aliquot
686 4113 801 4174 eclipses,
825 4114 970 4176 praesertim
994 4112 1119 4168 Lunares,
1144 4111 1216 4160 isthic
1239 4111 1361 4174 exquisita
1383 4109 1513 4175 diligentia

167 4186 297 4245 praeteritis
316 4187 389 4233 anuh
407 4186 548 4234 observatas
566 4184 644 4233 habes
663 4180 705 4244 (de
724 4199 770 4247 quo
789 4199 838 4233 uon
857 4181 965 4245 dubito),
991 4198 1076 4233 earum
1100 4189 1226 4232 momenta
1248 4197 1292 4245 per
1316 4182 1512 4232 observationum

167 4258 233 4304 etiam
253 4257 452 4306 circumstantias
474 4270 572 4305 meeum
593 4263 690 4306 mature
715 4256 881 4305 communices
906 4257 991 4312 velim,
1019 4270 1066 4320 quo
1092 4255 1223 4304 collatione
1248 4253 1319 4303 iacta
1339 4268 1396 4303 cum
1415 4250 1449 4302 20
1468 4260 1513 4303 ant

164 4327 264 4389 plumbus
278 4328 365 4377 Lunae
378 4327 490 4391 deliquiis
509 4342 525 4376 a
543 4342 582 4376 me
600 4343 649 4376 non
667 4329 753 4390 paneis
769 4329 822 4389 jam
840 4329 972 4384 transactis
991 4328 1062 4376 anuis
1081 4327 1210 4391 diligenter
1229 4326 1389 4375 consideratis
1407 4326 1512 4375 conierri

164 4407 259 4461 queam.
286 4399 406 4449 Brittium
425 4401 490 4448 euim
507 4414 547 4448 ure
567 4400 650 4463 aliqua
667 4400 732 4448 iuter
750 4412 789 4455 ea,
808 4413 872 4462 quae
891 4413 936 4464 ego
955 4398 1078 4454 denotavi,
1097 4399 1260 4468 inveutqrum,
1279 4410 1343 4461 quae
1362 4398 1437 4447 etiam
1452 4410 1468 4445 a
1485 4403 1511 4445 te

161 4470 228 4520 isthic
247 4471 380 4521 observata
398 4476 464 4527 sunt,
484 4477 558 4534 atque
576 4470 633 4520 binc
652 4470 842 4519 meridianorum
858 4469 1026 4533 intercapedo,
1045 4476 1089 4519 aut
1108 4469 1140 4518 ad
1154 4470 1281 4535 minimum
1300 4468 1388 4518 duetus
1407 4467 1511 4529 alicujus

161 4543 286 4592 meridiani
303 4558 347 4607 per
364 4550 434 4592 certa
451 4543 573 4606 quaedam
584 4542 731 4593 Germaniae
749 4541 806 4590 loca
823 4543 981 4606 pervestigari
999 4543 1096 4605 poterit,
1116 4541 1299 4604 praesupposito
1317 4541 1431 4589 nimirum
1449 4551 1509 4603 qno·

161 4612 214 4663 lam
240 4618 341 4680 cognito
365 4615 398 4664 ad
416 4616 536 4663 radonem
556 4629 624 4671 cam,
648 4628 722 4678 quarn
740 4612 897 4666 Ptolemaeus
916 4622 941 4663 et
961 4612 1108 4675 Cepernicns
1128 4617 1302 4662 assumserunt.
1340 4610 1394 4660 Hoc
1411 4609 1432 4658 si
1450 4606 1509 4657 mihi

160 4688 308 4748 semtiwris
326 4686 416 4743 officii,
441 4701 493 4736 rem
510 4701 560 4735 nou
582 4685 659 4735 solum
683 4693 782 4751 gratam
810 4684 855 4734 sed
881 4686 958 4740 etiam
981 4685 1148 4733 astronomiae
1165 4683 1310 4746 promotioni
1328 4696 1378 4731 non
1396 4678 1509 4730 inutilem

159 4755 276 4810 auena
312 4757 383 4808 idem
400 4772 495 4828 quoque
514 4759 581 4823 apud
599 4759 675 4818 alios,
699 4763 818 4823 quotquqt
839 4758 895 4807 novi
912 4755 1059 4807 coelestibus
1077 4747 1230 4820 apparentiis
1248 4750 1353 4821 fideliter
1370 4751 1507 4828 ιιιιιιάιιιι
