3366 5482
719 235 803 302 Caput
819 237 963 291 vr-vm

730 430 849 529 Caput
875 432 957 509 VH.

436 588 492 650 De
513 588 778 651 secundariorum
801 590 913 652 ordine
936 598 966 653 et
985 592 1243 674 propinatoribus.

247 729 438 792 Secundaria
456 730 533 811 quod
549 729 669 806 attinet,
694 750 761 792 cum
783 733 947 795 octaedron
971 734 1012 794 sit
1034 733 1117 813 prius
1141 733 1307 809 icosaedro,
1332 736 1440 798 mirum
1462 737 1521 798 ali-

160 821 203 882 cui
218 820 315 881 videri
330 819 440 899 possit,
465 838 517 880 cur
536 819 615 899 quod
630 821 733 880 ordine
754 828 879 883 naturae
893 822 1045 901 posterius
1065 831 1122 896 est,
1147 822 1176 883 in
1201 824 1310 885 mundo
1335 825 1522 903 praecedat?

159 910 237 972 Nam
263 909 334 989 quia
357 910 443 970 Mars
467 908 673 969 dodecaeoron
699 911 824 970 sortitus
848 920 897 970 est
919 930 986 972 cum
1009 911 1138 984 Tellure,
1164 910 1299 991 sequitur
1322 932 1359 972 ex
1384 913 1421 974 iis
1446 933 1522 992 quae

129 993 133 998 ’
162 999 310 1072 diximus,
345 996 423 1058 inter
446 997 596 1058 Tellurem
625 1005 656 1057 et
679 997 830 1058 Venerem
859 999 1004 1059 interesse
1034 1000 1221 1061 icosaedron.
1274 1000 1317 1061 Et
1344 1001 1425 1080 prius
1456 1023 1524 1063 esse

161 1088 325 1149 octaedron
356 1087 514 1147 icosaedro
547 1087 643 1146 multa
675 1087 815 1165 probant.
868 1087 999 1149 Primum
1033 1090 1111 1149 enlm
1144 1089 1306 1150 octaedron
1340 1101 1443 1151 natum
1476 1100 1524 1152 est

161 1181 232 1249 (non
258 1194 330 1237 vere
355 1176 485 1255 quidem,
510 1175 563 1237 sed
587 1175 632 1236 ita
656 1175 740 1254 quasi
765 1186 867 1237 natum
892 1177 948 1248 sit)
973 1177 1108 1239 excubo
1134 1187 1165 1239 et
1187 1179 1342 1258 pyramide
1365 1179 1469 1258 primis
1493 1181 1522 1240 in

162 1285 211 1326 suu
226 1265 352 1326 ordine:
379 1283 503 1343 quorum
517 1263 599 1327 illius
614 1283 767 1325 numerum
784 1265 921 1339 laterum,
945 1266 1034 1343 hujus
1051 1266 1136 1327 basin
1157 1266 1339 1344 triangulam
1359 1276 1522 1329 mutuatur.

162 1354 344 1415 lcosaedron
368 1373 440 1415 vero
465 1353 653 1434 apyramide
674 1360 705 1412 et
720 1353 908 1415 dodecaedro
933 1355 1094 1433 postremis
1119 1354 1157 1417 in,
1173 1375 1226 1415 suo
1251 1356 1353 1416 ordine
1378 1357 1521 1418 nascitur.

160 1442 292 1504 Rursum
307 1441 387 1503 enim
406 1461 443 1502 ex
467 1442 520 1501 illa
542 1441 639 1514 basin,
665 1461 702 1501 ex
717 1442 772 1501 hoc
788 1462 941 1504 nnmerum
957 1443 1084 1504 laterum
1099 1452 1263 1505 mutuatur.
1298 1442 1334 1518 2)
1350 1443 1523 1506 Octaedron

162 1540 190 1592 et
211 1530 395 1593 icosaedron
419 1529 443 1591 si
468 1549 505 1590 ex
530 1531 648 1610 angulis
672 1530 838 1609 adspicias,
872 1532 944 1593 illud
969 1532 1036 1593 cubi
1061 1531 1147 1592 basin
1172 1534 1352 1612 quadratam
1376 1541 1522 1608 ostentat,

162 1621 213 1681 hoc
238 1619 422 1681 dodecaedri
447 1618 710 1698 quinquangulam.
754 1617 788 1691 3)
813 1618 999 1682 Octaedrum
1023 1621 1098 1682 cubo
1121 1622 1311 1700 aequealtum
1336 1632 1392 1697 est,
1417 1632 1451 1683 ut
1474 1622 1521 1684 vi·

162 1708 316 1782 debimus,
351 1718 382 1769 et
404 1707 580 1770 iccsaedron
605 1709 804 1771 dodecaedro.
852 1704 888 1784 4)
913 1708 1087 1771 Octaedron
1120 1730 1186 1771 cum
1215 1711 1308 1784 cubo,
1345 1710 1523 1772 icosae'dron

162 1817 223 1860 cnm
248 1797 439 1859 dodecaedro
462 1804 636 1876 permutant
659 1816 812 1858 numerum
836 1798 953 1859 basium
969 1807 1000 1859 et
1015 1798 1201 1877 angulorum.
1237 1799 1317 1859 Nam
1342 1800 1407 1861 cubi
1432 1799 1523 1861 bases

162 1895 190 1948 et
212 1885 351 1948 octaedri
375 1887 476 1966 anguli
500 1895 570 1947 sunt
599 1905 670 1958 sex,
707 1886 788 1947 illius
819 1887 920 1965 anguli
945 1895 976 1949 et
999 1887 1087 1966 hujus
1112 1887 1201 1948 bases
1225 1897 1304 1948 octo.
1353 1888 1404 1950 Sic
1428 1889 1523 1950 dode-

163 1974 260 2037 caedri
284 1975 377 2036 bases
401 1985 430 2035 et
454 1973 602 2036 icosaedri
628 1976 728 2052 anguli
752 1984 822 2036 sunt
845 1976 982 2055 utrinque
1003 1975 1179 2037 duodecim:
1204 1976 1338 2039 vicissim
1361 1977 1442 2038 illius
1465 1996 1522 2038 an-

164 2065 219 2145 guli
244 2071 277 2125 et
301 2064 392 2144 hujus
415 2062 506 2125 bases
530 2072 600 2124 sunt
623 2064 739 2142 viginti.
787 2063 822 2138 5)
848 2063 1022 2126 octaedron
1051 2065 1118 2125 cubi
1149 2072 1263 2126 rectum
1288 2067 1431 2145 angulum
1454 2065 1523 2127 irni-

163 2161 257 2228 tatnr,
286 2153 466 2214 icosaedron
496 2152 676 2214 dodecaedri
705 2153 854 2215 obtusum.
902 2152 950 2214 Er
984 2152 1089 2232 quibus
1121 2163 1209 2234 patet
1240 2157 1404 2216 octaedron
1433 2161 1525 2235 caput

164 2261 225 2304 esse
248 2243 296 2304 sui
321 2241 449 2314 ordinis,
474 2240 553 2303 sicut
575 2242 668 2303 cubus
692 2242 853 2321 primorum
877 2251 925 2303 est
946 2243 1097 2323 princeps.

789 2483 884 2492 .,-.-—..
899 2488 901 2491 .
936 2487 938 2491 .

634 2672 638 2675 ’
721 2664 841 2763 Caput
868 2663 968 2739 VIlI.

385 2842 480 2920 Quod
503 2842 673 2904 octaedrore
694 2843 735 2905 eit
757 2843 844 2903 intro
873 2842 1020 2905 Venerem
1045 2851 1074 2905 et
1097 2845 1303 2907 Mercurium.

250 3001 341 3074 Quod
367 3011 468 3066 autem
492 3012 655 3081 propterea
678 3003 783 3064 statim
811 3003 849 3063 ad
878 3002 1086 3063 dodecaedron
1110 3004 1139 3064 in
1164 3003 1272 3065 mundo
1297 3001 1379 3080 sequi
1404 3001 1523 3076 debeat,

168 3113 219 3154 non
242 3091 391 3173 seqnitur.
433 3092 465 3163 1)
489 3091 568 3152 Nam
593 3091 662 3170 quia
685 3110 791 3153 revera
816 3092 873 3152 duo
898 3091 1009 3151 diversi
1034 3100 1104 3153 sunt
1127 3093 1256 3165 ordines,
1281 3099 1409 3170 possunt
1432 3090 1525 3152 etiam

167 3182 344 3243 indirersas
364 3181 466 3242 mundi
488 3181 597 3260 plagas
621 3190 759 3259 spectare
784 3180 846 3242 suis
865 3180 1023 3259 capitibus.
1062 3179 1098 3255 2)
1120 3182 1218 3260 Atque
1234 3182 1319 3254 adeo,
1345 3179 1414 3260 quia
1433 3179 1525 3241 cubus
1567 3188 1568 3192 ’

167 3269 360 3350 dignissimae
384 3271 485 3331 mnndi
506 3269 618 3348 regioni
635 3279 722 3331 extra
736 3270 861 3331 Terram
876 3270 1105 3349 appropinquat,
1131 3270 1388 3333 circumferentiae
1408 3269 1525 3328 scilicet

168 3361 226 3421 sive
250 3360 339 3430 lixis,
366 3378 422 3438 par
446 3367 531 3432 erat,
562 3367 595 3420 ut
624 3369 655 3419 et
678 3354 803 3421 alterius
828 3359 940 3420 ordinis
965 3368 1056 3436 caput
1079 3360 1206 3439 digniori
1231 3361 1296 3421 loco
1321 3358 1422 3420 mundi
1445 3358 1526 3418 intra

168 3448 293 3512 Telluris
321 3447 425 3510 orbem
455 3449 622 3509 accederet.
669 3447 752 3509 Nihil
781 3457 881 3510 autem
913 3448 1030 3526 dignius
1060 3461 1164 3510 centro
1193 3457 1224 3510 et
1247 3448 1328 3511 Sole.
1376 3445 1412 3520 3)
1437 3444 1524 3516 Quod

169 3537 191 3598 si
212 3537 307 3599 etiarn
330 3536 485 3617 utriusque
509 3536 623 3597 ordinis
647 3538 737 3597 situm
761 3557 815 3616 pro
845 3556 902 3597 uno
931 3555 1126 3612 censeamus,
1161 3537 1230 3618 quid
1264 3537 1432 3617 elegantius
1461 3534 1524 3596 lieri

168 3634 303 3705 poterat,
337 3644 427 3706 quarn
458 3634 493 3687 ut
515 3626 565 3686 ille
593 3625 729 3705 utrinque
760 3626 905 3687 similibus
936 3634 967 3686 et
989 3625 1093 3704 primis
1116 3627 1290 3706 corporibus
1314 3622 1524 3688 clauderetur?

167 3712 201 3790 i)
222 3715 383 3778 Pulchrius
407 3715 509 3776 etiam·
523 3723 584 3787 est,
615 3715 782 3775 multifacit
806 3734 931 3794 corpora
954 3715 1121 3776 adinvicem
1146 3715 1230 3796 sequi
1253 3717 1284 3776 in
1307 3712 1419 3784 medio,
1451 3722 1483 3772 et
1505 3731 1525 3771 a

168 3805 341 3883 pluralitate
365 3802 483 3865 basium
506 3802 644 3882 utrinque
668 3804 780 3865 sensim
804 3805 843 3865 ad
858 3804 1039 3883 paucitatem
1057 3805 1181 3876 discedi,
1206 3803 1230 3865 si
1250 3803 1322 3864 nibil
1347 3802 1426 3862 aliud
1450 3819 1523 3880 pro-

168 3893 275 3968 hibeat,
301 3892 441 3974 quamsi
466 3893 504 3953 ad
529 3892 689 3953 multarum
708 3892 825 3954 basium
841 3911 947 3971 corpus
968 3902 1143 3972 sequeretur
1168 3912 1255 3954 unum
1279 3910 1440 3970 paucarum
1465 3890 1522 3951 ba-

168 3983 249 4058 sium,
275 3992 309 4044 et
331 3981 460 4061 denique
484 3976 661 4042 succederet
683 4000 798 4043 rursum
824 3982 905 4043 aliud
930 3981 1017 4060 longe
1042 3982 1178 4061 plurium,
1204 4000 1294 4060 quam
1312 3988 1379 4041 erat
1401 3987 1520 4041 utrum-

168 4091 230 4152 qne.
269 4069 306 4146 5)
328 4070 433 4149 Atque
457 4090 523 4132 cum
548 4070 758 4132 dodecaedron
783 4081 867 4133 esset
889 4071 917 4130 in
943 4088 997 4130 suo
1021 4070 1123 4131 ordine
1143 4070 1288 4142 ultimum,
1313 4068 1522 4140 conveniebat,

167 4161 263 4222 atilli
287 4159 466 4222 succederet
493 4179 530 4220 ex
559 4159 654 4220 altero
682 4159 800 4232 ordino,
831 4160 908 4239 quod
938 4168 1022 4220 esset
1049 4159 1094 4219 sui
1119 4158 1226 4220 simile.
1274 4155 1309 4232 6)
1339 4156 1442 4219 Etiam
1467 4158 1522 4218 hoc
1552 4166 1557 4180 ¹

168 4251 203 4311 sd
225 4249 356 4312 Telluris
381 4247 560 4328 dignitatern
584 4249 731 4327 pertinet,
757 4257 790 4309 ut
814 4249 951 4328 utrinque
975 4248 1127 4321 similiter,
1154 4257 1296 4327 quantum
1319 4246 1383 4308 fieri
1407 4255 1521 4325 posset,

167 4339 339 4418 stiparetur.
380 4335 459 4399 Cum
482 4337 574 4416 igitur
596 4337 641 4398 ita
665 4337 836 4411 cecidisset,
862 4347 895 4397 ut
918 4337 1050 4399 exterius
1073 4337 1208 4416 proxime
1233 4336 1396 4398 ambiretur
1417 4335 1521 4396 multi-

168 4428 253 4502 lacic,
276 4447 332 4507 par
355 4434 433 4500 erat,
457 4434 491 4488 ut
514 4426 639 4488 interius
665 4426 757 4487 etiam
781 4426 915 4504 proxime
940 4427 1189 4505 complecteretur
1211 4425 1417 4487 multifacinm.
1455 4424 1521 4483 Duo

167 4516 256 4596 igitur
277 4517 308 4578 bi
332 4514 454 4577 ordines
478 4514 606 4595 quinque
630 4515 735 4576 horum
759 4534 915 4594 corporum
944 4516 989 4576 ita
1016 4523 1086 4575 sunt
1114 4514 1379 4594 asapientissimo
1405 4509 1519 4574 Condi·

167 4614 231 4667 tore
254 4606 283 4668 in
305 4623 397 4667 unum
420 4603 547 4673 redacti,
573 4611 607 4664 ut
631 4603 764 4665 calcibus
782 4604 909 4665 invicem
930 4605 967 4665 ad
983 4604 1143 4675 Tellurem,
1169 4623 1243 4683 quae
1268 4601 1412 4663 maceries
1437 4600 1520 4678 ipso-

166 4713 229 4756 mm
253 4702 309 4771 est,
334 4694 572 4769 obverterentur,
598 4692 748 4773 capitibus
772 4693 800 4754 in
825 4692 962 4755 diversas
986 4693 1086 4754 mnndi
1109 4693 1217 4772 plagas
1242 4690 1440 4828 diqqederent
1458 4688 1485 4761 ⁸)
