3366 5482
232 253 298 341 342
659 255 760 306 Literss
777 256 880 320 Kspleri
899 255 1049 318 aliorumque
1066 259 1169 303 mutuas

232 430 289 466 cum
307 420 333 463 et
351 411 500 463 Mercuriale
518 415 616 470 tribuit,
641 415 734 462 aerium
752 413 812 461 illud
832 419 858 461 et
875 411 1067 460 subtilissimum.
1107 412 1159 475 Ego
1179 412 1224 460 sub
1244 412 1313 461 coelo
1332 425 1417 462 crasso
1435 409 1483 461 boe
1502 410 1593 461 Frislco

122 516 125 520 -
231 490 374 548 asumptus.
395 491 420 533 et
437 490 513 533 ustus
530 484 724 549 phlegmaticus,
749 484 847 532 nonnisi
866 496 951 531 crassa
970 482 1066 531 olfacio.
1106 482 1202 542 Quare.
1231 497 1263 532 no
1282 489 1308 532 te
1331 488 1451 532 moveant
1467 482 1592 547 quaestio·

232 569 277 609 css
293 569 366 605 meae
384 555 507 604 interdum
525 557 665 612 institutae,
686 555 818 605 admouere
837 554 910 602 volui.
1077 589 1080 598 .

304 627 344 676 Ad
361 627 426 676 haec
444 628 527 674 omnia
546 628 617 676 simul
636 625 762 689 respondit
779 624 936 688 Keplerns
957 624 979 673 d.
1001 621 1024 671 7.
1045 624 1104 673 Feb.
1128 620 1204 672 loct.
1224 623 1291 673 huuc
1310 625 1336 672 in
1355 623 1468 673 modum:

834 695 867 756 S.
883 697 927 756 ·Ρ.
953 695 991 755 D.

320 783 465 845 Delector
487 783 655 862 plurimum,
681 784 862 847 amicissime
878 784 1006 856 Fabrici,
1033 782 1201 845 festivitate
1221 791 1288 853 tua,
1313 783 1362 861 qni
1388 782 1516 860 primum
1535 781 1592 845 im-

191 892 192 895 ’
234 880 390 955 portunus,
416 891 482 933 cnm
507 872 579 933 nihil
604 872 757 935 literarum
781 874 943 952 impetrare
967 871 1127 946 videreris,
1158 873 1276 932 demum
1301 872 1339 932 ad
1364 870 1594 951 deprecationes

235 961 459 1025 oblocutionum
494 969 627 1036 tuarum,
661 971 691 1024 et
715 963 838 1023 tandem
872 962 909 1021 ad
935 960 1104 1022 contrarius
1134 959 1366 1022 refutationibus
1392 959 1593 1034 laudationes,

235 1057 276 1127 et,
302 1050 431 1120 silicet,
458 1050 686 1112 adsentationes
711 1070 873 1112 conversus
899 1071 941 1110 es.
989 1050 1055 1126 Ego
1080 1069 1159 1122 vero,
1186 1068 1243 1109 non
1260 1049 1447 1127 exspectatis
1469 1049 1516 1110 bis
1535 1049 1594 1110 tuis

236 1139 352 1204 artibus
377 1139 499 1211 (neme
529 1139 686 1200 blanditiis
710 1139 770 1202 tuis
800 1147 979 1200 commotum
1003 1138 1190 1211 existimes),
1226 1155 1335 1198 mense
1353 1139 1496 1216 Augusto
1527 1138 1593 1216 epi·

235 1228 360 1300 stolam,
395 1226 496 1288 verius
520 1227 642 1298 libmm,
677 1230 714 1289 ad
738 1237 769 1290 te
794 1228 875 1301 misi,
908 1229 1011 1288 decem
1035 1227 1074 1287 ad
1098 1227 1249 1288 minimum
1274 1226 1462 1305 paginarum.
1511 1224 1594 1296 Quas

235 1316 279 1379 tui
302 1316 350 1377 bic
375 1314 529 1388 addidere,
555 1336 658 1384 omnes
682 1318 818 1378 redditas
843 1317 994 1394 intellig03
1019 1316 1176 1395 plurimum
1201 1315 1303 1393 itaque
1318 1315 1418 1388 miror,
1446 1315 1501 1376 tibi
1518 1334 1590 1376 nou·

236 1404 305 1467 dum
329 1405 449 1466 lectam.
497 1405 601 1466 Potuit
634 1406 690 1466 hoc
719 1406 774 1467 tibi
798 1405 962 1466 communis
994 1413 1097 1465 noster
1117 1404 1343 1482 Ἀγαθοδαιμων
1365 1404 1513 1465 Francius
1547 1403 1595 1465 in·

238 1493 351 1556 dicare.
397 1492 445 1554 Ex
473 1512 508 1552 eo
537 1501 671 1572 tempore
700 1494 826 1574 quinque
856 1495 935 1556 aliae
959 1494 1014 1554 abs
1045 1502 1075 1553 te
1105 1493 1175 1555 mihi
1205 1492 1310 1553 literae
1344 1501 1415 1554 sunt
1443 1492 1589 1566 redditae,

234 1601 309 1663 quas
332 1581 483 1661 scripsisti
509 1580 579 1655 18.,
604 1580 656 1645 24.
680 1583 765 1658 .Ιιιιι.,
794 1582 843 1644 11.
869 1583 964 1659 Aug,
990 1580 1058 1656 22,
1084 1579 1137 1644 26.
1157 1582 1228 1642 Dec.
1271 1584 1305 1649 (r.
1325 1586 1370 1649 st.)

305 1669 377 1720 Haec
398 1670 529 1733 Keplerus.
568 1671 632 1721 Hinc
651 1673 742 1721 transit
760 1672 791 1720 ad
807 1670 944 1720 comment.
959 1669 1048 1719 Martis
1068 1671 1299 1733 dubitationesque‚
1319 1684 1381 1734 quas
1399 1669 1529 1732 proposuit
1547 1669 1591 1719 Fa·

233 1741 323 1792 bricius
341 1742 367 1790 in
385 1741 462 1790 literis
479 1743 607 1805 prioribus,
627 1758 698 1806 quas,
716 1750 745 1791 ut
757 1757 831 1805 supra
843 1742 955 1796 diximus,
976 1742 1148 1807 adjungendas
1162 1742 1302 1791 censuimus
1321 1741 1387 1791 dicto
1400 1739 1507 1804 Kepleri
1517 1740 1591 1804 operi,

235 1818 269 1870 et,
289 1813 322 1862 sd
340 1812 425 1861 literas
443 1812 467 1861 d.
488 1811 528 1859 22.
549 1813 611 1863 Dec.
631 1814 715 1863 ordine
733 1827 855 1878 pergens,
876 1814 960 1862 addit:

323 1884 379 1945 Hic
399 1884 560 1945 meministi
576 1886 670 1963 primo
695 1885 860 1956 literarum,
886 1904 960 1963 quas
986 1893 1056 1944 ante
1073 1903 1181 1944 annum
1202 1882 1319 1962 scripsi,
1344 1893 1376 1944 et
1397 1883 1506 1943 statim
1521 1881 1591 1942 snb·

229 1971 349 2054 jungis:
368 1971 416 2044 „in
432 1973 545 2033 ultimis
562 1975 688 2034 literis.“
729 1973 810 2049 Ergo
826 1974 979 2051 accepisti,
997 1969 1118 2051 quast.
1135 1973 1196 2032 .ΙιιΙ.
1216 1972 1346 2050 scriptas
1358 1971 1499 2051 Angusto
1518 1969 1591 2030 misi.

304 2059 424 2123 Reliqua,
451 2075 515 2124 quae
533 2063 558 2109 in
577 2062 615 2112 his
634 2062 711 2111 literis
729 2061 852 2124 Keplcrus
872 2063 923 2126 egit
942 2076 997 2110 cum
1017 2062 1129 2111 Fabricio
1149 2060 1299 2125 astrologica
1322 2060 1479 2124 similiaque,
1509 2059 1594 2108 eadem

237 2145 287 2196 qua
310 2133 376 2193 prius
395 2132 491 2180 ratione
517 2134 675 2196 proponenda
701 2147 842 2188 censemus,
868 2134 1060 2195 praemittentes
1085 2133 1190 2189 Fabricii
1209 2132 1368 2195 quaestiones
1392 2131 1533 2195 additisque
1558 2144 1592 2179 rs·

234 2202 405 2267 sponsionibus
424 2201 535 2266 Kepleri.

305 2272 472 2321 Fabricius
492 2270 529 2335 (l.
549 2273 597 2322 Jul.
621 2271 716 2334 1603);
743 2272 806 2323 Mire
835 2288 873 2322 me
902 2275 973 2338 angit
1000 2274 1096 2322 instans
1124 2273 1226 2322 directio
1249 2271 1312 2322 Solis
1340 2273 1372 2322 ad
1394 2272 1486 2322 Martis
1511 2286 1595 2334 corpus

234 2345 259 2392 in
285 2358 342 2392 mea
367 2345 452 2407 genosi
480 2342 557 2393 1564.
585 2341 608 2392 9.
634 2345 708 2394 Mart.
738 2345 762 2393 b.
790 2343 805 2392 5
841 2352 929 2393 matut.
959 2345 1102 2394 Ascendens
1127 2342 1180 2391 21⁰
1200 2351 1259 2392 πε.
1299 2344 1384 2394 Sentio
1408 2342 1594 2407 praeludia-in

234 2416 289 2477 ipsa
307 2415 407 2462 fortuna
434 2422 459 2464 et
484 2417 672 2466 conversatione
698 2416 832 2465 hominum.
878 2415 978 2475 Quaeso
1003 2416 1062 2464 mibi
1087 2422 1155 2463 tunm
1179 2416 1300 2477 judicium
1327 2417 1423 2464 sincere
1450 2415 1594 2478 perscribas.

236 2483 346 2544 Quisque
372 2486 398 2533 iu
424 2500 470 2536 sua
493 2500 571 2537 causa
595 2502 683 2537 coecus
707 2495 746 2536 est
768 2494 867 2550 propter
885 2486 999 2536 affectus.
1036 2481 1071 2546 Δ
1090 2486 1112 2546 'll
1134 2483 1166 2546 Q
1186 2486 1201 2547 b
1221 2501 1253 2536 an
1275 2502 1319 2550 pro
1336 2481 1373 2551 s]
1397 2486 1432 2536 sit
1449 2483 1594 2535 habendus?

235 2555 276 2605 Sic
295 2549 330 2619 [1
349 2554 373 2615 ὀ
394 2556 433 2605 rix
453 2556 480 2617 >k
500 2565 604 2622 aequat,
634 2564 659 2608 at
678 2564 762 2607 mmen
781 2558 840 2607 mihi
858 2565 962 2607 mortem
981 2558 1031 2608 lere
1051 2559 1179 2607 constitnit
1202 2571 1268 2606 anno
1288 2554 1312 2606 9.
1326 2560 1428 2607 aetatis.
1467 2556 1504 2604 Ex
1517 2552 1549 2615 Q
1565 2556 1595 2604 sd

232 2619 269 2693 [l
285 2626 301 2680 ᾗ
320 2626 379 2675 nihil
398 2631 471 2683 sensi.
491 2630 534 2678 sed
553 2636 682 2693 apostema
700 2636 798 2678 tantum
816 2630 842 2677 in
861 2630 976 2685 natibus,
1007 2635 1033 2678 et
1053 2643 1138 2677 casum
1157 2629 1188 2677 sb
1211 2629 1276 2680 alto.
1297 2630 1350 2678 siue
1369 2628 1482 2678 laesione
1501 2633 1593 2676 umen.

166 2727 172 2733 -
234 2696 363 2747 Amicitias
391 2713 536 2763 magnorum
561 2701 648 2757 habui,
677 2701 721 2750 sed
740 2701 832 2764 absque
860 2715 884 2747 m
937 2714 952 2748 a
977 2699 1099 2756 utilitate,
1124 2700 1214 2748 lorium
1242 2714 1298 2748 vero
1321 2700 1448 2749 bominum
1477 2698 1594 2751 insidiam

235 2775 262 2816 et
280 2769 485 2828 obtrectationes,
513 2772 579 2820 nullo
598 2786 653 2820 meo
672 2773 768 2827 merito,
787 2715 935 2835 propterflg1
950 2772 975 2819 in
995 2771 1051 2820 ΧΠ.
1087 2772 1127 2820 Ad
1146 2770 1229 2820 studia
1245 2771 1300 2835 plus
1318 2785 1392 2836 quam
1410 2769 1529 2819 valetudo
1547 2770 1596 2818 lert

235 2853 377 2904 propensus.
1109 2851 1115 2873 ¹

325 2912 524 2990 Keplerus:
549 2914 595 2972 De
620 2913 785 2974 directione
811 2910 850 2989 Q
877 2914 915 2973 ad
940 2921 1087 2991 corpus&
1112 2932 1177 2974 meo
1198 2914 1312 2992 judicio
1336 2931 1394 2973 non
1420 2913 1513 2973 debes
1529 2931 1595 2972 esse

238 3000 386 3062 sollicitus
411 3001 467 3062 hoc
492 3011 642 3080 tempore3
667 3021 735 3063 nam
760 3002 810 3062 vix
835 3022 944 3063 annum
969 3000 1019 3064 74.
1044 3002 1177 3080 attingit.
1225 3002 1305 3063 Ecce
1330 3021 1427 3062 meum
1447 3000 1594 3080 dirigendi

237 3090 375 3151 modum:

324 3184 349 3246 0’
372 3178 472 3238 estin
500 3170 604 3258 12¹l2⁰
627 3184 672 3252 Π.
722 3174 761 3254 Θ
787 3174 839 3241 24.
865 3179 940 3256 Maji
965 3198 1042 3239 anno
1067 3174 1119 3240 64.
1145 3177 1280 3240 venitin
1309 3171 1415 3258 ¹2¹is⁰
1437 3182 1487 3250 II,
1523 3195 1593 3256 ergo

238 3265 302 3327 dies
327 3262 369 3327 76
397 3266 569 3345 significant
597 3269 724 3329 totidem
749 3287 854 3328 annos.
902 3267 960 3329 Est
985 3265 1024 3344 Q
1050 3286 1127 3329 anno
1159 3263 1249 3330 1604.
1276 3266 1304 3327 in
1329 3261 1374 3329 8⁰
1397 3267 1440 3342 ὅ,
1466 3266 1516 3326 ubi
1538 3266 1593 3327 suit

240 3351 288 3419 l8·
313 3353 387 3433 Apr.
412 3364 482 3436 post
506 3355 570 3415 dies
585 3351 637 3417 40.
685 3357 863 3418 Ascendens
884 3366 984 3417 tamen
1006 3357 1194 3437 (quodcirca
1219 3352 1281 3433 *b
1306 3359 1449 3428 versans)
1474 3355 1593 3417 melan·

236 3443 375 3517 choliam,
401 3443 540 3517 studium,
566 3463 676 3518 curam,
704 3445 890 3524 diligentiam
914 3455 1015 3524 auget.
1064 3447 1107 3506 Tu
1128 3465 1198 3507 vero
1223 3446 1299 3507 bene
1322 3464 1414 3523 spera
1437 3445 1474 3504 de
1499 3441 1595 3521 *Θ

236 3532 308 3606 *li
331 3532 360 3593 in
385 3529 452 3594 28⁰
475 3534 517 3606 {53
542 3531 621 3593 iutra
645 3532 795 3595 biennium
820 3534 943 3598 divitem
968 3535 1107 3606 efficient,
1135 3535 1293 3596 dummodo
1307 3534 1390 3613 prius
1410 3551 1491 3593 anno
1511 3529 1594 3595 1606

238 3620 397 3683 transierit
421 3614 489 3697 [lt
513 3640 568 3701 per
593 3619 632 3698 Q
653 3623 760 3683 locum.
808 3623 913 3684 Trinos
937 3625 965 3685 in
984 3621 1023 3700 Q
1049 3625 1119 3695 et)
1146 3642 1204 3683 non
1227 3643 1281 3702 pro
1306 3622 1463 3700 quadratis
1488 3622 1594 3690 habeo,

239 3709 309 3789 quia
332 3728 386 3771 nec
411 3709 507 3788 dirigo
533 3710 599 3771 illos
624 3731 676 3789 per
699 3721 901 3791 aequatorem.
949 3713 1111 3774 Amicitias
1126 3731 1301 3791 magnorum
1323 3711 1378 3773 tibi
1398 3711 1518 3773 sincero
1540 3711 1593 3771 bo-

236 3798 308 3861 mini
336 3798 400 3859 sine
425 3797 556 3860 utilitate
586 3800 765 3879 contigisse,
801 3801 873 3862 nihil
898 3811 946 3864 est
969 3803 1074 3864 mirum
1107 3809 1159 3862 aut
1183 3801 1332 3873 insolens;
1367 3809 1519 3879 quaeruut
1543 3820 1593 3860 sua

235 3888 355 3967 gaudia,
381 3907 439 3948 non
464 3897 517 3948 tua
540 3890 706 3950 commoda.
754 3891 943 3969 Impossibile
969 3901 1024 3964 est,
1051 3899 1083 3952 ut
1107 3890 1208 3968 magni
1233 3891 1295 3951 sint
1328 3897 1360 3950 et
1382 3908 1496 3969 parvos
1522 3889 1596 3950 sub-

237 3977 338 4038 levent
362 3995 480 4050 omnes;
505 3979 606 4056 magni
632 3977 758 4039 hominis
774 3996 901 4058 magnus
922 3981 1022 4042 hiatus
1037 3981 1107 4042 oris.
1156 3978 1406 4041 Obtrectationes
1423 3996 1483 4038 non
1504 3979 1595 4039 debes

236 4065 382 4145 refugere,
408 4066 432 4126 si
458 4066 573 4127 deliciis
598 4067 708 4128 artium
732 4067 851 4129 minime
866 4069 1052 4150 popularium
1069 4069 1195 4130 frueris:
1222 4087 1308 4130 nemo
1328 4068 1507 4146 praeclarus
1523 4067 1594 4128 haec

236 4173 293 4217 uon
317 4154 442 4235 patitur.
491 4156 574 4216 Haec
606 4175 663 4217 non
694 4168 764 4219 sunt
791 4158 936 4237 insignia,
970 4179 1024 4220 nee
1052 4158 1187 4235 indigent
1219 4156 1439 4237 significatione
1464 4157 1594 4234 geneth-

234 4243 332 4317 liaea;
364 4244 476 4322 passim
505 4245 554 4305 vel
579 4245 643 4306 sine
664 4247 959 4327 coeloproveniunt.
1009 4247 1146 4309 Studium
1176 4255 1208 4307 et
1232 4247 1418 4308 anxietatem
1443 4242 1593 4322 additQ

235 4332 264 4394 in
288 4329 360 4410 Ab
394 4339 425 4392 et
449 4335 479 4408 ό
502 4333 656 4414 utriusque
686 4335 880 4414 superiorum.
928 4337 1083 4416 Ingenium
1118 4337 1206 4396 facile
1241 4355 1278 4397 ex
1307 4337 1329 4413 p
1361 4352 1427 4395 cum
1464 4334 1490 4407 Q
1525 4354 1594 4396 con-

230 4421 386 4502 junctione
397 4439 406 4494 ;
432 4429 464 4482 at
487 4441 545 4482 non
569 4422 614 4483 ita
638 4443 717 4485 acre.
764 4426 862 4486 Bilem
886 4435 986 4487 tamen
1010 4426 1221 4496 nonnullum)
1248 4425 1276 4486 in
1302 4428 1337 4493 Δ
1357 4431 1393 4492 0'.
1442 4423 1595 4486 Dixissem

237 4519 268 4575 te
292 4509 516 4589 voluptuarium
541 4531 578 4572 er
602 4514 632 4588 ό
648 4512 673 4585 Ω
697 4521 730 4575 et
753 4517 791 4590 §3
815 4515 898 4577 disco
923 4515 1013 4594 igitur
1046 4515 1125 4592 apud
1155 4523 1184 4574 te
1209 4515 1355 4593 derogare
1380 4510 1451 4574 huic
1476 4514 1596 4576 decreto

234 4595 305 4678 Ali
331 4595 443 4676 etQ,
473 4609 504 4662 et
527 4600 710 4664 laboriosnm
735 4603 925 4665 nibilominus
960 4605 1089 4664 efficere.
1138 4601 1357 4664 Credulitatem
1381 4600 1477 4681 ΔΘ
1503 4610 1537 4664 et
1558 4600 1593 4675 ll,

229 4688 375 4766 judicium
390 4695 490 4750 tamen
514 4694 550 4758 Δ
567 4686 607 4767 Θ
633 4698 665 4750 et
687 4687 722 4766 li,
747 4701 776 4752 et
798 4693 893 4770 juncti
910 4702 1035 4773 uterque
1050 4691 1305 4772 superstitiosum.
1344 4692 1380 4753 In
1394 4691 1444 4752 his
1461 4693 1593 4773 aspecti·

236 4779 291 4842 bus
314 4784 347 4842 et
369 4779 431 4842 situ
454 4781 479 4850 1)
505 4778 578 4840 mihi
603 4779 691 4840 valde
715 4779 822 4842 similis
846 4801 888 4844 es.
936 4781 1104 4864 Utrique)
1131 4780 1161 4842 iu
1181 4780 1252 4844 Xli.
1276 4780 1306 4844 iu
1330 4784 1366 4850 Δ
1385 4788 1426 4858 d,
1457 4784 1532 4847 milri
1556 4777 1592 4863 Θ
