3366 5482
743 183 826 250 capes
842 184 942 236 x-xl.
1464 186 1525 254 lus

161 344 224 416 quia
244 342 405 414 praecessit
418 350 568 416 conceptus
579 344 654 400 illius
669 345 783 410 numeri,
806 349 853 401 sed
874 347 936 402 ideo
955 348 1081 419 sequitur
1098 354 1247 419 conceptus
1268 349 1383 413 numeri,
1404 351 1470 422 quia
1482 368 1529 408 ror

160 423 348 494 geometricae
368 425 474 480 habent
492 425 568 480 illam
587 425 821 495 multiplicitatem
841 427 867 481 in
882 445 920 490 se,
945 429 1098 483 existentes
1118 429 1198 499 ipsae
1213 446 1341 483 numerus
1356 437 1525 486 numeratus.

237 503 272 571 b)
291 504 368 558 Ecce
391 504 566 559 manifestam
589 505 851 570 hallucinationem
874 514 936 561 octo
958 525 1012 561 non
1036 516 1080 562 est
1095 526 1160 578 pers
1175 509 1363 579 sexagenarii,
1388 513 1436 563 sed
1455 512 1526 565 hene

160 601 222 654 pars
244 588 289 637 est
310 585 418 639 numeri
442 584 513 648 120,
536 585 581 656 qui
603 592 647 638 est
669 586 710 639 bis
733 587 780 640 60.

723 953 856 1116 xCaput
882 1016 950 1091 XI.

483 1175 540 1237 De
557 1175 621 1238 aire
640 1195 820 1257 corporum,
839 1185 869 1239 et
887 1177 1008 1259 origine
1024 1151 1161 1240 zodiaci.
1178 1179 1205 1252 ⁸)

247 1316 387 1378 Infestos
411 1316 441 1378 in
463 1316 512 1377 his
540 1317 690 1397 capitibus
719 1317 836 1380 habebo
865 1317 1021 1398 physicos,
1054 1327 1232 1399 propterea,
1265 1319 1342 1399 quod
1372 1320 1526 1383 naturales

161 1405 350 1483 planetarum
372 1405 576 1486 proprietates
603 1426 640 1467 ex
664 1407 753 1468 rebus
777 1407 1025 1470 immaterialibus
1050 1416 1082 1469 et
1100 1408 1202 1487 liguris
1221 1408 1444 1471 mathematicis
1469 1409 1525 1471 de-

162 1493 237 1568 duxi,
263 1512 356 1573 porro
380 1514 452 1556 vero
476 1496 568 1557 etiam
593 1515 630 1556 ex
653 1496 734 1556 nuda
758 1495 973 1575 imaginatione
992 1497 1161 1558 sectionum
1184 1496 1369 1577 quarundam
1394 1497 1525 1577 origines

162 1582 338 1644 circulorum
362 1581 547 1663 investigare
571 1585 709 1646 audeam.
756 1584 813 1645 His
836 1585 940 1663 paucis
969 1603 1145 1665 responsum
1174 1586 1262 1646 volo:
1292 1586 1370 1664 quod
1394 1583 1525 1648 Creator

162 1671 260 1741 Deus,
291 1690 358 1732 cum
381 1691 466 1733 mens
490 1673 532 1735 sit
560 1681 591 1734 et
624 1692 700 1753 quae
731 1673 796 1734 vult
825 1674 937 1747 iaciat,
967 1693 1025 1734 nou
1049 1673 1261 1753 prohibeatur,
1292 1693 1349 1753 quo
1373 1674 1470 1736 minus
1495 1674 1524 1735 in

140 1759 304 1846 ¹aptandis
328 1760 443 1823 viribus
467 1769 499 1822 et
522 1761 718 1841 designandis
743 1761 864 1823 circulis
890 1762 928 1822 ad
957 1781 1005 1823 res
1029 1762 1078 1823 vel
1101 1762 1165 1823 eine
1188 1762 1317 1823 materia
1340 1762 1388 1823 vel
1411 1762 1523 1842 imagi-

163 1849 281 1910 natione
306 1858 484 1911 constantes
508 1851 661 1930 respiciat.
708 1849 750 1910 Et
774 1870 840 1912 cum
864 1850 936 1911 nihil
961 1850 1037 1912 velit
1059 1851 1123 1924 ille,
1154 1851 1210 1912 nisi
1240 1870 1356 1912 summa
1383 1871 1448 1913 cum
1470 1871 1523 1913 ra-

163 1938 257 2012 tione,
294 1937 426 2018 nihilque
449 1947 574 2018 praeter
597 1940 663 2017 ejus
693 1939 881 2001 voluntatem
908 1939 1062 2011 extiterit,
1095 1939 1199 2001 dicant
1226 1938 1318 2019 igitur
1347 1940 1522 2013 adversarii,

163 2045 310 2106 quaenam
335 2027 413 2088 aliae
437 2027 572 2089 rationes
596 2028 664 2089 Deo
687 2028 798 2090 fuerint
828 2029 1028 2107 aptandamm
1055 2027 1162 2090 virium
1191 2036 1269 2102 etc,
1304 2047 1370 2089 cum
1401 2036 1523 2108 praeter

164 2115 349 2195 quantitates
372 2115 446 2177 nihil
470 2118 576 2179 esset?
622 2114 712 2187 Quod
736 2117 776 2191 si,
802 2117 871 2178 dum
894 2116 967 2178 nihil
991 2116 1159 2190 inveniunt,
1185 2117 1223 2178 ad
1246 2115 1523 2200 imperscrutabiles

164 2202 346 2266 Conditricis
369 2204 547 2284 Sapientiae
571 2205 650 2267 vires
674 2205 868 2283 confugiant:
899 2205 1034 2268 habeant
1061 2205 1119 2267 sibi
1147 2224 1220 2266 sane
1250 2205 1327 2266 hanc
1355 2205 1524 2286 inquirendi
1568 2274 1570 2279 7

165 2293 416 2372 temperantiam,
449 2294 561 2374 illaque
587 2313 652 2356 cum
676 2293 801 2374 pietatis
825 2293 964 2374 opinione
995 2295 1150 2369 fruantur,
1186 2313 1241 2355 nos
1273 2313 1344 2354 vero
1371 2296 1528 2374 patiantur

166 2400 271 2443 musas
297 2401 336 2442 ex
360 2383 581 2461 quantitatibus
605 2383 785 2444 verisimiles
807 2383 948 2451 reddere,
980 2383 1138 2445 dummodo
1166 2382 1240 2444 nihil
1263 2383 1417 2462 indignum
1440 2389 1526 2444 tanto

167 2471 297 2532 dicamus
322 2469 447 2551 Opifice.
464 2470 493 2545 l‘)
542 2472 636 2535 Nulla
659 2471 751 2550 igitur
773 2472 892 2547 vinctus
916 2471 1059 2551 religione
1083 2490 1175 2552 pergo
1200 2473 1239 2533 ad
1262 2471 1527 2551 investigationem

167 2560 288 2621 zodiaci.

248 2650 298 2710 Ac
323 2647 410 2709 initio
436 2648 575 2711 existimo
599 2648 840 2708 verisimiliorem
859 2666 1015 2727 corporum
1039 2647 1129 2710 sitnm
1154 2648 1319 2728 excogitari
1343 2667 1400 2709 non
1424 2666 1525 2727 posse,

168 2757 249 2817 qnam
274 2757 342 2798 cum
367 2736 471 2804 cubus,
497 2738 630 2798 maxima
653 2738 824 2814 figurarum,
851 2737 1002 2798 inseratur
1022 2737 1086 2798 orbi
1106 2737 1380 2818 quomodocunque,
1405 2736 1525 2797 namin

168 2826 272 2887 circulo
289 2826 403 2886 nullum
419 2836 468 2888 est
482 2827 607 2888 initium.
638 2823 771 2904 Oportet
784 2834 886 2886 autem
909 2825 1055 2909 principia
1073 2826 1137 2887 sine
1158 2826 1272 2887 ratione
1288 2825 1482 2898 constituere,
1499 2827 1525 2898 ⁰)

169 2933 197 2975 ne
221 2914 357 2975 infinitus
382 2914 435 2975 liat
459 2912 671 2994 regressus&
700 2921 733 2975 ct
754 2922 789 2976 ut
812 2914 974 2994 aliquando
996 2914 1158 2976 transitum
1182 2915 1347 2976 habeamus
1363 2918 1390 2984 ⁸)
1415 2915 1452 2975 ab
1476 2914 1524 2974 in-

169 3003 246 3064 finita
270 3003 409 3083 potentia
433 3005 470 3064 ad
496 3005 609 3065 finitum
633 3012 744 3064 actum.
791 3001 862 3063 Jam
892 3003 984 3082 igitur
1014 3023 1075 3064 nna
1107 3003 1248 3065 facierum
1282 3008 1442 3062 censeatur
1470 3019 1524 3081 pro

171 3090 238 3154 basi.
289 3091 429 3172 Pyramia
452 3093 546 3174 igitur
568 3091 727 3153 inserenda
751 3091 827 3153 cubo
851 3092 1001 3153 mediante
1026 3090 1104 3176 orbex
1120 3091 1209 3154 Jovio
1234 3091 1323 3152 debet
1347 3089 1434 3152 basin
1458 3088 1525 3162 basi

171 3181 228 3242 cubi
252 3182 445 3258 napcllqlor
468 3192 572 3243 tenere
586 3179 627 3253 ὓς
658 3190 689 3241 et
718 3180 927 3241 dodecaedron
951 3180 1115 3261 pyramidis
1139 3181 1216 3242 basi.
1228 3180 1256 3253 ι)
1302 3179 1404 3241 Aliter
1427 3179 1527 3239 ierunt

171 3270 408 3331 secundariorum
432 3270 651 3350 proprietates,
682 3278 715 3330 ut
737 3269 876 3330 vidimus.
923 3269 1107 3348 Erigendum
1132 3269 1223 3350 igitur
1245 3268 1422 3330 icosaiidron
1447 3267 1528 3327 intra

172 3357 389 3431 dodecaedron,
422 3359 466 3420 ita
493 3369 528 3421 ut
552 3358 709 3438 diagonius
733 3357 813 3420 illius
841 3357 896 3418 liat
917 3357 1035 3438 utrique
1060 3359 1266 3440 oppositarum
1290 3357 1406 3419 basium
1430 3356 1525 3416 dode·-

173 3447 264 3509 cedri
287 3447 547 3529 perpendicularis
570 3449 600 3509 in
625 3447 745 3508 centris.
782 3446 897 3507 Eodem
912 3455 1002 3526 pacto
1017 3448 1259 3527 suspendendum
1282 3446 1341 3508 erit
1363 3445 1526 3507 octaedron

173 3535 285 3597 minima
308 3537 469 3615 figurarum
493 3538 573 3598 intra
595 3537 783 3607 icosaedron,
808 3535 853 3597 ita
875 3543 909 3597 ut
933 3543 1003 3596 acta
1029 3546 1114 3599 recta
1134 3537 1238 3598 veniet
1263 3535 1296 3609 1)
1319 3553 1373 3614 ρετ
1391 3541 1527 3595 centrum

173 3621 245 3686 basis
273 3625 429 3700 incubo,
463 3622 499 3699 2)
524 3644 578 3705 per
606 3632 740 3686 centrum
773 3623 856 3686 basis
890 3625 1106 3698 tetrabdricae,
1141 3623 1177 3698 3)
1200 3645 1255 3705 per
1278 3631 1413 3685 centrum
1437 3621 1525 3702 qnin-

174 3712 306 3793 quanguli
331 3712 558 3789 dodecaedrici,
583 3710 619 3787 4)
643 3732 697 3793 ρετ
720 3713 861 3793 angulum
885 3713 1051 3783 icosatdri‚
1078 3714 1113 3788 5)
1137 3734 1192 3794 per
1215 3714 1355 3793 angulum
1380 3707 1525 3784 octaedri,

174 3796 200 3872 6)
222 3822 276 3882 ρετ
301 3811 436 3864 centrum
461 3804 561 3864 mnndi
591 3809 622 3863 et
644 3820 752 3881 corpus
776 3800 898 3875 Solam,
930 3812 962 3864 et
988 3820 1078 3881 porro
1102 3802 1250 3864 similibus
1274 3799 1448 3863 interstitiis
1473 3816 1527 3876 per

174 3892 320 3971 oppositos
352 3889 387 3964 7)
411 3892 560 3965 octaedri,
587 3888 623 3966 8)
648 3889 796 3952 icosaedri
821 3892 956 3969 angulos,
983 3890 1019 3964 ll)
1039 3891 1247 3953 dodecaedrici
1271 3889 1354 3969 plani
1379 3896 1525 3959 centrum.

177 3977 222 4053 10)
246 3980 395 4042 ῐειτεὲᾰτί
424 3982 585 4061 angulum,
624 3978 676 4053 li)
704 3979 802 4040 cubici
829 3980 912 4059 plani
941 3988 1085 4043 centrum.
1101 3979 1130 4054 h)
1177 3978 1300 4058 Majoris
1330 3976 1404 4038 lucis
1433 3995 1527 4039 causa

174 4069 265 4150 relego
290 4078 321 4131 te
345 4070 384 4133 ad
414 4070 573 4142 tabellam,
607 4069 656 4131 uhi
682 4068 782 4130 omnia
805 4087 931 4150 corpora
960 4070 999 4131 ad
1027 4070 1104 4131 hunc
1136 4068 1253 4130 modum
1278 4084 1422 4146 expressa
1446 4072 1525 4128 sunt.

174 4154 281 4227 Quibus
305 4159 352 4220 ita
374 4159 548 4221 constitutis
573 4176 630 4219 non
655 4165 771 4219 tantum
794 4177 945 4237 apparens
968 4157 998 4218 iu
1025 4157 1168 4219 octaedro
1193 4155 1387 4237 quadratum,
1410 4172 1526 4234 aequa-

174 4244 233 4309 liter
255 4267 275 4308 ε
299 4247 389 4308 dictis
414 4247 529 4310 duobus
560 4246 678 4325 angulis
709 4256 876 4318 remotum,
911 4247 935 4310 si
966 4248 1147 4327 producatur
1177 4244 1387 4319 circumcirca,
1423 4262 1526 4305 ornnes

172 4334 274 4413 tguras
298 4345 392 4417 atque
417 4336 493 4398 adeo
517 4343 613 4397 totum
637 4335 776 4396 mundum
801 4335 830 4396 in
855 4335 925 4397 hina
948 4336 1064 4397 dividet
1086 4335 1239 4415 aequalia,
1264 4334 1318 4395 sed
1342 4334 1434 4395 etiam
1457 4351 1525 4393 om-

173 4422 243 4486 nium
277 4425 424 4498 laterum,
463 4444 539 4504 quae
573 4424 640 4503 quis
672 4423 751 4485 inter
783 4425 880 4485 dictos
913 4425 1039 4505 angulos
1073 4431 1104 4485 et
1136 4433 1240 4486 centra
1271 4422 1372 4484 media
1402 4439 1525 4483 censere

173 4513 315 4591 potest;¹)
339 4531 442 4575 eorum
465 4513 585 4593 inquam
610 4513 739 4573 omnium
763 4512 788 4573 si
813 4513 992 4592 regulariter
1014 4523 1165 4593 ponantur
1188 4512 1338 4574 sectiones
1353 4517 1484 4582 mutuae,
1495 4506 1525 4583 ¹¹)

174 4616 242 4680 quae
265 4601 462 4684 prospicienti
488 4622 524 4664 ex
548 4609 652 4663 centro
676 4611 832 4680 apparent,
857 4612 1018 4664 versantur
1032 4602 1061 4663 iu
1076 4601 1181 4662 eodem
1197 4599 1338 4681 quadrati
1361 4596 1527 4660 octaedrici

174 4691 342 4754 continuato
365 4691 468 4770 plano.
508 4689 600 4771 ldqne
624 4689 782 4772 praecipue
807 4691 836 4752 in
860 4691 1033 4754 multifaciis
1056 4697 1091 4752 nt
1113 4689 1250 4769 cognatis
1272 4693 1408 4768 apparet.
1445 4685 1525 4748 Nam
