3366 5482
593 243 894 311 numerose
1359 241 1425 309 ses

60 400 157 535 mbo
166 401 236 461 eliud
259 403 286 461 iu
307 400 337 453 Χ.
367 414 416 458 uon
434 407 526 459 utum
543 414 604 459 sue.
634 401 679 451 ssd
697 399 745 458 Dei
763 400 892 455 voluntete
915 399 950 455 uu
976 401 1098 459 verimi
1112 416 1200 459 'rerum
1215 401 1425 467 medemur

62 481 208 594 mnne
225 544 264 592 its
281 556 351 598 erse.
379 543 501 605 scripturn
519 548 637 596 testetur,
666 556 744 605 quse,
772 544 798 590 in
817 545 890 607 signe
913 556 1071 595 noroenses
1094 551 1198 617 egentes
1218 545 1424 599 luminariorum

61 615 142 665 mellis
159 617 243 678 posits
261 627 331 672 esse,
359 613 425 662 clere
444 614 532 661 innuit.
571 611 654 671 Quare
673 614 744 661 nimis
764 627 873 662 cressum
893 620 931 662 est
949 620 975 662 et
993 614 1107 671 cemele,
1128 616 1211 662 omnin
1229 613 1276 664 Dei
1296 630 1371 678 opere
1390 615 1423 665 ud

64 699 157 738 erun
175 685 291 748 plurem
310 690 355 737 tut
372 683 539 746 philosophiae
558 691 678 733 staterem
696 685 787 737 referre
806 684 877 733 relle.
917 683 1035 743 Vidimus,
1056 699 1130 748 quum
1149 685 1276 735 inrelidne
1291 687 1341 735 sint
1358 686 1419 748 phy·

63 759 173 819 mrum
191 763 238 807 sut
253 754 452 821 philosophorum
468 756 578 805 retioms
597 755 627 805 de
645 754 730 805 multis
748 754 796 803 Dei
816 756 942 818 operibus,
963 764 989 805 et
1006 758 1135 815 memoris.
1160 764 1188 809 ut
1207 757 1322 812 fulmine.
1341 747 1422 812 sentit

63 835 92 893 et
109 828 174 889 aliis,
211 826 250 879 Ex
267 827 343 876 unice
360 825 450 874 rocula
469 827 510 883 ,in
529 825 621 890 signis“
648 826 727 874 mults
746 832 893 890 argumente
911 827 1020 890 depromi
1038 835 1158 890 possunt,
1186 841 1250 891 quae
1270 842 1299 877 ex
1318 827 1422 899 philosp-

62 898 145 963 phicis
163 898 263 948 moenis
282 897 344 946 setis
362 895 513 945 sufficienter
530 897 588 945 solvi
608 902 740 960 nequeunt.

154 969 360 1049 Keplerus:
399 966 482 1046 Ego,
516 975 622 1028 contra
654 987 743 1046 quam
771 967 919 1047 opineris,
954 987 1008 1029 nec
1031 968 1160 1048 primas,
1197 988 1252 1028 nec
1276 968 1424 1031 secundos

63 1057 131 1120 Soli
156 1056 254 1118 tribuo
277 1057 307 1117 iu
332 1056 442 1117 virtute
467 1055 562 1127 vitali,
588 1057 640 1115 sed
666 1057 742 1130 dico,
768 1066 831 1117 toto
856 1075 965 1134 genere
982 1056 1095 1119 distare
1111 1056 1327 1118 stimulatrices
1347 1076 1421 1119 cau-

65 1166 119 1208 ses
143 1147 293 1208 coelestes
318 1166 336 1205 s
358 1144 547 1224 praesidibus
572 1145 670 1205 causis
696 1144 916 1216 sublunaribus,
942 1145 1035 1206 uitam
1055 1145 1279 1206 continentibus
1304 1156 1336 1206 et
1354 1146 1423 1207 illos

66 1235 210 1297 stimulos
245 1233 467 1312 recipientibus.
520 1231 610 1294 Aliae
644 1233 744 1313 itaque
779 1235 862 1312 leges
895 1241 965 1294 sunt
998 1234 1074 1294 alius
1107 1253 1263 1294 causarum
1296 1233 1424 1313 generis.

67 1323 134 1399 Sol,
159 1331 309 1404 quatenus
333 1321 470 1382 stimulat
495 1322 570 1382 lianc
596 1321 663 1394 viru,
689 1341 762 1382 seue
786 1343 823 1382 ex
848 1323 906 1382 situ
931 1323 1031 1382 variat
1054 1321 1310 1396 stimulationem
1345 1342 1423 1403 qua·

64 1422 155 1483 tenus
180 1411 304 1472 calfacit
327 1420 450 1470 externe
474 1411 610 1488 objecta,
646 1411 753 1471 iterum
779 1411 859 1472 uarie
885 1412 1022 1472 stimulat
1050 1429 1103 1489 pro
1127 1412 1210 1472 vario
1235 1409 1312 1483 situ,
1345 1430 1423 1492 que-

63 1512 154 1573 tsuus
182 1519 255 1562 vero
282 1519 335 1559 eeu
365 1499 594 1560 instrumentum
626 1507 674 1559 est
705 1500 834 1559 tuendae
862 1500 943 1560 vitae
976 1499 1004 1560 in
1040 1499 1244 1571 naturalibus,
1278 1518 1336 1561 non
1368 1518 1426 1580 pro

64 1591 136 1664 situ,
162 1591 217 1651 sed
241 1588 408 1669 aequaliter
431 1587 486 1647 hoc
511 1587 600 1660 iacit,
635 1587 702 1666 quia
726 1588 778 1648 illa
802 1589 921 1649 occulta
944 1587 1025 1648 vitae
1050 1588 1238 1649 conservatio
1264 1588 1423 1667 distingui·

64 1688 116 1741 tur
145 1677 268 1749 aluce,
301 1695 354 1737 nec
388 1684 421 1737 ut
444 1677 493 1736 lux
517 1676 619 1753 opacis
644 1676 803 1756 impeditur
833 1687 886 1737 eut
909 1677 1125 1758 repercutitur,
1159 1684 1212 1737 sut
1234 1671 1317 1755 leges
1342 1675 1424 1757 opti-

65 1787 124 1829 cas
144 1766 236 1827 subit.
283 1765 328 1826 Tu
352 1783 422 1826 uero
447 1764 592 1825 relaberis
626 1765 662 1825 ed
687 1776 769 1827 tuum
800 1765 969 1844 ingenium
1006 1775 1165 1845 postquam
1199 1766 1343 1844 dognrata
1375 1765 1423 1826 iu·

64 1853 230 1918 troduxisti
255 1873 293 1914 es
316 1862 368 1915 tuo
393 1853 531 1937 cerebro,
559 1853 623 1931 jam
644 1853 733 1931 jubes
757 1853 817 1914 ista
841 1854 937 1915 Deum
960 1863 1010 1914 tuo
1036 1855 1101 1915 loco
1126 1855 1300 1927 defendere,
1330 1873 1424 1933 neges

64 1963 120 2026 pro
154 1942 241 2004 falsis
272 1941 374 2003 heberi
406 1961 513 2020 posse,
550 1961 614 2002 cum
648 1942 775 2025 riiseris,
812 1962 849 2002 ex
882 1942 983 2003 diviua
1015 1942 1159 2004 relatione
1194 1961 1270 2003 esse.
1323 1937 1441 2003 Probo
1486 1967 1488 1971 ’

66 2051 157 2101 sero,
189 2050 228 2092 ex
252 2031 353 2091 divina
376 2030 522 2091 relatione
547 2049 633 2101 esse,
663 2040 694 2090 et
716 2049 770 2109 pro
800 2031 886 2092 salsis
911 2049 967 2091 non
997 2027 1123 2093 habebo.
1171 2032 1254 2092 'suae
1277 2049 1349 2091 vero
1373 2049 1424 2092 re·

65 2120 190 2184 huonis
214 2119 334 2182 divinae
359 2138 475 2180 summe
504 2120 577 2179 haec
607 2128 672 2179 est:
712 2128 745 2180 ut
774 2120 850 2198 lapis
878 2119 1064 2181 ordinatione
1092 2131 1124 2182 et
1150 2120 1343 2198 usurpatione
1366 2119 1424 2180 ho·

63 2209 176 2272 minum
203 2227 242 2270 ex
271 2208 364 2269 limite
396 2208 428 2268 tt
458 2207 717 2286 impedimentum,
756 2209 798 2268 sic
828 2207 882 2269 Sol
914 2228 952 2268 ex
984 2209 1065 2277 vitae
1099 2209 1205 2281 datore
1238 2208 1424 2273 ordinatione

66 2297 168 2377 diripe
201 2298 236 2360 tt
267 2302 447 2371 θανασιμος.
499 2296 759 2358 Absurdissimum
769 2317 777 2370 ;
815 2317 903 2376 nego.
955 2298 1070 2361 Prohes
1103 2317 1197 2377 neque
1230 2317 1268 2365 ex
1299 2305 1424 2365 natusne

65 2386 240 2474 dantem,
281 2404 376 2465 neque
415 2405 451 2446 es
487 2385 544 2449 Dei
583 2386 726 2447 bonitate.
783 2387 956 2448 Absurdum
995 2386 1104 2460 etiam,
1148 2387 1173 2449 si
1212 2405 1330 2464 semper
1367 2385 1424 2451 hoc

66 2476 115 2553 sit,
138 2475 280 2537 naturale
304 2493 361 2534 uon
387 2493 474 2546 esse;
512 2475 624 2537 nullum
648 2474 812 2536 violentum
835 2484 1023 2557 perpetuum,
1056 2483 1090 2543 ut
1113 2475 1209 2553 jocor.
1257 2474 1290 2535 Si
1313 2492 1421 2555 perpe-

68 2573 165 2641 tuum,
200 2582 260 2625 nou
293 2581 330 2624 ex
363 2563 447 2637 Deo,
484 2572 589 2624 contra
621 2574 760 2625 naturam
793 2575 920 2644 egente,
959 2565 1011 2625 sed
1046 2566 1255 2644 implantatum
1286 2572 1422 2641 naturae,

65 2655 118 2716 sed
150 2671 224 2732 pers
256 2652 309 2713 flet
341 2661 476 2711 naturae.
523 2651 652 2712 Videtur
682 2652 758 2713 hane
793 2672 879 2715 susm
907 2653 1093 2715 voluntatem
1121 2654 1218 2725 Deus,
1254 2652 1309 2717 boc
1338 2669 1424 2719 suum

65 2742 226 2815 erhitriurp
245 2739 399 2810 intellectu
422 2738 553 2801 Fabricii
576 2741 758 2820 restringere
783 2742 903 2805 debere.
951 2741 1018 2804 uisi
1043 2743 1149 2815 iaciat,
1179 2740 1295 2809 nesciet
1313 2739 1422 2809 Fabri-

65 2831 144 2907 σὴρ,
179 2830 298 2910 qnendo
331 2829 481 2889 ordinarie
514 2829 583 2908 quid
617 2829 700 2890 Deus
734 2842 823 2908 egat,
862 2831 979 2909 quando
1012 2849 1128 2896 rursum
1161 2838 1248 2889 extre
1280 2830 1425 2895 ordinem.

67 2918 120 2991 Sin
149 2929 250 2980 entem
285 2917 354 2979 sciri
381 2926 484 2996 potest
512 2926 544 2977 et
572 2918 812 2979 conformitatem
843 2920 992 3000 quandam
1016 2919 1151 2992 obtinet,
1181 2917 1246 2995 jorn
1271 2919 1353 2978 iacta
1378 2924 1426 2977 est
1503 2924 1512 2933 ’

65 3026 141 3089 pers
164 3016 290 3077 naturae
314 3006 501 3087 accipietque
537 3007 641 3067 modos
676 3007 714 3073 ad
745 3006 832 3069 finem
864 3007 1018 3071 ducentes.
1065 3008 1110 3067 Tu
1135 3025 1172 3068 ex
1196 3024 1269 3067 voce
1293 3007 1425 3085 scriptu-

66 3116 119 3167 ιω
146 3095 303 3176 ,siguum
329 3094 477 3175 quidlibet
499 3095 640 3163 fabricas.

136 3220 324 3270 Fabricius:
356 3219 477 3268 Pisuetae
497 3234 546 3269 non
562 3223 635 3281 juxte
659 3219 815 3268 latitudinem
839 3219 883 3268 sed
898 3220 971 3281 juxts
989 3218 1124 3285 simplicem
1142 3218 1302 3287 longitudinis
1321 3219 1425 3284 madum

66 3292 107 3343 diri
127 3293 134 3305 “
154 3291 255 3342 dehent
293 3291 365 3340 Sicut
383 3292 449 3341 enim
466 3290 585 3353 planetae
599 3291 672 3339 'motu
696 3305 740 3339 suo
760 3289 823 3339 Solis
849 3290 952 3341 orbitam
971 3290 1106 3354 respiciunt
1138 3288 1198 3352 (K.:
1227 3292 1260 3339 At
1278 3304 1328 3342 nou
1346 3291 1424 3353 respi-

152 3369 200 3414 rut
217 3368 307 3412 curum
325 3363 390 3411 rium
405 3351 490 3410 motus
509 3360 585 3417 Solis,
611 3376 687 3425 quere
711 3376 791 3425 neque
815 3361 932 3412 effectum
956 3354 1116 3421 viae).⁴cur
1134 3377 1182 3410 nou
1203 3361 1283 3410 etism
1298 3362 1425 3409 virtutihus

67 3436 117 3485 nis·
132 3435 167 3485 sd
185 3435 253 3483 ἴω
268 3433 374 3483 semeles
393 3431 469 3490 Solis,
488 3447 553 3496 quse
577 3434 602 3480 in
622 3434 738 3496 ecliptica
762 3447 779 3482 e
796 3440 864 3483 metu
883 3433 948 3483 Solis
965 3432 1081 3498 figuntur,
1101 3427 1271 3498 respicerenti
1307 3432 1344 3481 ut
1362 3431 1428 3481 Sol'u

67 3513 146 3569 m
163 3520 249 3567 serape
267 3506 413 3569 principium
433 3511 486 3560 est,
514 3507 551 3553 itu
571 3506 684 3553 uirtutum
703 3505 799 3553 illomm
818 3506 886 3568 qussi
906 3503 1059 3562 uehiculum,
1087 3505 1163 3568 idque
1179 3505 1204 3555 iu
1223 3505 1265 3554 vie
1282 3517 1328 3553 stre
1345 3504 1423 3567 regie.

115 3589 123 3625 ε
150 3576 385 3629 conclusionum
411 3585 449 3624 est
472 3573 660 3638 presumserit.)
698 3575 857 3638 Experientis
882 3576 907 3623 in
927 3575 1101 3632 directionibus
1119 3575 1251 3638 respondet
1269 3573 1424 3638 longitudini.
1527 3597 1529 3601 Α

68 3649 74 3660 ’
146 3646 284 3699 ostendunt
301 3648 467 3709 profectiones
485 3646 616 3708 simplices.
656 3645 728 3696 Certe
747 3648 768 3694 si
786 3648 822 3695 ris
840 3646 957 3711 planetae
984 3647 1009 3696 in
1035 3646 1113 3710 produ
1137 3646 1273 3695 latitudinis
1301 3646 1424 3700 cooriente

69 3718 189 3778 nklvret,
209 3726 271 3771 tuuc
289 3718 364 3766 etism
383 3717 548 3780 profectiones
567 3717 712 3779 aphetsmm
732 3717 764 3767 sd
783 3717 835 3773 bos,
855 3733 904 3767 uon
922 3732 979 3766 vero
997 3717 1030 3766 sd
1049 3724 1143 3766 certum
1162 3718 1242 3767 locum
1261 3716 1378 3780 planetae
1396 3715 1422 3762 in

70 3790 169 3841 adher
187 3795 357 3855 operarentur.
395 3788 444 3837 Sed
463 3788 510 3838 hoc
529 3804 578 3837 nou
598 3790 626 3836 lit
646 3816 677 3824 -
698 3804 757 3853 ergo
777 3824 783 3836 .
804 3824 810 3836 .
832 3823 838 3837 .

150 3860 360 3940 Keplerus:
400 3861 545 3924 Pisuetae
571 3861 743 3939 dirigendus
767 3860 831 3921 siue
856 3870 995 3939 respectu
1014 3858 1188 3933 ¹latitudinis
1208 3858 1329 3938 prohns,
1355 3857 1425 3938 quie

72 3946 144 4016 Solio
168 3950 299 4015 orbiten
328 3949 357 4013 iu
389 3958 471 4013 motu
499 3969 553 4009 suo
581 3949 755 4028 respiciunt.
803 3949 908 4013 Prima,
932 3968 1003 4027 pers
1030 3947 1231 4010 conclusionis
1261 3955 1309 4009 est
1339 3965 1422 4011 uera.

73 4034 131 4118 ifle
153 4039 242 4112 euim,
270 4059 335 4100 cum
351 4037 453 4100 Solem
477 4057 531 4116 per·
554 4038 749 4101 ascensiones
773 4039 911 4117 obliquas
935 4037 974 4099 sd
989 4036 1186 4115 promissores
1211 4057 1269 4098 nnn
1284 4035 1428 4114 dirigunt,

76 4143 160 4208 loquo
186 4127 379 4191 latitudinem
396 4126 491 4187 habeo
516 4146 594 4206 opus
617 4126 858 4189 considerarem
883 4134 1016 4203 tempore
1041 4126 1262 4189 constituendo.
1311 4123 1423 4187 Consi·

77 4212 134 4294 lero
156 4226 261 4280 temen
285 4214 491 4289 latitudinem,
517 4222 550 4275 ut
569 4215 755 4294 intelligam,
790 4235 826 4275 au
862 4213 986 4278 elumbis
1019 4213 1061 4275 sit
1093 4213 1219 4277 directio
1252 4233 1291 4278 eu
1325 4212 1423 4279 fortis.

78 4298 184 4370 ltisde
211 4305 251 4367 ed
275 4304 492 4385 promissorum
518 4312 661 4384 aspectus
695 4303 827 4383 dirigens
861 4322 986 4365 necesse
1013 4302 1109 4365 habeo
1134 4302 1328 4364 considerare
1349 4301 1422 4362 lsti-

80 4391 225 4463 sunem.
252 4393 331 4456 Nam
356 4393 409 4455 Sol
433 4393 472 4453 sd
498 4393 609 4455 arcturi
634 4393 775 4455 sextilem
800 4393 883 4454 venit
904 4410 962 4452 uon
987 4390 1017 4451 iu
1047 4390 1165 4466 wit,
1191 4391 1245 4452 sed
1269 4391 1349 4453 cirea
1372 4407 1425 4451 cor

579 4503 593 4543 s
891 4502 897 4518 '
943 4527 950 4543 ο
1406 4512 1422 4526 ιι

82 4477 117 4630 it
135 4501 212 4635 iti·
231 4482 353 4634 tiit
378 4490 527 4652 tilii:
551 4490 729 4644 titii
743 4479 1280 4647 ‘’ittiti”¹.¹..dtt¹¹ttlii
1302 4485 1421 4635 {idi

15 4672 19 4679 ’
83 4652 162 4736 llum
185 4672 273 4725 ortus
295 4661 376 4724 enim
400 4660 446 4733 vie
471 4659 605 4723 funditur
628 4679 681 4739 per
703 4658 850 4722 circulum
871 4657 1046 4731 horizontis,
1070 4655 1160 4720 medii
1184 4656 1261 4727 coeli
1283 4674 1337 4734 per
1355 4672 1421 4716 me-

83 4741 218 4828 l'ffium,
242 4749 328 4814 Solis
351 4757 384 4812 et
396 4751 511 4812 Lunae
528 4748 636 4812 iridem
659 4748 976 4823 innotueramus,
1000 4766 1090 4829 quem
1113 4747 1179 4812 luta
1197 4753 1268 4811 siut
1284 4761 1431 4827 corpere..
