3366 5482
158 237 224 309 ass
336 237 347 244 ·
670 218 1003 305 enodamus-aue

159 409 301 476 motuum,
326 418 415 480 quam
439 397 496 462 sibi
520 399 578 480 ipsi
602 419 678 462 unns
702 400 826 481 quisque
845 398 1039 479 peculiariter
1057 397 1277 461 constituisset.
1313 397 1422 478 ltaque
1444 412 1522 476 opu

159 510 227 553 esse
251 488 419 552 attentione
443 495 475 550 et
497 489 646 551 industria
669 489 832 569 singulari,
864 488 1032 568 atquibus
1056 495 1110 549 aut
1137 486 1210 548 nihil
1239 494 1293 548 aut
1323 503 1431 565 pamm
1462 484 1520 547 ade

158 579 277 641 modurn
300 577 400 656 opinio
424 577 628 639 observatoris
653 577 821 640 addidisset
849 578 1085 649 detraxissetve,
1117 595 1171 637 eae
1201 596 1219 637 a
1242 575 1392 655 corruptis
1416 588 1521 636 mosr-

160 675 310 730 nerentur.
349 665 521 729 Secundam
545 686 667 729 causam
688 686 755 727 esse
780 667 901 728 dicebat
924 665 1056 726 sidemm
1079 664 1275 729 inerrantium
1299 663 1366 725 loca
1390 683 1410 724 a
1430 670 1522 724 veto·

158 757 241 819 ribus
265 774 323 817 nou
346 755 473 817 ulterius
498 775 587 835 quarn
611 757 648 817 ad
673 763 830 817 sextantes
853 755 983 836 partium
1007 753 1175 835 exquisita,
1204 761 1237 816 et
1259 752 1423 815 secundum
1446 751 1522 814 haec

159 855 260 909 tamen
283 842 443 925 praecipue
459 845 622 906 errantium
636 845 753 925 positus
769 845 835 924 capi
855 853 1012 924 oportere;
1035 862 1133 924 pauca
1156 842 1336 922 excipiebat,
1360 841 1390 903 in
1414 840 1523 923 quibus

160 934 321 997 declinatio
346 933 455 995 sideris
479 933 518 994 ab
537 934 748 1014 aequinoctiali
763 940 910 995 annotata
928 953 990 995 rern
1011 933 1178 1012 adjuvaret,
1202 932 1281 1013 quod
1300 931 1337 993 de
1356 930 1415 992 hac
1437 929 1523 993 locus

160 1024 227 1105 ipse
252 1023 360 1085 sideris
384 1022 496 1083 certius
520 1023 662 1085 constitui
681 1023 747 1102 jam
771 1031 885 1105 posset.
923 1022 1057 1083 Tertiam
1082 1041 1205 1083 causam
1223 1021 1301 1082 hanc
1316 1018 1521 1082 memorabat:

159 1113 228 1176 Non
253 1110 364 1172 habere
389 1130 443 1171 nos
463 1111 545 1178 ‚tales
570 1119 720 1185 auctores,
745 1112 849 1191 quales
864 1111 1056 1173 Ptolemaeus
1071 1110 1230 1172 habuisset
1247 1116 1319 1190 post
1333 1106 1523 1189 Babylonios

160 1209 192 1262 et
215 1199 405 1274 Chaldaeos,
434 1199 489 1260 illa
511 1201 623 1262 lumina
646 1201 740 1275 artis,
769 1200 992 1280 Hipparchum,
1027 1199 1254 1274 Timocharem,
1287 1198 1461 1259 Menelaum
1489 1202 1524 1259 et

160 1297 287 1363 ceteros,
313 1306 436 1367 quornm
460 1298 493 1349 et
516 1308 569 1350 uos
594 1288 856 1351 observationibus
881 1309 916 1350 ac
939 1289 1111 1368 praeceptis
1135 1289 1190 1349 niti
1214 1308 1250 1349 ac
1274 1287 1423 1349 oontidere
1446 1302 1523 1364 pos·

160 1379 264 1440 simus.
316 1376 358 1440 Se
391 1377 508 1456 quidem
537 1378 626 1439 malle
660 1379 688 1439 in
722 1378 759 1439 iis
792 1379 1001 1458 acquiescere,
1038 1396 1161 1459 quorum
1193 1377 1355 1438 veritatem
1386 1372 1524 1455 profiten'

159 1476 277 1547 posset,
301 1485 389 1546 quam
412 1466 442 1527 in
466 1467 672 1546 ambiguorum
696 1467 787 1529 dubia
810 1467 979 1529 subtilitate
1001 1475 1155 1528 ostentare
1179 1466 1291 1546 ingenii
1315 1464 1522 1526 sennonteus

160 1555 250 1618 Haud
274 1555 393 1636 quidem
418 1555 535 1636 lougius
559 1563 655 1630 certe,
684 1557 734 1617 vel
759 1556 851 1618 etiam
873 1556 995 1637 propius
1020 1555 1138 1617 omnino
1163 1555 1320 1616 abluturas
1345 1572 1417 1614 suas
1441 1550 1523 1614 india

161 1645 298 1708 cationes
322 1652 462 1705 sextante
484 1653 536 1706 ant
557 1646 724 1726 quadrante
748 1646 844 1725 partis
868 1646 955 1707 unius
979 1665 998 1705 a
1021 1663 1113 1717 vero;
1137 1640 1221 1722 cujus
1245 1644 1381 1704 delectus
1405 1649 1525 1713 tantum

163 1733 270 1795 abesse
295 1741 328 1795 ut
351 1752 384 1794 se
407 1733 580 1812 poeniteat,
608 1743 643 1795 ut
669 1753 849 1814 magnopere
879 1735 1028 1808 laetetur,
1062 1735 1119 1795 hnc
1142 1751 1236 1812 usque
1260 1732 1350 1811 longo
1374 1739 1524 1810 tempore,

160 1822 275 1903 ingenti
299 1822 425 1892 labore,
449 1823 581 1884 maxima
604 1824 810 1898 contentione,
836 1823 936 1885 studio
961 1831 992 1884 et
1015 1821 1164 1884 industria
1186 1820 1331 1900 singulari
1359 1821 1526 1901 procedere

159 1911 307 1993 potuisse.
345 1910 525 1972 Mercurium
551 1911 677 1991 quidem,
705 1913 791 1992 quasi
815 1913 979 1973 secundum
1002 1910 1192 1992 proverbium
1208 1908 1405 1978 Graecorum,
1429 1910 1526 1973 reliu-

161 1999 273 2082 quebat
291 2001 321 2061 in
337 1997 435 2060 medio
451 2019 652 2073 communem
677 2001 756 2081 quod
775 2001 812 2061 de
836 2001 887 2061 illo
911 2019 1008 2079 neque
1034 2019 1087 2062 sno
1112 1998 1213 2061 studio
1237 1999 1432 2061 observatum
1457 2018 1526 2063 esse

160 2090 283 2164 diceret,
300 2106 404 2167 ,neque
429 2088 467 2148 ab
491 2089 559 2150 aliis
584 2108 616 2149 se
640 2090 805 2168 accepisse,
831 2108 888 2168 quo
911 2107 1093 2168 magnopere
1114 2089 1250 2168 adjuvari
1274 2096 1328 2149 aut
1352 2088 1430 2169 quod
1456 2106 1526 2151 om·

161 2177 230 2238 nino
253 2176 381 2256 probare
405 2186 520 2255 posset.
560 2178 609 2238 hle
634 2177 754 2256 quidem
777 2177 873 2239 multa
892 2198 1026 2254 monens,
1051 2178 1225 2256 subjiciens,
1250 2177 1451 2257 praecipiens,
1476 2177 1526 2240 in·

160 2265 264 2345 primis
288 2263 477 2340 hortabatur,
502 2273 536 2326 ut
559 2266 715 2327 stellarum
739 2266 932 2329 inerrantium
952 2267 1156 2328 observationi
1176 2284 1298 2344 operam
1314 2268 1429 2340 darem,
1452 2266 1526 2329 illa·

161 2373 225 2416 rum
247 2353 452 2433 potissimum,
477 2355 605 2434 quaein
632 2355 775 2434 signifero
800 2364 963 2435 apparent,
995 2356 1073 2436 quod
1098 2375 1164 2417 curn
1189 2355 1236 2416 his
1260 2355 1426 2417 errantium
1450 2374 1526 2418 con·

161 2463 284 2521 gressus
309 2443 407 2504 notari
434 2440 576 2522 possent,
608 2445 689 2505 etc.“
736 2445 892 2507 Hactenus
921 2464 958 2507 ex
988 2444 1118 2525 epistola
1141 2442 1263 2506 Rhetici
1291 2463 1345 2519 ea,
1380 2464 1458 2526 quae
1487 2442 1526 2507 ad

161 2550 224 2594 rem
247 2530 340 2595 fuere.
388 2528 467 2604 Quid
491 2540 524 2593 tu
543 2534 629 2612 jam,
662 2532 757 2594 amice
787 2529 899 2616 lector,
933 2534 969 2594 de
995 2531 1162 2613 Copernico
1192 2533 1309 2594 sentis?
1347 2532 1382 2595 si
1407 2534 1445 2595 de
1468 2533 1526 2597 hoc

162 2621 282 2699 negotio
307 2619 415 2682 luisset
437 2622 569 2684 monitus
592 2629 684 2703 atque
710 2622 973 2703 deprehendisset,
1000 2642 1089 2703 quam
1111 2641 1205 2703 prope
1230 2621 1312 2685 absit
1334 2624 1373 2685 ab
1398 2641 1434 2683 eo
1458 2640 1527 2685 cnm

163 2708 226 2770 suis
250 2709 426 2783 rationibus,
453 2710 523 2790 quid
546 2718 636 2791 putas
659 2730 716 2772 nou
742 2720 914 2773 tentaturus
939 2712 1061 2786 fuisset,
1088 2730 1174 2792 quem
1198 2711 1333 2773 laborem
1356 2731 1414 2773 non
1441 2730 1526 2773 sum·

162 2797 264 2871 sisset,
289 2807 323 2859 nt
347 2816 473 2877 corpora
496 2818 563 2859 curn
587 2800 649 2861 suis
674 2800 796 2862 orbibus
820 2800 1019 2863 conciliaret?
1060 2800 1162 2880 Atque
1185 2800 1243 2861 hoc
1267 2801 1293 2861 si
1317 2801 1450 2875 daretu'r,
1476 2801 1526 2883 qui

162 2905 343 2959 cousensus,
373 2905 448 2966 quae
477 2888 624 2967 perfectio
648 2908 705 2949 nou
730 2890 880 2969 speranda
903 2890 1010 2951 esset?
1057 2887 1126 2960 Qua
1148 2888 1179 2949 iu
1202 2908 1234 2950 re
1259 2888 1330 2969 quid
1358 2889 1425 2965 alii,
1455 2889 1526 2970 quid

162 2975 227 3057 ipse
250 2974 431 3062 Maestlinus
459 2977 635 3057 aliquando,
669 2978 790 3039 favente
814 2980 895 3047 Deo,
925 2978 1127 3057 praestitume
1157 2978 1212 3053 sit,
1243 2984 1362 3058 tempus
1394 2977 1524 3041 docebit

162 3065 285 3127 Interea
308 3064 410 3131 nolim,
436 3065 502 3145 quis
525 3073 637 3128 temere
662 3075 768 3128 contra
787 3086 833 3128 me
848 3068 1035 3145 pronunciet,
1061 3075 1091 3127 et
1116 3085 1211 3147 aequo
1236 3066 1336 3128 animo
1361 3066 1439 3128 hano
1462 3067 1525 3131 litis

164 3152 340 3216 dilationem
364 3152 452 3216 ierat.

513 3339 556 3402 IN
582 3338 723 3404 CAPUT
745 3287 943 3404 DECIMUM
968 3339 1179 3405 OCTAVUM
1214 3329 1219 3342 ’

687 3464 801 3517 noran
819 3465 998 3518 ancuoms.

243 3567 274 3641 a)
295 3570 356 3626 Etsi
377 3587 473 3625 remur
492 3578 544 3634 est,
567 3572 728 3628 Prutenicas
749 3590 874 3644 peccare,
896 3592 956 3629 cum
978 3573 1062 3637 alias,
1085 3582 1143 3628 tum
1164 3575 1249 3628 etiam
1270 3575 1297 3628 in
1318 3574 1525 3644 prosthaphae·

163 3652 269 3708 renibus
291 3650 365 3705 orbis
387 3652 485 3715 annui,
511 3651 656 3720 potissima
675 3661 768 3709 tamen
789 3671 875 3708 causa
900 3673 954 3708 non
975 3656 1058 3724 hujus
1080 3661 1189 3708 tautum
1209 3654 1258 3717 rei,
1283 3655 1355 3723 quod
1375 3654 1526 3710 intervalla

164 3733 269 3788 orbium
289 3749 343 3786 non
364 3740 465 3786 exacte
486 3733 623 3803 quadrant
652 3737 686 3787 ad
715 3735 906 3805 proportiones
928 3736 1046 3806 quinque
1070 3752 1214 3804 corporum
1243 3735 1445 3805 geometricas,
1477 3735 1525 3789 sed

164 3814 248 3868 etiam
269 3811 339 3866 alius
361 3813 472 3882 majoris
494 3811 546 3874 rei,
579 3815 649 3882 quod
671 3815 776 3869 scilicet
805 3816 955 3885 planetarii
976 3817 1056 3870 orbes
1084 3816 1191 3869 hubent
1212 3821 1307 3868 tantas
1329 3814 1434 3885 singuli
1455 3822 1525 3870 tam·

164 3911 217 3966 que
238 3893 394 3947 differentes
416 3892 652 3958 eccentricitates,
684 3895 827 3966 utriusque
848 3896 959 3966 iuquam
984 3896 1025 3949 rei
1047 3912 1133 3949 causa
1153 3904 1197 3949 est
1217 3895 1246 3948 in
1267 3895 1423 3965 archetypo
1445 3910 1526 3949 exor-

164 3974 283 4029 nationis
303 3980 424 4027 motuum
445 3974 591 4027 secundum
612 3974 734 4028 rationes
755 3976 943 4030 harmonicas:
965 3977 1013 4030 ubi
1035 3994 1094 4030 cum
1111 3993 1165 4030 nou
1187 3982 1302 4046 possent
1321 3981 1443 4029 exactae
1464 3990 1528 4047 pro·

165 4054 304 4125 portiones
325 4054 458 4125 figurales
481 4060 557 4107 stare
575 4053 663 4122 juxta
683 4056 875 4126 proportiones
897 4057 1079 4119 harmonicas,
1101 4073 1215 4110 necesse
1236 4055 1289 4109 fuit
1303 4055 1369 4118 illis,
1391 4061 1424 4110 ut
1437 4054 1529 4128 magia

166 4137 201 4189 ad
221 4134 344 4188 rationes
364 4134 500 4188 materiae
521 4134 739 4199 declinantibus,
771 4136 900 4208 derogari
920 4153 1018 4207 pamm
1039 4137 1154 4207 aliquid,
1187 4142 1219 4189 ut
1246 4135 1440 4206 proportiones
1464 4136 1529 4191 har·

164 4214 289 4271 monicae
314 4213 402 4282 juxta
429 4216 517 4268 locum
547 4215 696 4280 haberent,
727 4217 794 4270 illae
816 4217 923 4288 quidem
951 4217 979 4271 in
1000 4216 1098 4287 spatiis
1130 4217 1233 4279 mundi,
1265 4216 1337 4270 istae
1359 4232 1427 4271 rero
1457 4217 1529 4271 inter

167 4301 256 4348 motus
286 4309 337 4362 per
364 4294 466 4363 spatia.
508 4294 578 4347 Vide
604 4296 677 4348 bunc
707 4305 834 4352 ornatum
863 4297 1078 4360 ornatissimum,
1110 4297 1157 4351 lib.
1180 4297 1213 4350 V.
1247 4298 1379 4351 Hermon.
1410 4313 1474 4367 cap.
1500 4294 1529 4352 θ.

166 4390 245 4445 prop.
268 4389 286 4426 a
307 4373 354 4427 46.
375 4372 404 4426 in
426 4374 474 4429 49.
497 4376 531 4428 ad
552 4376 673 4446 longum.
955 4376 958 4379 ’
1418 4420 1419 4427 ,

247 4450 277 4518 b)
298 4453 355 4507 Imo
377 4453 509 4507 inhiante
532 4460 598 4519 tres,
621 4455 648 4509 in
672 4458 779 4510 Venere
804 4456 922 4528 quinque
946 4460 1050 4528 gradus
1074 4457 1102 4510 iu
1126 4465 1323 4519 transversum,
1346 4457 1374 4511 in
1392 4455 1529 4511 Mercurio

170 4536 205 4589 10
229 4534 274 4587 rel
303 4535 334 4587 ll
353 4536 457 4604 gradm
480 4532 515 4599 (si
538 4535 622 4589 etiam
636 4537 669 4589 de
685 4537 716 4589 iis
733 4536 807 4599 locis,
829 4538 877 4590 ubi
901 4539 1017 4608 planeta
1036 4537 1081 4591 hic
1094 4535 1180 4590 rideri
1199 4536 1303 4607 nequit.
1327 4555 1365 4591 ex
1378 4534 1529 4606 hypothesi

167 4616 291 4670 theoriae
305 4613 435 4668 Mercurii
450 4631 468 4667 a
482 4632 524 4669 me
539 4615 692 4670 constituta
706 4617 772 4670 licet
786 4616 889 4687 aliquid
905 4613 1055 4683 affirmare)
1079 4617 1160 4671 certis
1176 4616 1281 4671 orbium
1296 4616 1363 4671 locis
1388 4615 1416 4670 iu
1438 4632 1529 4671 errore

167 4700 232 4748 suut
251 4697 324 4764 apud
345 4695 516 4749 Prntenicas.
631 4711 634 4715 ·

248 4770 277 4841 c)
298 4775 402 4830 centra
419 4776 565 4845 planorum
587 4775 694 4847 figurae
709 4777 931 4848 circumscriptae
955 4784 985 4831 et
1008 4778 1105 4852 anguli
1126 4779 1234 4851 figurae
1249 4775 1399 4847 inscriptae
1413 4793 1469 4832 noa
1482 4791 1529 4849 po
