3366 5482
668 221 828 278 amsa.
941 244 954 318 .'
1382 219 1421 296 ιι

66 383 105 443 de
130 383 326 447 latitudinum
348 385 497 447 varietate
520 382 695 491 cogitandi·
722 388 801 477 sicut
822 389 956 454 videmus
980 373 1141 452 oomedron
1164 389 1312 453 Mercurio
1335 391 1421 454 unius

66 473 307 536 ecoentricitatis
330 474 447 536 modum
471 477 712 556 praescripsisse.

158 549 253 624 Porro
278 564 317 625 de
339 564 439 626 Luna
461 564 577 645 pridem
599 573 719 645 tempus
740 574 795 641 est,
820 556 855 627 ιιι
878 564 989 646 aliquid
1013 527 1121 628 dicatu
1162 554 1241 629 Nam
1264 569 1422 633 concordia

66 650 201 712 Veneris
223 671 291 714 cnm
315 654 361 714 sui
384 653 517 733 corporis
540 654 722 717 dimensione
747 655 866 734 arguit,
892 656 968 717 hanc
997 655 1209 734 dimensionem
1232 655 1271 718 ad
1294 658 1420 733 Lunam,

68 759 145 820 qnae
170 740 293 803 Terram
318 742 420 817 ambit,
438 743 487 804 -nil
509 742 674 821 pertinere:
700 745 757 806 nisi
780 734 905 806 velimus
925 762 982 805 non
998 745 1128 810 Martem
1141 745 1261 822 Terrae,
1286 748 1340 809 sed
1356 766 1421 809 me-

68 831 149 891 diam
174 829 286 893 Terrae
308 831 485 893 distantiam
507 831 601 895 Marti
633 835 754 914 propius
787 833 964 907 admovere,
1000 842 1032 894 ut
1064 834 1168 896 Lunae
1197 834 1276 898 circa
1299 836 1421 899 Terram

69 919 209 1000 utrinque
232 920 369 1000 aequalis
392 931 513 1001 pateret
535 923 615 985 inter
635 923 843 1026 proportiones
867 910 1020 984 transitus.
1057 923 1171 984 Verum
1190 942 1228 984 ex
1242 924 1297 985 hoo
1312 943 1420 1006 seque·

69 1016 152 1069 retur
176 1008 285 1070 Martis
309 1018 342 1071 et
362 1010 448 1072 Jevis
472 1011 564 1114 louge
583 1012 678 1091 major
700 1012 882 1100 parallaxis,
914 1030 989 1092 quae
1012 1011 1076 1091 jam
1100 1019 1190 1073 antea
1212 1013 1422 1093 grandiuscula
1506 1057 1508 1062 ·

71 1107 127 1158 eat
174 1096 324 1162 Mercurio
348 1117 429 1176 vero,
453 1101 503 1180 qni
525 1101 621 1162 minus
645 1102 724 1180 justo
749 1108 781 1164 et
795 1101 908 1163 Veneri
931 1118 1007 1181 qnae
1030 1100 1108 1163 satis
1130 1100 1271 1171 habebat,
1295 1103 1420 1183 amplius

72 1186 141 1266 qnid
166 1187 224 1248 hoc
246 1188 334 1250 modo
356 1189 535 1254 demeretur.

160 1275 223 1338 Sed
247 1277 318 1356 qnid
341 1278 452 1341 attinet
475 1279 578 1341 Lunae
602 1278 749 1343 rationem
772 1279 891 1352 habere,
917 1297 983 1341 cum
1006 1278 1060 1340 illa
1081 1297 1139 1340 non
1163 1279 1205 1341 ad
1226 1280 1327 1342 orbem
1344 1280 1421 1343 Ter-

71 1385 139 1439 rae,
163 1374 200 1426 nt
221 1375 387 1429 ceterorum
410 1355 598 1446 planetarum
621 1367 775 1449 epicyclia,
789 1367 917 1451 proprie
939 1368 1098 1446 pertineat.

160 1455 285 1516 Terram
309 1455 386 1518 enim
410 1459 620 1536 φαανθρωιιος
643 1466 761 1519 creator
784 1458 854 1519 orbe
869 1456 980 1519 Lunari
1000 1456 1103 1517 ultimo
1118 1456 1278 1518 vestivisse
1290 1457 1419 1534 videtur,

73 1543 141 1625 qnia
171 1564 239 1605 eam
266 1545 389 1607 volebat
412 1546 508 1607 instar
531 1545 611 1625 Solis
633 1565 716 1620 esse,
747 1554 780 1607 ut
803 1555 834 1607 et
856 1545 924 1626 ipsa
946 1545 1118 1608 ambiretur.
1165 1547 1351 1625 Argumenta
1374 1555 1425 1618 est

72 1634 226 1714 proportio
249 1634 367 1695 mediae
390 1635 555 1697 distantiae
570 1636 674 1698 Lunae
697 1656 717 1696 a
738 1644 841 1697 centro
856 1634 966 1696 Terrae
986 1635 1025 1695 ad
1044 1632 1297 1698 semidiametrum
1311 1636 1422 1701 Terrae

73 1724 178 1784 eadem
203 1723 285 1798 iere,
310 1741 385 1804 qnae
408 1725 524 1786 mediae
548 1724 710 1787 distantiae
734 1723 874 1786 Mercurii
897 1745 916 1785 a
938 1731 1040 1785 centro
1064 1721 1144 1785 Solis
1167 1725 1205 1785 ad
1231 1724 1421 1787 semidiame-

74 1822 150 1873 trum
173 1810 267 1873 Solis.
313 1813 391 1874 Nam
416 1815 442 1874 si
465 1814 631 1875 Mercurius
655 1814 694 1874 ad
717 1813 819 1875 Solem
852 1822 934 1875 esset
966 1821 1000 1874 ut
1027 1813 1114 1874 Luna
1142 1821 1193 1875 est
1219 1813 1257 1874 ad
1288 1814 1421 1889 Terram,

76 1900 203 1962 distaret
234 1897 300 1964 435
333 1902 563 1964 semidiametris
591 1904 729 1970 Terrae.¹
760 1901 942 1982 Copernicns
974 1902 1063 1980 paulo
1096 1903 1163 1981 plus
1190 1911 1345 1979 numerat,
1378 1923 1422 1967 sc.

77 1986 134 2053 lbi
148 1985 196 2073 ¹1„
223 1991 296 2070 quis
313 1992 379 2065 scit,
404 2010 494 2072 quarn
516 1992 609 2053 vere?
632 1992 760 2054 lolerius
783 1999 916 2053 correcto
940 1991 1028 2052 modo
1051 1999 1137 2052 erunt
1159 1987 1232 2054 441.

159 2080 269 2160 Neque
292 2100 364 2141 vero
388 2081 576 2144 metuendum
600 2084 656 2155 est,
681 2101 718 2142 ne
741 2081 878 2166 Lunares
902 2081 989 2142 orbes
1013 2079 1154 2142 avicinis
1178 2098 1333 2160 corporum
1352 2099 1424 2160 pro.-

76 2169 263 2248 portionibus
286 2170 449 2249 compressi
473 2170 631 2234 elidantur.
678 2170 759 2232 Nam
782 2170 941 2231 absurdum
958 2178 989 2230 et
1002 2177 1201 2232 monstrosum
1218 2174 1274 2243 est,
1299 2188 1425 2250 corpora

78 2258 147 2319 haec
171 2257 304 2320 materia
326 2260 455 2339 quadam
478 2260 609 2329 vestita,
643 2279 719 2341 quae
743 2259 839 2328 alieno
863 2258 978 2338 corpori
1002 2259 1162 2321 transitum
1186 2279 1244 2320 non
1266 2259 1422 2337 praebeat,

79 2347 104 2407 in
124 2349 243 2409 coelum
267 2349 425 2410 collocare.
465 2347 528 2410 Sed
551 2368 647 2429 neque
670 2349 707 2410 de
727 2349 865 2410 crassitie
880 2347 960 2409 orbis
976 2347 1098 2411 Terreni
1111 2347 1312 2427 cogitandum,
1337 2349 1423 2429 quasi

80 2444 253 2507 tantaesse
277 2437 395 2512 debeat,
420 2445 453 2499 ιιι
476 2438 624 2517 integram
643 2439 747 2499 Lunae
771 2437 930 2518 sphaeram
953 2437 1095 2512 includat,
1121 2457 1156 2499 ac
1179 2437 1303 2517 proinde
1317 2437 1425 2499 Ituoae.

81 2543 188 2605 quoqne
215 2546 235 2587 a
258 2526 353 2589 Terra
381 2527 527 2588 distantia
549 2528 578 2587 in
601 2527 824 2607 proportionem
855 2526 932 2588 hanc
961 2527 1068 2588 cadere
1096 2525 1216 2589 debeat.
1261 2527 1341 2589 Nam
1364 2517 1422 2588 etsi

82 2614 226 2676 orbiculus
250 2613 354 2676 Lunae
378 2635 470 2696 snpra
492 2616 619 2678 Telluris
642 2616 745 2678 orbem
767 2616 911 2688 emineat,
939 2615 1008 2695 quid
1030 2615 1112 2677 illum
1134 2615 1317 2694 prohibebit,
1346 2634 1422 2698 quo·

81 2703 169 2764 minna
194 2704 377 2766 moveatur?
409 2703 485 2775 Quis
508 2723 579 2766 vero
604 2705 718 2781 didicit,
743 2726 781 2767 an
804 2704 923 2767 omnino
947 2703 988 2765 ibi
1010 2704 1073 2765 sint
1094 2705 1205 2767 orbes?
1228 2704 1271 2766 Et
1292 2705 1322 2766 in
1337 2704 1421 2767 Mer-

81 2792 153 2854 curio
173 2794 240 2872 jam
263 2800 354 2855 antea
376 2794 520 2867 vidimus,
549 2813 606 2874 quo
633 2804 723 2872 pacto
747 2795 811 2874 ejus
835 2794 915 2856 orbis
939 2794 1055 2873 quidem
1079 2802 1180 2856 servet
1201 2794 1422 2874 proportionem

81 2882 221 2951 aneon,
245 2882 310 2962 ipse
333 2902 404 2944 vero
428 2902 520 2963 usqne
544 2884 583 2944 ad
607 2884 745 2964 quadrati
759 2884 949 2946 altitudinem
969 2901 1059 2963 supra
1082 2902 1166 2944 suum
1189 2884 1291 2946 orbem
1313 2901 1427 2946 ascen-·

81 2971 136 3033 dat.
183 2969 277 3052 (Cap.
300 2969 405 3046 XVI.)

164 3059 231 3122 Sed
251 3069 286 3122 nt
308 3060 435 3142 denique
459 3076 604 3122 summam
627 3061 696 3123 huic
719 3060 839 3139 negotio
862 3079 980 3122 manum
1003 3059 1169 3140 imponam,
1202 3067 1292 3139 utque
1321 3077 1423 3123 omnes

82 3149 208 3224 videant,
234 3149 308 3211 nihil
330 3159 383 3211 aut
405 3169 509 3231 parurn
532 3150 562 3212 in
586 3149 790 3231 parallaxibna
814 3151 932 3223 mutari,
956 3160 1070 3212 struam
1094 3168 1201 3211 novum
1220 3148 1370 3220 mundum,
1393 3154 1425 3211 et
1541 3216 1545 3231 ,

81 3237 222 3319 incipiens
246 3260 266 3301 a
287 3256 405 3300 summa
427 3240 573 3316 distantia
590 3258 716 3314 sursum,
742 3238 781 3299 ab
799 3238 859 3299 ima
878 3240 1015 3301 deorsum
1033 3239 1217 3319 progrediar.
1252 3240 1425 3300 ›Assnmam

83 3337 178 3389 autem
200 3328 280 3390 hanc
304 3328 492 3410 hypothesin,
519 3328 603 3408 quasi
627 3328 780 3408 proportio
804 3328 1066 3412 ecoentricitatum
1084 3329 1123 3390 ad
1142 3329 1234 3391 'orbes
1257 3337 1342 3389 certa
1364 3327 1423 3390 sit:

84 3424 110 3477 et
129 3418 157 3480 si
176 3417 251 3499 quid
272 3417 302 3478 in
321 3437 437 3479 summa
455 3418 501 3479 vel
524 3418 586 3478 ima
607 3417 754 3479 distantia
777 3417 903 3498 alicujus
921 3417 1007 3490 ¹orbis
1030 3418 1088 3479 erit
1109 3418 1305 3492 immutatum,
1330 3415 1426 3479 corri-

83 3523 146 3584 gam
169 3506 264 3568 etiam
287 3507 544 3568 ecoentricitatern
566 3506 845 3586 proportionaliter:
870 3504 949 3587 qnod
972 3526 1010 3568 an
1034 3515 1114 3569 recte
1139 3507 1260 3583 faciam,
1284 3505 1425 3569 conside·
1448 3511 1451 3519 '

85 3603 146 3657 rent
169 3596 313 3658 artifices.
346 3595 426 3657 Hoc
449 3595 536 3657 modo
560 3596 742 3658 constitutas
766 3595 928 3658 distantias
951 3596 992 3658 ad
1013 3590 1141 3658 mediam
1156 3555 1283 3661 Telluris
1307 3595 1426 3656 distan-

82 3682 150 3746 tiam
173 3704 193 3746 a
216 3693 320 3746 centro
344 3685 481 3757 reseram,
504 3684 592 3764 idque
622 3685 705 3761 ideo,
739 3684 808 3765 quia
839 3684 1022 3765 Copernicus
1055 3704 1157 3764 omnes
1189 3686 1360 3766 parallaxes
1389 3683 1427 3746 sd

82 3771 172 3836 locnm
195 3772 279 3836 Solis
302 3774 431 3836 medium
454 3774 700 3835 accommodavit
748 3771 841 3854 (Cap
853 3775 951 3849 XV)

150 3863 218 4015 dSic
241 3863 396 4013 mitella
356 3881 390 3924 se
414 3862 527 3926 habent
549 3862 712 3925 distantiae
736 3871 768 3925 et
789 3863 1033 3926 ecoentricitates
1050 3861 1222 3943 Corpernici
1245 3862 1284 3924 ad
1306 3879 1427 3937 correo,-

83 3960 128 4013 ιιι
171 3953 234 4015 leto
257 3970 287 4013 m

146 4046 304 4124 (sequnntur
320 4059 425 4115 numeri,
443 4071 503 4122 qnos
520 4056 620 4107 exhibet
636 4055 737 4106 tabulae
755 4057 801 4108 snb
818 4059 892 4108 finem
905 4055 965 4122 Cap.
979 4055 1027 4107 XV
1044 4056 1102 4106 ordo
1113 4057 1212 4121 primm,
1232 4008 1323 4108 additis
1340 4070 1428 4107 eccam

81 4125 571 4192 ιιιιιιιω(1“ι’2ι”,ιιίι”,
593 4124 776 4189 17’30”,5’,
797 4125 938 4190 11’22’),
962 4121 1447 4246 pariternunreriordinistertliali'

81 4209 196 4264 eam
214 4198 407 4266 manaa)

146 4341 215 4394 Dein
232 4344 315 4410 porgit
331 4327 471 4408 Keplsrnr:
479 4400 483 4405 ,

162 4451 231 4512 Hae
255 4449 418 4513 distantiae
442 4450 632 4512 convenienti
657 4449 743 4511 modo
767 4449 796 4511 in
821 4450 902 4511 sinus
934 4469 1097 4512 conversae
1125 4448 1258 4527 efficiunt
1285 4448 1430 4510 maximas

81 4539 293 4617 parallaxes
284 4560 316 4601 ιιι
348 4538 548 4620 superioribus
582 4556 752 4618 apogaeas,
788 4539 818 4600 in
851 4539 1039 4601 inferioribus
1072 4524 1278 4616 elongatlooes
1302 4537 1430 4599 omnium

10 4661 12 4679 ι
82 4647 225 4780 Quantas
261 4647 368 4713 parum
398 4627 556 4691 admodum
589 4627 824 4708 discrepantes,
867 4649 921 4691 nec
949 4627 1025 4690 nisi
1039 4627 1068 4689 in
1100 4629 1200 4701 Marte
1237 4624 1430 4699 notabiliter;

134 4737 212 4781 roe
1340 4744 1346 4758 ·

130 4779 549 4873 ιηιαιοιωι”
1205 4815 1230 4870 s·
