3366 5482
753 189 915 242 Prooemium.
1175 252 1178 258 Ι
1191 212 1194 219 f
1488 191 1508 257 3

159 351 264 412 arundo
288 353 484 432 partibusque
507 352 688 414 coelestibus
710 351 744 412 fit
771 351 904 428 initium,
936 352 989 414 sed
1017 353 1157 415 brevibus
1186 353 1239 415 illa
1262 354 1379 433 paginis
1403 337 1507 415 absol-

159 468 280 532 vuntur3
311 459 475 539 praecipua
504 478 573 520 vero
603 458 669 520 libri
698 459 791 521 moles
821 459 1028 540 complectitur
1056 459 1273 537 descriptiones
1302 461 1455 541 regionum
1477 471 1509 522 et

159 565 282 626 urbium.
310 567 438 652 'Itaque
461 565 569 644 vulgus
592 565 837 645 cosmographiae
861 583 914 645 pro
938 565 1139 644 geographiae
1164 565 1292 626 dictione
1316 567 1425 629 utitur:
1450 566 1508 629 im-

159 673 316 752 posuitque
335 691 395 733 vox
418 672 489 744 ista,
512 672 656 732 amundo
675 672 748 734 licet
765 672 904 749 deducta,
928 671 1055 733 ollicinis
1080 671 1219 748 librariis,
1244 672 1337 753 iisque
1353 673 1401 752 qui
1420 680 1507 735 cata-

161 778 242 857 logos
268 778 411 840 librorum
444 778 650 852 conscribunt,
681 787 715 840 ut
742 778 874 840 libellum
901 798 996 840 meum
1026 779 1103 839 inter·
1129 777 1331 857 geographica
1353 780 1508 858 referrent

161 884 338 966 Mysterium
361 894 463 948 autem
485 904 539 965 pro
562 903 672 947 arcano
696 886 853 964 usurpavi,
877 898 909 946 et
929 893 983 964 pr'o
1001 885 1060 946 ‚tali
1085 866 1238 946 venditari
1262 885 1412 946 inventum
1436 887 1508 947 hoc:

164 991 268 1071 quippe
292 992 323 1052 in
347 992 457 1054 nullius
480 992 648 1071 philosophi
673 991 746 1053 libro
771 990 846 1051 talia
869 1008 995 1069 unquam
1019 990 1181 1069 legeram.“
1443 993 1447 1001 '

248 1099 284 1159 Iu
317 1098 481 1159 Prodromo
521 1098 585 1178 ipso
619 1098 682 1159 falli
715 1098 861 1172 diximus,
899 1095 948 1177 qui
981 1097 1063 1176 leges
1096 1095 1172 1156 istas
1206 1105 1373 1177 quaerant;
1413 1096 1509 1176 magis

166 1213 259 1265 autem
285 1204 441 1273 falluntur,
466 1206 493 1266 sl
517 1205 565 1287 qui
588 1213 702 1267 eertum
726 1205 781 1266 viri
805 1205 842 1265 de
866 1205 1030 1283 astrologia
1054 1203 1194 1283 judicium
1218 1222 1251 1263 se
1276 1203 1510 1283 deprehensurus
1553 1205 1560 1213 '

166 1318 283 1388 putant,
311 1310 350 1371 ab
376 1329 486 1391 eoque,
516 1311 565 1392 qui
588 1312 663 1373 artis
686 1331 742 1373 sua
766 1311 850 1373 initia
872 1320 981 1391 ponat,
1011 1318 1107 1371 totam
1131 1308 1312 1389 astrologiae
1336 1329 1509 1391 compagem

168 1418 220 1497 peti
244 1426 337 1496 atque
361 1416 527 1496 impugnari
551 1418 718 1497 opinantur.
765 1417 884 1480 Etenim
913 1418 962 1478 rix
991 1417 1143 1495 digressus
1167 1437 1186 1477 a
1211 1424 1424 1497 praeceptore,
1453 1416 1511 1490 cui,

169 1524 294 1602 quamvis
318 1523 412 1584 invito
429 1519 468 1596 ¹),
493 1524 675 1604 astrologiae
695 1532 780 1594 certe
804 1542 949 1584 summam
972 1523 1110 1585 tradendi
1134 1541 1238 1584 munus
1262 1509 1345 1584 esset
1367 1523 1509 1595 delatum,

170 1649 224 1690 curn
246 1641 280 1690 et
303 1629 368 1709 ipse
392 1631 517 1691 eandem
541 1638 636 1692 artem
659 1628 790 1708 profiteri
814 1628 931 1708 publice
955 1646 1046 1708 nuper
1064 1628 1168 1708 jussus
1187 1635 1278 1698 esset,
1302 1627 1328 1688 si
1349 1628 1508 1690 destruen-

171 1737 216 1810 dis,
239 1755 315 1816 quae
339 1736 485 1798 hactenus
508 1736 694 1810 obtinebant,
720 1737 879 1797 sententiis
904 1736 1013 1797 famam
1037 1743 1202 1814 quaereret,
1227 1734 1326 1796 nimiis
1345 1733 1508 1796 difficultas
1584 1745 1590 1763 ‘

173 1842 239 1903 tibus
264 1843 482 1925 implicabatur.
522 1844 662 1922 Idemque
681 1843 720 1903 ad
744 1842 890 1921 imagines
915 1842 1057 1903 vividiore
1081 1841 1179 1902 animo
1203 1840 1413 1923 concipiendas
1436 1858 1507 1920 pro-

172 1950 272 2022 clivior,
298 1967 356 2011 uon
379 1957 501 2028 poterat
525 1969 582 2011 non
603 1949 729 2031 probare
749 1949 945 2028 disciplinam,
971 1968 1046 2028 quae
1071 1948 1171 2010 sidera
1196 1947 1224 2007 vi
1248 1947 1376 2029 quadam
1399 1966 1511 2009 arcana

173 2055 269 2117 adres
293 2056 439 2117 humanas
463 2056 641 2137 omninoque
666 2064 825 2118 terrestres
852 2056 953 2118 valere
982 2063 1147 2130 statueret,
1179 2065 1210 2115 et
1233 2054 1272 2115 ad
1295 2054 1511 2116 astronomiam

174 2163 265 2225 melius
284 2162 441 2224 colendam
460 2175 492 2223 et
509 2165 677 2242 augendam
696 2172 760 2224 toto
779 2171 900 2241 pectore
919 2162 1068 2238 incensus,
1093 2161 1145 2222 illa
1163 2161 1239 2240 ipsa,
1265 2179 1353 2240 quam
1373 2159 1510 2235 diximus,

174 2278 285 2330 netmae
309 2268 409 2330 indole
434 2269 623 2331 deserebatur
646 2271 685 2331 ad
709 2270 770 2330 ista
792 2289 911 2332 arcana
948 2269 994 2330 De
1018 2269 1064 2330 his
1088 2278 1188 2329 autem
1211 2269 1241 2329 in
1260 2266 1422 2329 Prodromo
1446 2267 1512 2345 ipso

174 2374 279 2435 mnnisi
302 2394 400 2454 pauca
424 2374 665 2454 deprehenderis.
712 2376 827 2436 Verum
851 2375 933 2437 libris
956 2375 1083 2455 posthac
1113 2373 1306 2454 conscriptis,
1337 2393 1404 2436 cum
1433 2373 1511 2448 aliis,

174 2480 410 2554 tanarmouia,
436 2481 514 2543 haud
535 2484 628 2545 semel
649 2483 766 2544 ill'amm
790 2501 886 2544 rerum
911 2482 1021 2544 mentio
1046 2480 1182 2561 injicitur,
1208 2499 1294 2561 quae,
1319 2480 1511 2561 quotiescun·
1621 2485 1624 2493 ’

175 2605 219 2665 qne
241 2596 412 2662 occurrunt,
436 2607 526 2669 prope
552 2589 707 2668 attingunt
730 2590 775 2663 id,
799 2589 877 2669 quod
900 2589 947 2651 hic
970 2589 1089 2650 libellus
1113 2588 1205 2650 habet
1227 2589 1422 2669 propositum.

249 2692 347 2763 Quam
370 2696 400 2756 in
425 2695 650 2775 quaestiouibus
673 2695 867 2756 instituendis
888 2703 1009 2756 secutus
1028 2694 1069 2755 sit
1087 2693 1175 2768 viam,
1201 2712 1266 2755 cum
1280 2693 1429 2774 Keplerus
1449 2692 1512 2771 ipse
1605 2674 1607 2678 Α

175 2807 199 2860 et
213 2801 239 2863 in
260 2803 448 2881 praelatione
464 2811 496 2864 et
513 2803 613 2865 libello
633 2804 709 2883 ipso,
735 2804 812 2883 quod
836 2803 912 2863 idem
933 2803 963 2863 in
983 2802 1065 2863 libris
1084 2801 1212 2881 posthac
1235 2800 1412 2879 conscriptis
1432 2799 1513 2871 lecit,
1544 2824 1553 2835 ·

175 2907 239 2968 satis
261 2926 316 2969 nos
345 2908 485 2984 edoceat,
519 2909 594 2971 haec
622 2919 740 2971 tantum
768 2909 991 2989 praemittenda
1016 2908 1099 2971 sunt.
1146 2910 1188 2972 Ut
1212 2919 1325 2971 certam
1353 2910 1513 2991 quandam,

177 3031 240 3093 qnae
261 3016 464 3079 intercederet
485 3017 564 3080 inter
587 2996 788 3081 revolutiones
814 3027 844 3080 et
868 3017 1029 3080 distantias
1055 3015 1260 3097 planetarum,
1292 3015 1438 3078 rationem
1466 3015 1513 3076 in-

176 3122 288 3195 reniret,
312 3123 448 3201 primum,
475 3123 553 3198 „via‚
579 3123 682 3186 mimm
705 3145 793 3205 quarn
816 3125 953 3197 audaci,“
979 3123 1108 3204 planetis
1122 3122 1192 3184 Jovi
1211 3131 1243 3183 et
1256 3122 1358 3196 Marti,
1382 3122 1513 3203 pariter-

175 3244 221 3305 que
241 3228 354 3290 Veneri
382 3237 413 3290 et
440 3229 589 3292 Mercurio
618 3231 828 3311 interpositum
857 3228 914 3293 sibi
941 3230 1074 3312 fingebat
1100 3248 1209 3291 novum
1236 3229 1389 3308 planetam
1421 3247 1515 3310 „quos

174 3331 236 3395 duos
264 3335 343 3396 forte
374 3336 412 3396 ob
441 3318 606 3398 erilitatem
636 3357 692 3398 uon
722 3337 910 3399 videamus“.
962 3334 1031 3407 Qua
1058 3337 1109 3397 via
1137 3355 1224 3416 quum
1251 3335 1348 3396 miuus
1377 3334 1407 3396 id
1437 3334 1515 3415 quod

174 3439 254 3501 uellet
277 3449 499 3520 assequeretur,
524 3461 570 3515 ea,
595 3461 683 3522 quam
706 3443 801 3521 figura
822 3442 920 3522 prima
944 3442 971 3503 in
991 3443 1177 3522 praefatione
1196 3442 1319 3522 Kepleri
1341 3443 1442 3514 refert,
1465 3429 1516 3502 uia

174 3545 306 3608 rationem
321 3546 405 3609 illam
419 3546 642 3627 deprehendere
658 3548 810 3620 studebat,
829 3549 1028 3624 intervallum,
1049 3569 1106 3631 quo
1120 3551 1244 3629 planeta
1258 3569 1277 3608 a
1291 3546 1362 3610 Sole
1377 3547 1514 3620 distaret,

174 3658 200 3716 ut
217 3652 313 3714 sinum
338 3671 457 3715 versum
480 3643 613 3734 ponens,
644 3656 725 3735 eujus
755 3663 868 3717 motum
896 3665 1039 3736 tauquam
1067 3656 1200 3718 cosinum
1227 3674 1345 3717 versum
1370 3655 1408 3715 ad
1431 3653 1514 3715 illum

172 3769 274 3835 posset.
288 3760 409 3823 referre.
456 3758 543 3832 Quod
572 3781 637 3823 cum
666 3763 849 3843 improspere
879 3763 1093 3838 successisset,
1125 3763 1155 3824 in
1183 3762 1368 3841 explicandis
1396 3760 1513 3840 maguis

172 3866 418 3944 conjunctionibus
441 3869 627 3947 planetarum
651 3869 737 3930 Jovis
762 3879 793 3930 et
816 3847 940 3931 Saturni
964 3869 1141 3949 colligebat,
1168 3869 1278 3942 lineas,
1310 3867 1414 3947 quibus
1439 3885 1511 3928 con-

168 3969 328 4048 junctiones
351 3973 429 4064 istae
453 3974 694 4055 depingerentur,
720 3975 764 4037 ita
787 3995 820 4037 se
844 3994 963 4052 secare,
988 3986 1021 4038 ut
1042 3976 1185 4057 punctis,
1201 3958 1306 4055 quibus
1330 3981 1512 4048 secarentur,

170 4097 253 4142 nouus
277 4081 405 4142 circulus
430 4081 604 4157 efficeretur,
630 4082 714 4161 cujus
738 4082 839 4144 radius
862 4083 952 4163 paulo
971 4083 1067 4162 major
1085 4091 1176 4153 esset,
1202 4100 1291 4163 quarn
1308 4080 1433 4160 majoris
1452 4079 1512 4141 cir-

170 4187 219 4249 culi
235 4187 340 4250 radius
359 4186 510 4250 dimidius.
546 4185 704 4262 (0,5225;
725 4187 752 4251 1.
785 4187 935 4269 Compara
952 4190 1078 4269 figuram
1096 4188 1259 4252 secundam
1277 4187 1308 4249 in
1325 4186 1513 4267 praefatione

116 4357 119 4362 ,
169 4291 310 4374 Kepleri.)
348 4293 464 4366 Quodsi
483 4296 579 4357 lineae
599 4297 717 4376 trigona
737 4297 922 4377 aequilatera
941 4297 1103 4364 efficerent,
1129 4315 1159 4356 ro
1179 4315 1251 4357 vera
1267 4296 1417 4358 radiorum
1436 4293 1512 4355 ratio

169 4409 244 4464 esset
265 4400 320 4473 0‚5
339 4422 346 4463 :
366 4401 394 4464 l.
430 4400 500 4464 Jam
525 4421 594 4463 vero
617 4423 684 4465 cum
708 4403 785 4465 inter
808 4403 982 4465 distantiam
1005 4402 1091 4464 Jovis
1115 4412 1146 4464 et
1169 4401 1293 4464 Saturni
1316 4399 1393 4463 ratio
1416 4401 1511 4462 inter·

168 4508 248 4572 cedat
270 4510 335 4572 lere
363 4505 455 4582 1:2,
487 4505 556 4582 (52
572 4529 579 4570 :
597 4505 665 4583 9,5)
695 4509 874 4589 trigonum
898 4518 971 4589 apta
994 4509 1040 4572 his
1062 4509 1193 4588 planetis
1216 4510 1311 4590 figura
1334 4525 1401 4568 esse
1425 4504 1510 4566 vide-

168 4613 255 4680 batur.
301 4614 396 4679 Haud
418 4613 508 4677 aliter
531 4614 570 4675 ad
594 4624 710 4677 ceteros
733 4617 872 4696 planetas
896 4618 1026 4697 reliquas
1050 4617 1159 4696 figuras
1183 4617 1346 4696 regulares,
1370 4634 1395 4674 e.
1422 4632 1447 4673 c.
1472 4610 1510 4670 ad

961 4715 964 4722 .
1258 4721 1298 4769 μ
