<?xml version="1.0" encoding="UTF-8"?>
<!DOCTYPE html PUBLIC "-//W3C//DTD XHTML 1.0 Transitional//EN"
    "http://www.w3.org/TR/xhtml1/DTD/xhtml1-transitional.dtd">
<html xmlns="http://www.w3.org/1999/xhtml" xml:lang="en" lang="en">
 <head>
  <title>
</title>
<meta http-equiv="Content-Type" content="text/html;charset=utf-8" />
  <meta name='ocr-system' content='tesseract 3.04.00' />
  <meta name='ocr-capabilities' content='ocr_page ocr_carea ocr_par ocr_line ocrx_word'/>
</head>
<body>
  <div class='ocr_page' id='page_1' title='image "./joanniskepleria04frisgoog_0071.png"; bbox 0 0 3366 5482; ppageno 0'>
   <div class='ocr_carea' id='block_1_1' title="bbox 162 285 929 355">
    <p class='ocr_par' dir='ltr' id='par_1_1' title="bbox 162 285 929 355">
     <span class='ocr_line' id='line_1_1' title="bbox 162 285 929 355; baseline -0.003 0"><span class='ocrx_word' id='word_1_1' title='bbox 162 289 218 355; x_wconf 83' lang='lat' dir='ltr'><strong>eo-</strong></span> <span class='ocrx_word' id='word_1_2' title='bbox 754 285 929 336; x_wconf 65' lang='lat' dir='ltr'><strong>samus·</strong></span> 
     </span>
    </p>
   </div>
   <div class='ocr_carea' id='block_1_2' title="bbox 146 444 1517 1150">
    <p class='ocr_par' dir='ltr' id='par_1_2' title="bbox 146 444 1517 1150">
     <span class='ocr_line' id='line_1_2' title="bbox 161 444 1517 527; baseline -0.004 -15"><span class='ocrx_word' id='word_1_3' title='bbox 161 449 273 512; x_wconf 92' lang='lat' dir='ltr'><strong>bilium.</strong></span> <span class='ocrx_word' id='word_1_4' title='bbox 320 446 388 508; x_wconf 86' lang='lat' dir='ltr'><strong>Nisi</strong></span> <span class='ocrx_word' id='word_1_5' title='bbox 411 447 488 508; x_wconf 82' lang='lat' dir='ltr'><strong>forte</strong></span> <span class='ocrx_word' id='word_1_6' title='bbox 511 453 638 507; x_wconf 83' lang='lat' dir='ltr'><strong>octavae</strong></span> <span class='ocrx_word' id='word_1_7' title='bbox 661 445 808 524; x_wconf 78' lang='lat' dir='ltr'><strong>sphaerae</strong></span> <span class='ocrx_word' id='word_1_8' title='bbox 837 445 928 507; x_wconf 91' lang='lat' dir='ltr'><strong>etiam</strong></span> <span class='ocrx_word' id='word_1_9' title='bbox 957 444 1073 525; x_wconf 86' lang='lat' dir='ltr'><strong>aliquos</strong></span> <span class='ocrx_word' id='word_1_10' title='bbox 1096 453 1194 508; x_wconf 90' lang='lat' dir='ltr'><strong>motus</strong></span> <span class='ocrx_word' id='word_1_11' title='bbox 1217 445 1332 510; x_wconf 81' lang='lat' dir='ltr'><strong>tribuit.</strong></span> <span class='ocrx_word' id='word_1_12' title='bbox 1377 445 1447 527; x_wconf 87' lang='lat' dir='ltr'><strong>Ego</strong></span> <span class='ocrx_word' id='word_1_13' title='bbox 1472 447 1517 507; x_wconf 89' lang='lat' dir='ltr'><strong>sic</strong></span> 
     </span>
     <span class='ocr_line' id='line_1_3' title="bbox 146 533 1514 617; baseline 0 -21"><span class='ocrx_word' id='word_1_14' title='bbox 146 555 269 601; x_wconf 72' lang='lat' dir='ltr'><strong>,censeo</strong></span> <span class='ocrx_word' id='word_1_15' title='bbox 296 535 333 598; x_wconf 91' lang='lat' dir='ltr'><strong>de</strong></span> <span class='ocrx_word' id='word_1_16' title='bbox 361 535 519 617; x_wconf 75' lang='lat' dir='ltr'><strong>i&#39;ychone,</strong></span> <span class='ocrx_word' id='word_1_17' title='bbox 551 533 706 596; x_wconf 83' lang='lat' dir='ltr'><strong>Divitiis</strong></span> <span class='ocrx_word' id='word_1_18' title='bbox 739 534 943 609; x_wconf 88' lang='lat' dir='ltr'><strong>abundare,</strong></span> <span class='ocrx_word' id='word_1_19' title='bbox 978 534 1106 615; x_wconf 91' lang='lat' dir='ltr'><strong>quibus</strong></span> <span class='ocrx_word' id='word_1_20' title='bbox 1139 553 1207 597; x_wconf 93' lang='lat' dir='ltr'><strong>nou</strong></span> <span class='ocrx_word' id='word_1_21' title='bbox 1239 544 1341 598; x_wconf 89' lang='lat' dir='ltr'><strong>recte</strong></span> <span class='ocrx_word' id='word_1_22' title='bbox 1373 542 1514 615; x_wconf 85' lang='lat' dir='ltr'><strong>utatur,</strong></span> 
     </span>
     <span class='ocr_line' id='line_1_4' title="bbox 161 614 1515 705; baseline -0.003 -16"><span class='ocrx_word' id='word_1_23' title='bbox 161 645 245 689; x_wconf 89' lang='lat' dir='ltr'><strong>more</strong></span> <span class='ocrx_word' id='word_1_24' title='bbox 267 625 475 705; x_wconf 87' lang='lat' dir='ltr'><strong>plerorumque</strong></span> <span class='ocrx_word' id='word_1_25' title='bbox 499 622 631 689; x_wconf 87' lang='lat' dir='ltr'><strong>divitum.</strong></span> <span class='ocrx_word' id='word_1_26' title='bbox 679 621 789 685; x_wconf 87' lang='lat' dir='ltr'><strong>Danda</strong></span> <span class='ocrx_word' id='word_1_27' title='bbox 812 632 860 685; x_wconf 88' lang='lat' dir='ltr'><strong>est</strong></span> <span class='ocrx_word' id='word_1_28' title='bbox 883 622 973 702; x_wconf 87' lang='lat' dir='ltr'><strong>igitur</strong></span> <span class='ocrx_word' id='word_1_29' title='bbox 996 640 1088 703; x_wconf 89' lang='lat' dir='ltr'><strong>opera</strong></span> <span class='ocrx_word' id='word_1_30' title='bbox 1118 622 1211 703; x_wconf 92' lang='lat' dir='ltr'><strong>(quod</strong></span> <span class='ocrx_word' id='word_1_31' title='bbox 1235 634 1266 686; x_wconf 91' lang='lat' dir='ltr'><strong>et</strong></span> <span class='ocrx_word' id='word_1_32' title='bbox 1288 642 1345 704; x_wconf 87' lang='lat' dir='ltr'><strong>ego</strong></span> <span class='ocrx_word' id='word_1_33' title='bbox 1367 614 1515 702; x_wconf 67' lang='lat' dir='ltr'><strong>pro&#39;mes</strong></span> 
     </span>
     <span class='ocr_line' id='line_1_5' title="bbox 160 711 1515 796; baseline -0.001 -21"><span class='ocrx_word' id='word_1_34' title='bbox 160 724 256 796; x_wconf 84' lang='lat' dir='ltr'><strong>parte,</strong></span> <span class='ocrx_word' id='word_1_35' title='bbox 281 712 335 776; x_wconf 90' lang='lat' dir='ltr'><strong>sed</strong></span> <span class='ocrx_word' id='word_1_36' title='bbox 357 731 424 774; x_wconf 91' lang='lat' dir='ltr'><strong>cum</strong></span> <span class='ocrx_word' id='word_1_37' title='bbox 447 711 550 773; x_wconf 89' lang='lat' dir='ltr'><strong>debita</strong></span> <span class='ocrx_word' id='word_1_38' title='bbox 572 711 722 773; x_wconf 87' lang='lat' dir='ltr'><strong>modestia</strong></span> <span class='ocrx_word' id='word_1_39' title='bbox 745 712 827 786; x_wconf 88' lang='lat' dir='ltr'><strong>feei),</strong></span> <span class='ocrx_word' id='word_1_40' title='bbox 852 721 885 774; x_wconf 91' lang='lat' dir='ltr'><strong>ut</strong></span> <span class='ocrx_word' id='word_1_41' title='bbox 908 711 1031 774; x_wconf 88' lang='lat' dir='ltr'><strong>divitias</strong></span> <span class='ocrx_word' id='word_1_42' title='bbox 1055 711 1123 773; x_wconf 90' lang='lat' dir='ltr'><strong>illas</strong></span> <span class='ocrx_word' id='word_1_43' title='bbox 1147 711 1190 774; x_wconf 92' lang='lat' dir='ltr'><strong>illi</strong></span> <span class='ocrx_word' id='word_1_44' title='bbox 1214 719 1458 792; x_wconf 80' lang='lat' dir='ltr'><strong>extorqueamus,</strong></span> <span class='ocrx_word' id='word_1_45' title='bbox 1482 720 1515 775; x_wconf 91' lang='lat' dir='ltr'><strong>ut</strong></span> 
     </span>
     <span class='ocr_line' id='line_1_6' title="bbox 163 800 1514 879; baseline -0.007 -11"><span class='ocrx_word' id='word_1_46' title='bbox 163 801 544 877; x_wconf 84' lang='lat' dir='ltr'><strong>emendicemus,&#39;scilicet,</strong></span> <span class='ocrx_word' id='word_1_47' title='bbox 569 810 602 861; x_wconf 95' lang='lat' dir='ltr'><strong>ut</strong></span> <span class='ocrx_word' id='word_1_48' title='bbox 624 800 729 879; x_wconf 86' lang='lat' dir='ltr'><strong>vulget</strong></span> <span class='ocrx_word' id='word_1_49' title='bbox 751 820 822 863; x_wconf 88' lang='lat' dir='ltr'><strong>suas</strong></span> <span class='ocrx_word' id='word_1_50' title='bbox 846 800 1072 862; x_wconf 88' lang='lat' dir='ltr'><strong>observationes</strong></span> <span class='ocrx_word' id='word_1_51' title='bbox 1096 800 1211 862; x_wconf 89' lang='lat' dir='ltr'><strong>sincere</strong></span> <span class='ocrx_word' id='word_1_52' title='bbox 1236 810 1267 862; x_wconf 92' lang='lat' dir='ltr'><strong>et</strong></span> <span class='ocrx_word' id='word_1_53' title='bbox 1289 820 1403 862; x_wconf 75' lang='lat' dir='ltr'><strong>omues</strong></span> <span class='ocrx_word' id='word_1_54' title='bbox 1448 800 1514 863; x_wconf 85' lang='lat' dir='ltr'><strong>Hoc</strong></span> 
     </span>
     <span class='ocr_line' id='line_1_7' title="bbox 162 889 1516 974; baseline -0.003 -19"><span class='ocrx_word' id='word_1_55' title='bbox 162 895 227 974; x_wconf 90' lang='lat' dir='ltr'><strong>ipso</strong></span> <span class='ocrx_word' id='word_1_56' title='bbox 251 901 384 972; x_wconf 88' lang='lat' dir='ltr'><strong>tempore</strong></span> <span class='ocrx_word' id='word_1_57' title='bbox 408 890 535 952; x_wconf 89' lang='lat' dir='ltr'><strong>habetur</strong></span> <span class='ocrx_word' id='word_1_58' title='bbox 557 889 605 951; x_wconf 90' lang='lat' dir='ltr'><strong>hic</strong></span> <span class='ocrx_word' id='word_1_59' title='bbox 636 889 742 968; x_wconf 85' lang='lat' dir='ltr'><strong>globus</strong></span> <span class='ocrx_word' id='word_1_60' title='bbox 765 890 928 972; x_wconf 86' lang='lat' dir='ltr'><strong>Tychonis,</strong></span> <span class='ocrx_word' id='word_1_61' title='bbox 960 891 990 952; x_wconf 93' lang='lat' dir='ltr'><strong>in</strong></span> <span class='ocrx_word' id='word_1_62' title='bbox 1016 897 1110 970; x_wconf 89' lang='lat' dir='ltr'><strong>parte-</strong></span> <span class='ocrx_word' id='word_1_63' title='bbox 1134 891 1197 970; x_wconf 88' lang='lat' dir='ltr'><strong>ejus</strong></span> <span class='ocrx_word' id='word_1_64' title='bbox 1225 890 1394 953; x_wconf 87' lang='lat' dir='ltr'><strong>antarctica</strong></span> <span class='ocrx_word' id='word_1_65' title='bbox 1417 898 1516 951; x_wconf 86' lang='lat' dir='ltr'><strong>vacua</strong></span> 
     </span>
     <span class='ocr_line' id='line_1_8' title="bbox 162 977 1513 1065; baseline -0.004 -20"><span class='ocrx_word' id='word_1_66' title='bbox 162 984 329 1065; x_wconf 87' lang='lat' dir='ltr'><strong>profitetur,</strong></span> <span class='ocrx_word' id='word_1_67' title='bbox 354 998 387 1040; x_wconf 92' lang='lat' dir='ltr'><strong>se</strong></span> <span class='ocrx_word' id='word_1_68' title='bbox 411 979 507 1040; x_wconf 90' lang='lat' dir='ltr'><strong>solum</strong></span> <span class='ocrx_word' id='word_1_69' title='bbox 531 978 762 1058; x_wconf 80' lang='lat' dir='ltr'><strong>deprehendisse</strong></span> <span class='ocrx_word' id='word_1_70' title='bbox 786 980 995 1042; x_wconf 83' lang='lat' dir='ltr'><strong>alterationem</strong></span> <span class='ocrx_word' id='word_1_71' title='bbox 1020 977 1191 1058; x_wconf 88' lang='lat' dir='ltr'><strong>eclipticae,</strong></span> <span class='ocrx_word' id='word_1_72' title='bbox 1223 979 1323 1058; x_wconf 88' lang='lat' dir='ltr'><strong>gratia</strong></span> <span class='ocrx_word' id='word_1_73' title='bbox 1346 980 1432 1059; x_wconf 89' lang='lat' dir='ltr'><strong>cujus</strong></span> <span class='ocrx_word' id='word_1_74' title='bbox 1457 999 1513 1041; x_wconf 88' lang='lat' dir='ltr'><strong>au-</strong></span> 
     </span>
     <span class='ocr_line' id='line_1_9' title="bbox 162 1067 1512 1150; baseline -0.004 -16"><span class='ocrx_word' id='word_1_75' title='bbox 162 1079 287 1150; x_wconf 84' lang='lat' dir='ltr'><strong>geantur</strong></span> <span class='ocrx_word' id='word_1_76' title='bbox 309 1068 357 1130; x_wconf 87' lang='lat' dir='ltr'><strong>vel</strong></span> <span class='ocrx_word' id='word_1_77' title='bbox 386 1068 556 1130; x_wconf 90' lang='lat' dir='ltr'><strong>minuantur</strong></span> <span class='ocrx_word' id='word_1_78' title='bbox 582 1067 758 1130; x_wconf 84' lang='lat' dir='ltr'><strong>latitudines</strong></span> <span class='ocrx_word' id='word_1_79' title='bbox 788 1069 912 1130; x_wconf 81' lang='lat' dir='ltr'><strong>lixarum</strong></span> <span class='ocrx_word' id='word_1_80' title='bbox 941 1070 979 1131; x_wconf 91' lang='lat' dir='ltr'><strong>ad</strong></span> <span class='ocrx_word' id='word_1_81' title='bbox 1008 1068 1176 1148; x_wconf 81' lang='lat' dir='ltr'><strong>eclipticam</strong></span> <span class='ocrx_word' id='word_1_82' title='bbox 1203 1074 1405 1148; x_wconf 88' lang='lat' dir='ltr'><strong>computatae.</strong></span> <span class='ocrx_word' id='word_1_83' title='bbox 1452 1068 1512 1130; x_wconf 89' lang='lat' dir='ltr'><strong>Sed</strong></span> 
     </span>
    </p>
   </div>
   <div class='ocr_carea' id='block_1_3' title="bbox 162 1153 1514 1373">
    <p class='ocr_par' dir='ltr' id='par_1_3' title="bbox 162 1153 1514 1373">
     <span class='ocr_line' id='line_1_10' title="bbox 162 1153 845 1237; baseline -0.007 -13"><span class='ocrx_word' id='word_1_84' title='bbox 162 1162 245 1224; x_wconf 92' lang='lat' dir='ltr'><strong>illam</strong></span> <span class='ocrx_word' id='word_1_85' title='bbox 266 1161 345 1221; x_wconf 90' lang='lat' dir='ltr'><strong>intra</strong></span> <span class='ocrx_word' id='word_1_86' title='bbox 369 1153 432 1219; x_wconf 86' lang='lat' dir='ltr'><strong>i00</strong></span> <span class='ocrx_word' id='word_1_87' title='bbox 455 1175 549 1217; x_wconf 88' lang='lat' dir='ltr'><strong>annos</strong></span> <span class='ocrx_word' id='word_1_88' title='bbox 572 1176 676 1237; x_wconf 89' lang='lat' dir='ltr'><strong>pamm</strong></span> <span class='ocrx_word' id='word_1_89' title='bbox 699 1175 845 1219; x_wconf 87' lang='lat' dir='ltr'><strong>crescere.</strong></span> 
     </span>
     <span class='ocr_line' id='line_1_11' title="bbox 163 1244 1514 1373; baseline -0.005 -74"><span class='ocrx_word' id='word_1_90' title='bbox 163 1321 196 1373; x_wconf 42' lang='lat' dir='ltr'><strong>td</strong></span> <span class='ocrx_word' id='word_1_91' title='bbox 212 1248 314 1371; x_wconf 54' lang='lat' dir='ltr'><strong>V2pap1</strong></span> <span class='ocrx_word' id='word_1_92' title='bbox 315 1251 448 1368; x_wconf 44' lang='lat' dir='ltr'><strong>sxupptnr</strong></span> <span class='ocrx_word' id='word_1_93' title='bbox 459 1245 531 1302; x_wconf 85' lang='lat' dir='ltr'><strong>haec,</strong></span> <span class='ocrx_word' id='word_1_94' title='bbox 544 1260 619 1310; x_wconf 91' lang='lat' dir='ltr'><strong>quum</strong></span> <span class='ocrx_word' id='word_1_95' title='bbox 631 1245 664 1295; x_wconf 85' lang='lat' dir='ltr'><strong>ad</strong></span> <span class='ocrx_word' id='word_1_96' title='bbox 677 1245 791 1310; x_wconf 87' lang='lat' dir='ltr'><strong>Opticam</strong></span> <span class='ocrx_word' id='word_1_97' title='bbox 803 1253 830 1296; x_wconf 90' lang='lat' dir='ltr'><strong>et</strong></span> <span class='ocrx_word' id='word_1_98' title='bbox 843 1244 1032 1310; x_wconf 82' lang='lat' dir='ltr'><strong>Chronologls&#39;m</strong></span> <span class='ocrx_word' id='word_1_99' title='bbox 1046 1246 1194 1309; x_wconf 83' lang='lat' dir='ltr'><strong>pertineant,</strong></span> <span class='ocrx_word' id='word_1_100' title='bbox 1212 1244 1362 1295; x_wconf 75' lang='lat' dir='ltr'><strong>mserranda</strong></span> <span class='ocrx_word' id='word_1_101' title='bbox 1373 1246 1514 1295; x_wconf 83' lang='lat' dir='ltr'><strong>censuimus</strong></span> 
     </span>
    </p>
   </div>
   <div class='ocr_carea' id='block_1_4' title="bbox 163 1473 1512 1685">
    <p class='ocr_par' dir='ltr' id='par_1_4' title="bbox 163 1473 1512 1685">
     <span class='ocr_line' id='line_1_12' title="bbox 232 1473 1512 1541; baseline -0.003 -13"><span class='ocrx_word' id='word_1_102' title='bbox 232 1475 419 1528; x_wconf 80' lang='lat' dir='ltr'><strong>Massilinns</strong></span> <span class='ocrx_word' id='word_1_103' title='bbox 437 1489 533 1538; x_wconf 88' lang='lat' dir='ltr'><strong>prorsus</strong></span> <span class='ocrx_word' id='word_1_104' title='bbox 552 1476 675 1524; x_wconf 79' lang='lat' dir='ltr'><strong>consentit</strong></span> <span class='ocrx_word' id='word_1_105' title='bbox 693 1474 808 1540; x_wconf 87' lang='lat' dir='ltr'><strong>Kepleru.</strong></span> <span class='ocrx_word' id='word_1_106' title='bbox 837 1475 867 1524; x_wconf 92' lang='lat' dir='ltr'><strong>In</strong></span> <span class='ocrx_word' id='word_1_107' title='bbox 886 1476 961 1535; x_wconf 83' lang='lat' dir='ltr'><strong>literis</strong></span> <span class='ocrx_word' id='word_1_108' title='bbox 980 1473 1045 1525; x_wconf 88' lang='lat' dir='ltr'><strong>datis</strong></span> <span class='ocrx_word' id='word_1_109' title='bbox 1064 1476 1087 1526; x_wconf 90' lang='lat' dir='ltr'><strong>d.</strong></span> <span class='ocrx_word' id='word_1_110' title='bbox 1106 1473 1138 1524; x_wconf 83' lang='lat'><strong>22</strong></span> <span class='ocrx_word' id='word_1_111' title='bbox 1152 1476 1210 1540; x_wconf 81' lang='lat' dir='ltr'><strong>hpr.</strong></span> <span class='ocrx_word' id='word_1_112' title='bbox 1226 1473 1293 1525; x_wconf 74' lang='grc'>1599</span> <span class='ocrx_word' id='word_1_113' title='bbox 1312 1475 1377 1526; x_wconf 85' lang='lat' dir='ltr'><strong>haec</strong></span> <span class='ocrx_word' id='word_1_114' title='bbox 1395 1474 1512 1541; x_wconf 87' lang='lat' dir='ltr'><strong>legimus:</strong></span> 
     </span>
     <span class='ocr_line' id='line_1_13' title="bbox 163 1545 1511 1612; baseline -0.003 -12"><span class='ocrx_word' id='word_1_115' title='bbox 163 1549 202 1600; x_wconf 89' lang='lat' dir='ltr'><strong>De</strong></span> <span class='ocrx_word' id='word_1_116' title='bbox 221 1548 343 1612; x_wconf 69' lang='lat' dir='ltr'><strong>&#39;tychonis</strong></span> <span class='ocrx_word' id='word_1_117' title='bbox 360 1545 533 1610; x_wconf 77' lang='lat' dir='ltr'><strong>hypothesibus</strong></span> <span class='ocrx_word' id='word_1_118' title='bbox 552 1559 615 1610; x_wconf 88' lang='lat' dir='ltr'><strong>quae</strong></span> <span class='ocrx_word' id='word_1_119' title='bbox 634 1547 726 1609; x_wconf 89' lang='lat' dir='ltr'><strong>scribis,</strong></span> <span class='ocrx_word' id='word_1_120' title='bbox 744 1547 803 1596; x_wconf 91' lang='lat' dir='ltr'><strong>mihi</strong></span> <span class='ocrx_word' id='word_1_121' title='bbox 821 1547 978 1599; x_wconf 80' lang='lat' dir='ltr'><strong>vehementer</strong></span> <span class='ocrx_word' id='word_1_122' title='bbox 993 1547 1099 1610; x_wconf 84' lang='lat' dir='ltr'><strong>placent</strong></span> <span class='ocrx_word' id='word_1_123' title='bbox 1131 1546 1169 1595; x_wconf 80' lang='lat' dir='ltr'><strong>Tu</strong></span> <span class='ocrx_word' id='word_1_124' title='bbox 1187 1547 1277 1602; x_wconf 87' lang='lat' dir='ltr'><strong>doceri,</strong></span> <span class='ocrx_word' id='word_1_125' title='bbox 1296 1561 1346 1604; x_wconf 80' lang='lat' dir='ltr'><strong>noa</strong></span> <span class='ocrx_word' id='word_1_126' title='bbox 1364 1547 1451 1596; x_wconf 89' lang='lat' dir='ltr'><strong>terreri</strong></span> <span class='ocrx_word' id='word_1_127' title='bbox 1469 1547 1511 1596; x_wconf 86' lang='lat' dir='ltr'><strong>ria</strong></span> 
     </span>
     <span class='ocr_line' id='line_1_14' title="bbox 164 1616 1511 1685; baseline -0.004 -13"><span class='ocrx_word' id='word_1_128' title='bbox 164 1621 232 1671; x_wconf 91' lang='lat' dir='ltr'><strong>Idem</strong></span> <span class='ocrx_word' id='word_1_129' title='bbox 251 1634 297 1685; x_wconf 85' lang='lat' dir='ltr'><strong>ege</strong></span> <span class='ocrx_word' id='word_1_130' title='bbox 314 1617 455 1670; x_wconf 77' lang='lat' dir='ltr'><strong>ismsudnm</strong></span> <span class='ocrx_word' id='word_1_131' title='bbox 470 1616 562 1685; x_wconf 71' lang='lat' dir='ltr'><strong>ludium</strong></span> <span class='ocrx_word' id='word_1_132' title='bbox 599 1616 669 1666; x_wconf 81' lang='lat' dir='ltr'><strong>Istud</strong></span> <span class='ocrx_word' id='word_1_133' title='bbox 687 1617 842 1681; x_wconf 86' lang='lat' dir='ltr'><strong>physicorum</strong></span> <span class='ocrx_word' id='word_1_134' title='bbox 861 1625 887 1667; x_wconf 94' lang='lat' dir='ltr'><strong>et</strong></span> <span class='ocrx_word' id='word_1_135' title='bbox 903 1617 1071 1683; x_wconf 78' lang='lat' dir='ltr'><strong>theologorum</strong></span> <span class='ocrx_word' id='word_1_136' title='bbox 1095 1616 1156 1680; x_wconf 91' lang='lat' dir='ltr'><strong>(nou</strong></span> <span class='ocrx_word' id='word_1_137' title='bbox 1175 1618 1229 1667; x_wconf 86' lang='lat' dir='ltr'><strong>dico</strong></span> <span class='ocrx_word' id='word_1_138' title='bbox 1252 1617 1370 1682; x_wconf 85' lang='lat' dir='ltr'><strong>physicae</strong></span> <span class='ocrx_word' id='word_1_139' title='bbox 1393 1625 1420 1667; x_wconf 91' lang='lat' dir='ltr'><strong>et</strong></span> <span class='ocrx_word' id='word_1_140' title='bbox 1442 1616 1511 1667; x_wconf 88' lang='lat' dir='ltr'><strong>theo·</strong></span> 
     </span>
    </p>
   </div>
   <div class='ocr_carea' id='block_1_5' title="bbox 87 1686 1511 1758">
    <p class='ocr_par' dir='ltr' id='par_1_5' title="bbox 87 1686 1511 1758">
     <span class='ocr_line' id='line_1_15' title="bbox 87 1686 1511 1758; baseline -0.001 -17"><span class='ocrx_word' id='word_1_141' title='bbox 87 1718 93 1728; x_wconf 70' lang='lat'>=</span> <span class='ocrx_word' id='word_1_142' title='bbox 163 1687 257 1758; x_wconf 84' lang='lat' dir='ltr'><strong>logias)</strong></span> <span class='ocrx_word' id='word_1_143' title='bbox 274 1689 453 1754; x_wconf 73' lang='lat' dir='ltr'><strong>praeiudicium</strong></span> <span class='ocrx_word' id='word_1_144' title='bbox 470 1690 549 1751; x_wconf 90' lang='lat' dir='ltr'><strong>ipsum</strong></span> <span class='ocrx_word' id='word_1_145' title='bbox 565 1688 592 1738; x_wconf 92' lang='lat' dir='ltr'><strong>in</strong></span> <span class='ocrx_word' id='word_1_146' title='bbox 610 1688 677 1738; x_wconf 87' lang='lat' dir='ltr'><strong>illam</strong></span> <span class='ocrx_word' id='word_1_147' title='bbox 696 1691 844 1738; x_wconf 88' lang='lat' dir='ltr'><strong>senteutiam</strong></span> <span class='ocrx_word' id='word_1_148' title='bbox 868 1691 998 1753; x_wconf 85' lang='lat' dir='ltr'><strong>pertraxit,</strong></span> <span class='ocrx_word' id='word_1_149' title='bbox 1022 1697 1050 1739; x_wconf 91' lang='lat' dir='ltr'><strong>ut</strong></span> <span class='ocrx_word' id='word_1_150' title='bbox 1068 1690 1169 1739; x_wconf 78' lang='lat' dir='ltr'><strong>Terram</strong></span> <span class='ocrx_word' id='word_1_151' title='bbox 1194 1686 1396 1749; x_wconf 73' lang='lat' dir='ltr'><strong>(minutissimum</strong></span> <span class='ocrx_word' id='word_1_152' title='bbox 1414 1702 1511 1752; x_wconf 87' lang='lat' dir='ltr'><strong>corpus·</strong></span> 
     </span>
    </p>
   </div>
   <div class='ocr_carea' id='block_1_6' title="bbox 126 1758 1514 3819">
    <p class='ocr_par' dir='ltr' id='par_1_6' title="bbox 126 1758 1512 2609">
     <span class='ocr_line' id='line_1_16' title="bbox 164 1758 1510 1827; baseline -0.003 -14"><span class='ocrx_word' id='word_1_153' title='bbox 164 1763 254 1818; x_wconf 84' lang='lat' dir='ltr'><strong>culum,</strong></span> <span class='ocrx_word' id='word_1_154' title='bbox 270 1775 315 1811; x_wconf 90' lang='lat' dir='ltr'><strong>seu</strong></span> <span class='ocrx_word' id='word_1_155' title='bbox 332 1763 413 1827; x_wconf 89' lang='lat' dir='ltr'><strong>potius</strong></span> <span class='ocrx_word' id='word_1_156' title='bbox 431 1759 582 1824; x_wconf 87' lang='lat' dir='ltr'><strong>punctulum,</strong></span> <span class='ocrx_word' id='word_1_157' title='bbox 602 1767 635 1817; x_wconf 92' lang='lat' dir='ltr'><strong>et,</strong></span> <span class='ocrx_word' id='word_1_158' title='bbox 655 1761 719 1810; x_wconf 90' lang='lat' dir='ltr'><strong>sicut</strong></span> <span class='ocrx_word' id='word_1_159' title='bbox 736 1761 830 1824; x_wconf 89' lang='lat' dir='ltr'><strong>scripsi,</strong></span> <span class='ocrx_word' id='word_1_160' title='bbox 849 1763 870 1809; x_wconf 87' lang='lat' dir='ltr'><strong>si</strong></span> <span class='ocrx_word' id='word_1_161' title='bbox 888 1761 945 1825; x_wconf 91' lang='lat' dir='ltr'><strong>quid</strong></span> <span class='ocrx_word' id='word_1_162' title='bbox 964 1769 1054 1825; x_wconf 89' lang='lat' dir='ltr'><strong>puncto</strong></span> <span class='ocrx_word' id='word_1_163' title='bbox 1072 1761 1151 1810; x_wconf 88' lang='lat' dir='ltr'><strong>minus</strong></span> <span class='ocrx_word' id='word_1_164' title='bbox 1163 1760 1217 1810; x_wconf 83' lang='lat' dir='ltr'><strong>dari</strong></span> <span class='ocrx_word' id='word_1_165' title='bbox 1234 1758 1322 1824; x_wconf 83' lang='lat' dir='ltr'><strong>possit)</strong></span> <span class='ocrx_word' id='word_1_166' title='bbox 1341 1760 1450 1809; x_wconf 87' lang='lat' dir='ltr'><strong>retineat</strong></span> <span class='ocrx_word' id='word_1_167' title='bbox 1467 1761 1510 1809; x_wconf 86' lang='lat' dir='ltr'><strong>im·</strong></span> 
     </span>
     <span class='ocr_line' id='line_1_17' title="bbox 126 1830 1511 1896; baseline -0.003 -13"><span class='ocrx_word' id='word_1_168' title='bbox 126 1852 129 1858; x_wconf 95' lang='lat'>·</span> <span class='ocrx_word' id='word_1_169' title='bbox 164 1833 283 1894; x_wconf 80' lang='lat' dir='ltr'><strong>mobilem,</strong></span> <span class='ocrx_word' id='word_1_170' title='bbox 303 1845 402 1896; x_wconf 88' lang='lat' dir='ltr'><strong>corpore</strong></span> <span class='ocrx_word' id='word_1_171' title='bbox 420 1838 472 1880; x_wconf 89' lang='lat' dir='ltr'><strong>tam</strong></span> <span class='ocrx_word' id='word_1_172' title='bbox 491 1836 559 1880; x_wconf 84' lang='lat' dir='ltr'><strong>resto</strong></span> <span class='ocrx_word' id='word_1_173' title='bbox 578 1830 675 1881; x_wconf 89' lang='lat' dir='ltr'><strong>interim</strong></span> <span class='ocrx_word' id='word_1_174' title='bbox 693 1831 776 1882; x_wconf 88' lang='lat' dir='ltr'><strong>mobili</strong></span> <span class='ocrx_word' id='word_1_175' title='bbox 795 1833 964 1896; x_wconf 85' lang='lat' dir='ltr'><strong>circumsepto.</strong></span> <span class='ocrx_word' id='word_1_176' title='bbox 992 1830 1155 1882; x_wconf 81' lang='lat' dir='ltr'><strong>Nec&#39;dnbito.</strong></span> <span class='ocrx_word' id='word_1_177' title='bbox 1175 1833 1242 1895; x_wconf 91' lang='lat' dir='ltr'><strong>quin,</strong></span> <span class='ocrx_word' id='word_1_178' title='bbox 1261 1833 1366 1883; x_wconf 85' lang='lat' dir='ltr'><strong>situum</strong></span> <span class='ocrx_word' id='word_1_179' title='bbox 1384 1833 1511 1882; x_wconf 80' lang='lat' dir='ltr'><strong>inventum</strong></span> 
     </span>
     <span class='ocr_line' id='line_1_18' title="bbox 163 1898 1511 1969; baseline -0.001 -15"><span class='ocrx_word' id='word_1_180' title='bbox 163 1905 228 1969; x_wconf 90' lang='lat' dir='ltr'><strong>prius</strong></span> <span class='ocrx_word' id='word_1_181' title='bbox 253 1917 325 1967; x_wconf 86' lang='lat' dir='ltr'><strong>qnam</strong></span> <span class='ocrx_word' id='word_1_182' title='bbox 343 1916 401 1952; x_wconf 90' lang='lat' dir='ltr'><strong>snas</strong></span> <span class='ocrx_word' id='word_1_183' title='bbox 417 1901 565 1966; x_wconf 83' lang='lat' dir='ltr'><strong>hypotheses</strong></span> <span class='ocrx_word' id='word_1_184' title='bbox 583 1898 715 1965; x_wconf 88' lang='lat' dir='ltr'><strong>publicarit</strong></span> <span class='ocrx_word' id='word_1_185' title='bbox 738 1902 851 1961; x_wconf 81' lang='lat' dir='ltr'><strong>vidisset,</strong></span> <span class='ocrx_word' id='word_1_186' title='bbox 880 1902 947 1953; x_wconf 88' lang='lat' dir='ltr'><strong>alind</strong></span> <span class='ocrx_word' id='word_1_187' title='bbox 974 1903 1109 1952; x_wconf 86' lang='lat' dir='ltr'><strong>statuisset</strong></span> <span class='ocrx_word' id='word_1_188' title='bbox 1146 1901 1219 1954; x_wconf 84' lang='lat' dir='ltr'><strong>Nunc</strong></span> <span class='ocrx_word' id='word_1_189' title='bbox 1242 1903 1392 1952; x_wconf 88' lang='lat' dir='ltr'><strong>seutentiam</strong></span> <span class='ocrx_word' id='word_1_190' title='bbox 1415 1908 1511 1953; x_wconf 87' lang='lat' dir='ltr'><strong>mutare</strong></span> 
     </span>
     <span class='ocr_line' id='line_1_19' title="bbox 165 1969 1510 2040; baseline -0.001 -15"><span class='ocrx_word' id='word_1_191' title='bbox 165 1973 306 2039; x_wconf 85' lang='lat' dir='ltr'><strong>etquidem</strong></span> <span class='ocrx_word' id='word_1_192' title='bbox 325 1973 357 2022; x_wconf 91' lang='lat' dir='ltr'><strong>ad</strong></span> <span class='ocrx_word' id='word_1_193' title='bbox 375 1973 476 2023; x_wconf 85' lang='lat' dir='ltr'><strong>alterius</strong></span> <span class='ocrx_word' id='word_1_194' title='bbox 495 1969 539 2034; x_wconf 88' lang='lat' dir='ltr'><strong>(ne</strong></span> <span class='ocrx_word' id='word_1_195' title='bbox 558 1973 638 2021; x_wconf 88' lang='lat' dir='ltr'><strong>dicam</strong></span> <span class='ocrx_word' id='word_1_196' title='bbox 656 1987 683 2021; x_wconf 91' lang='lat' dir='ltr'><strong>se</strong></span> <span class='ocrx_word' id='word_1_197' title='bbox 699 1971 813 2034; x_wconf 74' lang='lat' dir='ltr'><strong>iunioris)</strong></span> <span class='ocrx_word' id='word_1_198' title='bbox 831 1977 949 2031; x_wconf 80' lang='lat' dir='ltr'><strong>inventa,</strong></span> <span class='ocrx_word' id='word_1_199' title='bbox 968 1973 1050 2023; x_wconf 88' lang='lat' dir='ltr'><strong>lorsan</strong></span> <span class='ocrx_word' id='word_1_200' title='bbox 1072 1973 1243 2023; x_wconf 68' lang='lat' dir='ltr'><strong>existimationi</strong></span> <span class='ocrx_word' id='word_1_201' title='bbox 1261 1972 1372 2023; x_wconf 89' lang='lat' dir='ltr'><strong>nonnihil</strong></span> <span class='ocrx_word' id='word_1_202' title='bbox 1390 1970 1510 2040; x_wconf 80' lang='lat' dir='ltr'><strong>derogare</strong></span> 
     </span>
     <span class='ocr_line' id='line_1_20' title="bbox 163 2039 1511 2113; baseline -0.001 -18"><span class='ocrx_word' id='word_1_203' title='bbox 163 2045 267 2110; x_wconf 86' lang='lat' dir='ltr'><strong>putabit</strong></span> <span class='ocrx_word' id='word_1_204' title='bbox 303 2042 396 2093; x_wconf 83' lang='lat' dir='ltr'><strong>Verum</strong></span> <span class='ocrx_word' id='word_1_205' title='bbox 413 2045 434 2092; x_wconf 92' lang='lat' dir='ltr'><strong>si</strong></span> <span class='ocrx_word' id='word_1_206' title='bbox 453 2043 504 2092; x_wconf 82' lang='lat' dir='ltr'><strong>dies</strong></span> <span class='ocrx_word' id='word_1_207' title='bbox 523 2043 585 2092; x_wconf 90' lang='lat' dir='ltr'><strong>diem</strong></span> <span class='ocrx_word' id='word_1_208' title='bbox 605 2043 685 2099; x_wconf 88' lang='lat' dir='ltr'><strong>ducet,</strong></span> <span class='ocrx_word' id='word_1_209' title='bbox 705 2045 725 2091; x_wconf 91' lang='lat' dir='ltr'><strong>si</strong></span> <span class='ocrx_word' id='word_1_210' title='bbox 743 2039 871 2113; x_wconf 77' lang='lat' dir='ltr'><strong>decerpas</strong></span> <span class='ocrx_word' id='word_1_211' title='bbox 890 2041 1037 2113; x_wconf 77' lang='lat' dir='ltr'><strong>‹ppovrsder</strong></span> <span class='ocrx_word' id='word_1_212' title='bbox 1055 2055 1213 2112; x_wconf 80' lang='grc' dir='ltr'><strong><em>σοφωτεραι</em></strong></span> <span class='ocrx_word' id='word_1_213' title='bbox 1232 2043 1311 2100; x_wconf 77' lang='lat' dir='ltr'><strong>sirau,</strong></span> <span class='ocrx_word' id='word_1_214' title='bbox 1331 2058 1375 2093; x_wconf 88' lang='lat' dir='ltr'><strong>cur</strong></span> <span class='ocrx_word' id='word_1_215' title='bbox 1392 2059 1452 2106; x_wconf 87' lang='lat' dir='ltr'><strong>non,</strong></span> <span class='ocrx_word' id='word_1_216' title='bbox 1471 2046 1511 2110; x_wconf 84' lang='lat' dir='ltr'><strong>qui</strong></span> 
     </span>
     <span class='ocr_line' id='line_1_21' title="bbox 164 2114 1511 2182; baseline 0 -16"><span class='ocrx_word' id='word_1_217' title='bbox 164 2118 272 2166; x_wconf 83' lang='lat' dir='ltr'><strong>seniores</strong></span> <span class='ocrx_word' id='word_1_218' title='bbox 289 2126 386 2170; x_wconf 78' lang='lat' dir='ltr'><strong>miuus,</strong></span> <span class='ocrx_word' id='word_1_219' title='bbox 406 2115 529 2175; x_wconf 72' lang='lat' dir='ltr'><strong>iuniorum</strong></span> <span class='ocrx_word' id='word_1_220' title='bbox 547 2114 644 2176; x_wconf 91' lang='lat' dir='ltr'><strong>prodita</strong></span> <span class='ocrx_word' id='word_1_221' title='bbox 662 2114 747 2163; x_wconf 85' lang='lat' dir='ltr'><strong>eodem</strong></span> <span class='ocrx_word' id='word_1_222' title='bbox 765 2116 836 2164; x_wconf 91' lang='lat' dir='ltr'><strong>modo</strong></span> <span class='ocrx_word' id='word_1_223' title='bbox 854 2117 1090 2181; x_wconf 81' lang='lat' dir='ltr'><strong>magmteeeremns,</strong></span> <span class='ocrx_word' id='word_1_224' title='bbox 1113 2132 1160 2181; x_wconf 91' lang='lat' dir='ltr'><strong>qno</strong></span> <span class='ocrx_word' id='word_1_225' title='bbox 1183 2132 1228 2166; x_wconf 90' lang='lat' dir='ltr'><strong>nos</strong></span> <span class='ocrx_word' id='word_1_226' title='bbox 1246 2118 1278 2166; x_wconf 90' lang='lat' dir='ltr'><strong>ab</strong></span> <span class='ocrx_word' id='word_1_227' title='bbox 1296 2117 1355 2180; x_wconf 89' lang='lat' dir='ltr'><strong>ipsis</strong></span> <span class='ocrx_word' id='word_1_228' title='bbox 1373 2115 1511 2182; x_wconf 78' lang='lat' dir='ltr'><strong>magnifieri</strong></span> 
     </span>
     <span class='ocr_line' id='line_1_22' title="bbox 165 2181 1512 2253; baseline -0.001 -16"><span class='ocrx_word' id='word_1_229' title='bbox 165 2181 292 2251; x_wconf 77' lang='lat' dir='ltr'><strong>cupimus?</strong></span> <span class='ocrx_word' id='word_1_230' title='bbox 319 2182 421 2232; x_wconf 78' lang='lat' dir='ltr'><strong>Habent</strong></span> <span class='ocrx_word' id='word_1_231' title='bbox 437 2181 472 2230; x_wconf 90' lang='lat' dir='ltr'><strong>illi</strong></span> <span class='ocrx_word' id='word_1_232' title='bbox 490 2196 506 2231; x_wconf 91' lang='lat' dir='ltr'><strong>a</strong></span> <span class='ocrx_word' id='word_1_233' title='bbox 522 2183 592 2234; x_wconf 88' lang='lat' dir='ltr'><strong>uobis</strong></span> <span class='ocrx_word' id='word_1_234' title='bbox 610 2200 659 2232; x_wconf 90' lang='lat' dir='ltr'><strong>uon</strong></span> <span class='ocrx_word' id='word_1_235' title='bbox 679 2186 848 2248; x_wconf 84' lang='lat' dir='ltr'><strong>aspamanda:</strong></span> <span class='ocrx_word' id='word_1_236' title='bbox 868 2194 942 2237; x_wconf 88' lang='lat' dir='ltr'><strong>recte.</strong></span> <span class='ocrx_word' id='word_1_237' title='bbox 975 2189 1008 2236; x_wconf 83' lang='lat' dir='ltr'><strong>ht</strong></span> <span class='ocrx_word' id='word_1_238' title='bbox 1026 2189 1101 2238; x_wconf 83' lang='lat' dir='ltr'><strong>etism</strong></span> <span class='ocrx_word' id='word_1_239' title='bbox 1119 2189 1177 2252; x_wconf 89' lang='lat' dir='ltr'><strong>ipsis</strong></span> <span class='ocrx_word' id='word_1_240' title='bbox 1196 2187 1262 2238; x_wconf 90' lang='lat' dir='ltr'><strong>dous</strong></span> <span class='ocrx_word' id='word_1_241' title='bbox 1279 2188 1402 2237; x_wconf 75' lang='lat' dir='ltr'><strong>concmdt</strong></span> <span class='ocrx_word' id='word_1_242' title='bbox 1419 2201 1512 2253; x_wconf 83' lang='lat' dir='ltr'><strong>magna</strong></span> 
     </span>
     <span class='ocr_line' id='line_1_23' title="bbox 164 2253 1510 2325; baseline 0.003 -22"><span class='ocrx_word' id='word_1_243' title='bbox 164 2254 241 2307; x_wconf 84' lang='lat' dir='ltr'><strong>Deus.</strong></span> <span class='ocrx_word' id='word_1_244' title='bbox 270 2253 342 2303; x_wconf 80' lang='lat' dir='ltr'><strong>Certe</strong></span> <span class='ocrx_word' id='word_1_245' title='bbox 361 2266 445 2301; x_wconf 88' lang='lat' dir='ltr'><strong>omnes</strong></span> <span class='ocrx_word' id='word_1_246' title='bbox 465 2259 530 2301; x_wconf 89' lang='lat' dir='ltr'><strong>artes</strong></span> <span class='ocrx_word' id='word_1_247' title='bbox 549 2261 574 2302; x_wconf 91' lang='lat' dir='ltr'><strong>et</strong></span> <span class='ocrx_word' id='word_1_248' title='bbox 592 2255 712 2304; x_wconf 89' lang='lat' dir='ltr'><strong>scientiae</strong></span> <span class='ocrx_word' id='word_1_249' title='bbox 731 2256 763 2304; x_wconf 91' lang='lat' dir='ltr'><strong>ad</strong></span> <span class='ocrx_word' id='word_1_250' title='bbox 781 2258 904 2320; x_wconf 83' lang='lat' dir='ltr'><strong>superiore</strong></span> <span class='ocrx_word' id='word_1_251' title='bbox 917 2264 961 2307; x_wconf 90' lang='lat' dir='ltr'><strong>ant</strong></span> <span class='ocrx_word' id='word_1_252' title='bbox 978 2272 1092 2321; x_wconf 86' lang='lat' dir='ltr'><strong>supreme</strong></span> <span class='ocrx_word' id='word_1_253' title='bbox 1109 2259 1210 2325; x_wconf 85' lang='lat' dir='ltr'><strong>lastigie</strong></span> <span class='ocrx_word' id='word_1_254' title='bbox 1227 2272 1384 2323; x_wconf 77' lang='lat' dir='ltr'><strong>nequequam</strong></span> <span class='ocrx_word' id='word_1_255' title='bbox 1401 2272 1446 2322; x_wconf 88' lang='lat' dir='ltr'><strong>per</strong></span> <span class='ocrx_word' id='word_1_256' title='bbox 1464 2259 1510 2322; x_wconf 89' lang='lat' dir='ltr'><strong>pri-</strong></span> 
     </span>
     <span class='ocr_line' id='line_1_24' title="bbox 164 2323 1510 2393; baseline 0.007 -24"><span class='ocrx_word' id='word_1_257' title='bbox 164 2343 231 2388; x_wconf 65' lang='lat' dir='ltr'><strong>mos,</strong></span> <span class='ocrx_word' id='word_1_258' title='bbox 258 2325 302 2376; x_wconf 81' lang='lat' dir='ltr'><strong>sed</strong></span> <span class='ocrx_word' id='word_1_259' title='bbox 319 2337 363 2387; x_wconf 85' lang='lat' dir='ltr'><strong>per</strong></span> <span class='ocrx_word' id='word_1_260' title='bbox 379 2323 540 2385; x_wconf 81' lang='lat' dir='ltr'><strong>posteriores,</strong></span> <span class='ocrx_word' id='word_1_261' title='bbox 566 2327 605 2386; x_wconf 89' lang='lat' dir='ltr'><strong>qui</strong></span> <span class='ocrx_word' id='word_1_262' title='bbox 628 2327 733 2375; x_wconf 85' lang='lat' dir='ltr'><strong>insertis</strong></span> <span class='ocrx_word' id='word_1_263' title='bbox 751 2341 797 2376; x_wconf 90' lang='lat' dir='ltr'><strong>sua</strong></span> <span class='ocrx_word' id='word_1_264' title='bbox 814 2343 908 2392; x_wconf 90' lang='lat' dir='ltr'><strong>quoque</strong></span> <span class='ocrx_word' id='word_1_265' title='bbox 927 2329 992 2379; x_wconf 93' lang='lat' dir='ltr'><strong>dona</strong></span> <span class='ocrx_word' id='word_1_266' title='bbox 1011 2329 1124 2380; x_wconf 81' lang='lat' dir='ltr'><strong>dirimtus</strong></span> <span class='ocrx_word' id='word_1_267' title='bbox 1143 2344 1262 2379; x_wconf 86' lang='lat' dir='ltr'><strong>concessa</strong></span> <span class='ocrx_word' id='word_1_268' title='bbox 1280 2328 1510 2393; x_wconf 85' lang='lat' dir='ltr'><strong>superaddiderunt,</strong></span> 
     </span>
     <span class='ocr_line' id='line_1_25' title="bbox 166 2391 1512 2465; baseline 0 -15"><span class='ocrx_word' id='word_1_269' title='bbox 166 2396 369 2450; x_wconf 69' lang='lat' dir='ltr'><strong>concenderent.</strong></span> <span class='ocrx_word' id='word_1_270' title='bbox 406 2391 563 2454; x_wconf 85' lang='lat' dir='ltr'><strong>Quantopere</strong></span> <span class='ocrx_word' id='word_1_271' title='bbox 583 2394 742 2459; x_wconf 87' lang='lat' dir='ltr'><strong>Copemicum</strong></span> <span class='ocrx_word' id='word_1_272' title='bbox 759 2399 805 2448; x_wconf 90' lang='lat' dir='ltr'><strong>sibi</strong></span> <span class='ocrx_word' id='word_1_273' title='bbox 823 2399 973 2464; x_wconf 77' lang='lat' dir='ltr'><strong>gratulatum</strong></span> <span class='ocrx_word' id='word_1_274' title='bbox 991 2402 1066 2451; x_wconf 86' lang='lat' dir='ltr'><strong>inisse</strong></span> <span class='ocrx_word' id='word_1_275' title='bbox 1088 2402 1241 2465; x_wconf 84' lang='lat' dir='ltr'><strong>putabimus,</strong></span> <span class='ocrx_word' id='word_1_276' title='bbox 1266 2402 1287 2450; x_wconf 90' lang='lat' dir='ltr'><strong>si</strong></span> <span class='ocrx_word' id='word_1_277' title='bbox 1310 2403 1362 2465; x_wconf 87' lang='lat' dir='ltr'><strong>ipso</strong></span> <span class='ocrx_word' id='word_1_278' title='bbox 1388 2402 1443 2450; x_wconf 84' lang='lat' dir='ltr'><strong>riso</strong></span> <span class='ocrx_word' id='word_1_279' title='bbox 1467 2407 1512 2450; x_wconf 87' lang='lat' dir='ltr'><strong>tna</strong></span> 
     </span>
     <span class='ocr_line' id='line_1_26' title="bbox 164 2459 1510 2536; baseline 0.001 -15"><span class='ocrx_word' id='word_1_280' title='bbox 164 2469 299 2535; x_wconf 89' lang='lat' dir='ltr'><strong>speculatio</strong></span> <span class='ocrx_word' id='word_1_281' title='bbox 319 2468 345 2514; x_wconf 90' lang='lat' dir='ltr'><strong>iu</strong></span> <span class='ocrx_word' id='word_1_282' title='bbox 362 2463 442 2514; x_wconf 88' lang='lat' dir='ltr'><strong>lucem</strong></span> <span class='ocrx_word' id='word_1_283' title='bbox 460 2459 607 2525; x_wconf 66' lang='lat' dir='ltr'><strong>prodiisset?</strong></span> <span class='ocrx_word' id='word_1_284' title='bbox 644 2466 714 2526; x_wconf 83' lang='lat' dir='ltr'><strong>Quod</strong></span> <span class='ocrx_word' id='word_1_285' title='bbox 733 2478 815 2518; x_wconf 89' lang='lat' dir='ltr'><strong>autem</strong></span> <span class='ocrx_word' id='word_1_286' title='bbox 835 2470 867 2521; x_wconf 89' lang='lat' dir='ltr'><strong>ad</strong></span> <span class='ocrx_word' id='word_1_287' title='bbox 885 2487 935 2520; x_wconf 88' lang='lat' dir='ltr'><strong>rem</strong></span> <span class='ocrx_word' id='word_1_288' title='bbox 953 2475 1040 2536; x_wconf 87' lang='lat' dir='ltr'><strong>ipsam,</strong></span> <span class='ocrx_word' id='word_1_289' title='bbox 1059 2489 1099 2522; x_wconf 92' lang='lat' dir='ltr'><strong>me</strong></span> <span class='ocrx_word' id='word_1_290' title='bbox 1116 2488 1163 2523; x_wconf 91' lang='lat' dir='ltr'><strong>nec</strong></span> <span class='ocrx_word' id='word_1_291' title='bbox 1180 2474 1292 2536; x_wconf 85' lang='lat' dir='ltr'><strong>poenitet</strong></span> <span class='ocrx_word' id='word_1_292' title='bbox 1309 2487 1356 2522; x_wconf 89' lang='lat' dir='ltr'><strong>neo</strong></span> <span class='ocrx_word' id='word_1_293' title='bbox 1374 2471 1453 2536; x_wconf 86' lang='lat' dir='ltr'><strong>pudet</strong></span> <span class='ocrx_word' id='word_1_294' title='bbox 1470 2486 1510 2522; x_wconf 88' lang='lat' dir='ltr'><strong>so·</strong></span> 
     </span>
     <span class='ocr_line' id='line_1_27' title="bbox 165 2533 1474 2609; baseline 0.009 -26"><span class='ocrx_word' id='word_1_295' title='bbox 165 2557 230 2599; x_wconf 75' lang='lat' dir='ltr'><strong>mm,</strong></span> <span class='ocrx_word' id='word_1_296' title='bbox 250 2552 314 2604; x_wconf 84' lang='lat' dir='ltr'><strong>quse</strong></span> <span class='ocrx_word' id='word_1_297' title='bbox 331 2538 357 2585; x_wconf 87' lang='lat' dir='ltr'><strong>iu</strong></span> <span class='ocrx_word' id='word_1_298' title='bbox 375 2534 527 2599; x_wconf 86' lang='lat' dir='ltr'><strong>praelatione</strong></span> <span class='ocrx_word' id='word_1_299' title='bbox 546 2535 571 2582; x_wconf 92' lang='lat' dir='ltr'><strong>in</strong></span> <span class='ocrx_word' id='word_1_300' title='bbox 584 2533 754 2589; x_wconf 84' lang='lat' dir='ltr'><strong>Narrationem</strong></span> <span class='ocrx_word' id='word_1_301' title='bbox 765 2539 863 2591; x_wconf 85' lang='lat' dir='ltr'><strong>Rhetici</strong></span> <span class='ocrx_word' id='word_1_302' title='bbox 876 2544 959 2609; x_wconf 88' lang='lat' dir='ltr'><strong>scripsi</strong></span> <span class='ocrx_word' id='word_1_303' title='bbox 978 2543 1037 2604; x_wconf 87' lang='lat' dir='ltr'><strong>(rid.</strong></span> <span class='ocrx_word' id='word_1_304' title='bbox 1054 2559 1078 2607; x_wconf 91' lang='lat' dir='ltr'><strong>p.</strong></span> <span class='ocrx_word' id='word_1_305' title='bbox 1093 2542 1145 2602; x_wconf 84' lang='grc'><strong>27).</strong></span> <span class='ocrx_word' id='word_1_306' title='bbox 1468 2592 1474 2602; x_wconf 83' lang='grc'>,</span> 
     </span>
    </p>

    <p class='ocr_par' dir='ltr' id='par_1_7' title="bbox 164 2605 1513 3602">
     <span class='ocr_line' id='line_1_28' title="bbox 237 2605 1511 2676; baseline 0.005 -18"><span class='ocrx_word' id='word_1_307' title='bbox 237 2609 309 2671; x_wconf 81' lang='lat' dir='ltr'><strong>Quod</strong></span> <span class='ocrx_word' id='word_1_308' title='bbox 326 2621 369 2672; x_wconf 88' lang='lat' dir='ltr'><strong>pro</strong></span> <span class='ocrx_word' id='word_1_309' title='bbox 387 2605 469 2655; x_wconf 87' lang='lat' dir='ltr'><strong>labore</strong></span> <span class='ocrx_word' id='word_1_310' title='bbox 489 2611 514 2653; x_wconf 93' lang='lat' dir='ltr'><strong>et</strong></span> <span class='ocrx_word' id='word_1_311' title='bbox 532 2607 649 2656; x_wconf 85' lang='lat' dir='ltr'><strong>sumtibus</strong></span> <span class='ocrx_word' id='word_1_312' title='bbox 668 2616 693 2658; x_wconf 90' lang='lat' dir='ltr'><strong>et</strong></span> <span class='ocrx_word' id='word_1_313' title='bbox 717 2610 823 2674; x_wconf 90' lang='lat' dir='ltr'><strong>inprimis</strong></span> <span class='ocrx_word' id='word_1_314' title='bbox 846 2628 888 2676; x_wconf 89' lang='lat' dir='ltr'><strong>pro</strong></span> <span class='ocrx_word' id='word_1_315' title='bbox 910 2613 956 2664; x_wconf 89' lang='lat' dir='ltr'><strong>hoc</strong></span> <span class='ocrx_word' id='word_1_316' title='bbox 980 2617 1078 2663; x_wconf 84' lang='lat' dir='ltr'><strong>invento</strong></span> <span class='ocrx_word' id='word_1_317' title='bbox 1101 2623 1156 2672; x_wconf 87' lang='lat' dir='ltr'><strong>tuo,</strong></span> <span class='ocrx_word' id='word_1_318' title='bbox 1182 2614 1290 2664; x_wconf 85' lang='lat' dir='ltr'><strong>maxima</strong></span> <span class='ocrx_word' id='word_1_319' title='bbox 1313 2615 1511 2665; x_wconf 85' lang='lat' dir='ltr'><strong>remuneratione</strong></span> 
     </span>
     <span class='ocr_line' id='line_1_29' title="bbox 166 2674 1510 2752; baseline 0.007 -24"><span class='ocrx_word' id='word_1_320' title='bbox 166 2683 314 2749; x_wconf 74' lang='lat' dir='ltr'><strong>dignissimo,</strong></span> <span class='ocrx_word' id='word_1_321' title='bbox 333 2677 378 2727; x_wconf 89' lang='lat' dir='ltr'><strong>tibi</strong></span> <span class='ocrx_word' id='word_1_322' title='bbox 395 2674 502 2725; x_wconf 85' lang='lat' dir='ltr'><strong>nundum</strong></span> <span class='ocrx_word' id='word_1_323' title='bbox 522 2676 676 2726; x_wconf 85' lang='lat' dir='ltr'><strong>satisfactum</strong></span> <span class='ocrx_word' id='word_1_324' title='bbox 695 2687 739 2737; x_wconf 90' lang='lat' dir='ltr'><strong>est,</strong></span> <span class='ocrx_word' id='word_1_325' title='bbox 759 2682 828 2732; x_wconf 84' lang='lat' dir='ltr'><strong>doleo</strong></span> <span class='ocrx_word' id='word_1_326' title='bbox 847 2684 1009 2752; x_wconf 77' lang='lat' dir='ltr'><strong>vehementer.</strong></span> <span class='ocrx_word' id='word_1_327' title='bbox 1038 2684 1128 2735; x_wconf 86' lang='lat' dir='ltr'><strong>Verum</strong></span> <span class='ocrx_word' id='word_1_328' title='bbox 1141 2687 1176 2735; x_wconf 91' lang='lat' dir='ltr'><strong>slc</strong></span> <span class='ocrx_word' id='word_1_329' title='bbox 1190 2692 1358 2750; x_wconf 88' lang='lat' dir='ltr'><strong>comparatum</strong></span> <span class='ocrx_word' id='word_1_330' title='bbox 1377 2700 1432 2735; x_wconf 91' lang='lat' dir='ltr'><strong>esse</strong></span> <span class='ocrx_word' id='word_1_331' title='bbox 1444 2687 1510 2737; x_wconf 82' lang='lat' dir='ltr'><strong>ride·</strong></span> 
     </span>
     <span class='ocr_line' id='line_1_30' title="bbox 165 2747 1512 2821; baseline 0.001 -17"><span class='ocrx_word' id='word_1_332' title='bbox 165 2769 231 2811; x_wconf 84' lang='lat' dir='ltr'><strong>mus,</strong></span> <span class='ocrx_word' id='word_1_333' title='bbox 256 2757 298 2808; x_wconf 89' lang='lat' dir='ltr'><strong>ut,</strong></span> <span class='ocrx_word' id='word_1_334' title='bbox 323 2762 387 2814; x_wconf 86' lang='lat' dir='ltr'><strong>quse</strong></span> <span class='ocrx_word' id='word_1_335' title='bbox 404 2747 478 2797; x_wconf 88' lang='lat' dir='ltr'><strong>laude</strong></span> <span class='ocrx_word' id='word_1_336' title='bbox 502 2753 559 2795; x_wconf 89' lang='lat' dir='ltr'><strong>suut</strong></span> <span class='ocrx_word' id='word_1_337' title='bbox 577 2747 727 2812; x_wconf 79' lang='lat' dir='ltr'><strong>dignissima.</strong></span> <span class='ocrx_word' id='word_1_338' title='bbox 746 2761 904 2816; x_wconf 84' lang='lat' dir='ltr'><strong>spernantur,</strong></span> <span class='ocrx_word' id='word_1_339' title='bbox 928 2771 1039 2821; x_wconf 87' lang='lat' dir='ltr'><strong>quaeque</strong></span> <span class='ocrx_word' id='word_1_340' title='bbox 1060 2758 1128 2807; x_wconf 87' lang='lat' dir='ltr'><strong>nullo</strong></span> <span class='ocrx_word' id='word_1_341' title='bbox 1152 2759 1230 2821; x_wconf 86' lang='lat' dir='ltr'><strong>pretio</strong></span> <span class='ocrx_word' id='word_1_342' title='bbox 1250 2757 1384 2821; x_wconf 84' lang='lat' dir='ltr'><strong>adaequari</strong></span> <span class='ocrx_word' id='word_1_343' title='bbox 1400 2766 1512 2821; x_wconf 70' lang='lat' dir='ltr'><strong>possum.</strong></span> 
     </span>
     <span class='ocr_line' id='line_1_31' title="bbox 165 2818 1513 2893; baseline 0.003 -18"><span class='ocrx_word' id='word_1_344' title='bbox 165 2826 231 2875; x_wconf 88' lang='lat' dir='ltr'><strong>nulle</strong></span> <span class='ocrx_word' id='word_1_345' title='bbox 249 2825 324 2873; x_wconf 88' lang='lat' dir='ltr'><strong>etism</strong></span> <span class='ocrx_word' id='word_1_346' title='bbox 346 2821 423 2884; x_wconf 89' lang='lat' dir='ltr'><strong>pretio</strong></span> <span class='ocrx_word' id='word_1_347' title='bbox 447 2818 523 2881; x_wconf 86' lang='lat' dir='ltr'><strong>digna</strong></span> <span class='ocrx_word' id='word_1_348' title='bbox 544 2824 667 2880; x_wconf 84' lang='lat' dir='ltr'><strong>putentur.</strong></span> <span class='ocrx_word' id='word_1_349' title='bbox 705 2820 796 2873; x_wconf 89' lang='lat' dir='ltr'><strong>Verum</strong></span> <span class='ocrx_word' id='word_1_350' title='bbox 818 2826 927 2876; x_wconf 85' lang='lat' dir='ltr'><strong>confidas</strong></span> <span class='ocrx_word' id='word_1_351' title='bbox 951 2828 1047 2877; x_wconf 88' lang='lat' dir='ltr'><strong>domino</strong></span> <span class='ocrx_word' id='word_1_352' title='bbox 1065 2828 1133 2884; x_wconf 91' lang='lat' dir='ltr'><strong>Deo,</strong></span> <span class='ocrx_word' id='word_1_353' title='bbox 1157 2831 1199 2893; x_wconf 91' lang='lat' dir='ltr'><strong>qui</strong></span> <span class='ocrx_word' id='word_1_354' title='bbox 1220 2829 1265 2877; x_wconf 90' lang='lat' dir='ltr'><strong>tibi</strong></span> <span class='ocrx_word' id='word_1_355' title='bbox 1287 2829 1385 2892; x_wconf 87' lang='lat' dir='ltr'><strong>tuisque</strong></span> <span class='ocrx_word' id='word_1_356' title='bbox 1407 2827 1513 2879; x_wconf 79' lang='lat' dir='ltr'><strong>fideliter</strong></span> 
     </span>
     <span class='ocr_line' id='line_1_32' title="bbox 164 2888 1511 2965; baseline 0.003 -19"><span class='ocrx_word' id='word_1_357' title='bbox 164 2894 290 2961; x_wconf 88' lang='lat' dir='ltr'><strong>rependet,</strong></span> <span class='ocrx_word' id='word_1_358' title='bbox 309 2905 373 2957; x_wconf 89' lang='lat' dir='ltr'><strong>quae</strong></span> <span class='ocrx_word' id='word_1_359' title='bbox 392 2890 433 2938; x_wconf 87' lang='lat' dir='ltr'><strong>alii</strong></span> <span class='ocrx_word' id='word_1_360' title='bbox 451 2888 490 2937; x_wconf 88' lang='lat' dir='ltr'><strong>rel</strong></span> <span class='ocrx_word' id='word_1_361' title='bbox 503 2895 597 2953; x_wconf 87' lang='lat' dir='ltr'><strong>negant</strong></span> <span class='ocrx_word' id='word_1_362' title='bbox 609 2890 646 2938; x_wconf 89' lang='lat' dir='ltr'><strong>rel</strong></span> <span class='ocrx_word' id='word_1_363' title='bbox 660 2890 780 2942; x_wconf 82' lang='lat' dir='ltr'><strong>differunt.</strong></span> <span class='ocrx_word' id='word_1_364' title='bbox 808 2894 909 2946; x_wconf 83' lang='lat' dir='ltr'><strong>interim</strong></span> <span class='ocrx_word' id='word_1_365' title='bbox 927 2901 1008 2947; x_wconf 89' lang='lat' dir='ltr'><strong>mirari</strong></span> <span class='ocrx_word' id='word_1_366' title='bbox 1027 2901 1087 2949; x_wconf 87' lang='lat' dir='ltr'><strong>satis</strong></span> <span class='ocrx_word' id='word_1_367' title='bbox 1105 2908 1174 2949; x_wconf 89' lang='lat' dir='ltr'><strong>tuam</strong></span> <span class='ocrx_word' id='word_1_368' title='bbox 1193 2914 1254 2965; x_wconf 81' lang='lat' dir='ltr'><strong>erga</strong></span> <span class='ocrx_word' id='word_1_369' title='bbox 1270 2913 1311 2949; x_wconf 88' lang='lat' dir='ltr'><strong>me</strong></span> <span class='ocrx_word' id='word_1_370' title='bbox 1328 2897 1511 2957; x_wconf 83' lang='lat' dir='ltr'><strong>liberalitatem.</strong></span> 
     </span>
     <span class='ocr_line' id='line_1_33' title="bbox 164 2959 1512 3037; baseline 0.005 -24"><span class='ocrx_word' id='word_1_371' title='bbox 164 2980 267 3031; x_wconf 84' lang='lat' dir='ltr'><strong>eamque</strong></span> <span class='ocrx_word' id='word_1_372' title='bbox 285 2965 450 3024; x_wconf 81' lang='lat' dir='ltr'><strong>maximopere</strong></span> <span class='ocrx_word' id='word_1_373' title='bbox 469 2960 551 3023; x_wconf 91' lang='lat' dir='ltr'><strong>tuique</strong></span> <span class='ocrx_word' id='word_1_374' title='bbox 569 2959 812 3015; x_wconf 83' lang='lat' dir='ltr'><strong>honorificentissima</strong></span> <span class='ocrx_word' id='word_1_375' title='bbox 837 2969 922 3018; x_wconf 89' lang='lat' dir='ltr'><strong>addita</strong></span> <span class='ocrx_word' id='word_1_376' title='bbox 941 2972 1064 3019; x_wconf 85' lang='lat' dir='ltr'><strong>mentione</strong></span> <span class='ocrx_word' id='word_1_377' title='bbox 1084 2973 1144 3020; x_wconf 86' lang='lat' dir='ltr'><strong>satis</strong></span> <span class='ocrx_word' id='word_1_378' title='bbox 1162 2971 1304 3035; x_wconf 88' lang='lat' dir='ltr'><strong>praedicare</strong></span> <span class='ocrx_word' id='word_1_379' title='bbox 1323 2985 1428 3035; x_wconf 89' lang='lat' dir='ltr'><strong>nequeo,</strong></span> <span class='ocrx_word' id='word_1_380' title='bbox 1447 2970 1512 3037; x_wconf 77' lang='lat' dir='ltr'><strong>quod</strong></span> 
     </span>
     <span class='ocr_line' id='line_1_34' title="bbox 164 3031 1513 3102; baseline 0.007 -20"><span class='ocrx_word' id='word_1_381' title='bbox 164 3047 217 3089; x_wconf 72' lang='lat' dir='ltr'><strong>sam</strong></span> <span class='ocrx_word' id='word_1_382' title='bbox 235 3037 360 3102; x_wconf 82' lang='lat' dir='ltr'><strong>egregium</strong></span> <span class='ocrx_word' id='word_1_383' title='bbox 378 3045 465 3081; x_wconf 86' lang='lat' dir='ltr'><strong>munus</strong></span> <span class='ocrx_word' id='word_1_384' title='bbox 483 3031 597 3094; x_wconf 83' lang='lat' dir='ltr'><strong>poculum</strong></span> <span class='ocrx_word' id='word_1_385' title='bbox 616 3031 834 3094; x_wconf 83' lang='lat' dir='ltr'><strong>splendidissimum</strong></span> <span class='ocrx_word' id='word_1_386' title='bbox 852 3039 910 3088; x_wconf 89' lang='lat' dir='ltr'><strong>mihi</strong></span> <span class='ocrx_word' id='word_1_387' title='bbox 929 3042 1022 3090; x_wconf 84' lang='lat' dir='ltr'><strong>misisti.</strong></span> <span class='ocrx_word' id='word_1_388' title='bbox 1058 3042 1149 3092; x_wconf 79' lang='lat' dir='ltr'><strong>Fateor</strong></span> <span class='ocrx_word' id='word_1_389' title='bbox 1165 3048 1241 3099; x_wconf 86' lang='lat' dir='ltr'><strong>certo,</strong></span> <span class='ocrx_word' id='word_1_390' title='bbox 1260 3055 1317 3090; x_wconf 87' lang='lat' dir='ltr'><strong>mes</strong></span> <span class='ocrx_word' id='word_1_391' title='bbox 1334 3043 1360 3091; x_wconf 90' lang='lat' dir='ltr'><strong>in</strong></span> <span class='ocrx_word' id='word_1_392' title='bbox 1379 3049 1405 3092; x_wconf 90' lang='lat' dir='ltr'><strong>te</strong></span> <span class='ocrx_word' id='word_1_393' title='bbox 1423 3044 1513 3092; x_wconf 82' lang='lat' dir='ltr'><strong>merita</strong></span> 
     </span>
     <span class='ocr_line' id='line_1_35' title="bbox 166 3109 1512 3177; baseline 0.002 -17"><span class='ocrx_word' id='word_1_394' title='bbox 166 3111 273 3174; x_wconf 86' lang='lat' dir='ltr'><strong>prolecto</strong></span> <span class='ocrx_word' id='word_1_395' title='bbox 285 3118 441 3171; x_wconf 86' lang='lat' dir='ltr'><strong>nequaqnam</strong></span> <span class='ocrx_word' id='word_1_396' title='bbox 452 3109 526 3151; x_wconf 90' lang='lat' dir='ltr'><strong>tauta</strong></span> <span class='ocrx_word' id='word_1_397' title='bbox 538 3115 601 3158; x_wconf 89' lang='lat' dir='ltr'><strong>esse,</strong></span> <span class='ocrx_word' id='word_1_398' title='bbox 620 3109 715 3166; x_wconf 89' lang='lat' dir='ltr'><strong>quanta</strong></span> <span class='ocrx_word' id='word_1_399' title='bbox 732 3111 777 3155; x_wconf 88' lang='lat' dir='ltr'><strong>tus</strong></span> <span class='ocrx_word' id='word_1_400' title='bbox 794 3122 854 3172; x_wconf 86' lang='lat' dir='ltr'><strong>erga</strong></span> <span class='ocrx_word' id='word_1_401' title='bbox 869 3125 909 3161; x_wconf 89' lang='lat' dir='ltr'><strong>me</strong></span> <span class='ocrx_word' id='word_1_402' title='bbox 927 3111 974 3161; x_wconf 90' lang='lat' dir='ltr'><strong>hou</strong></span> <span class='ocrx_word' id='word_1_403' title='bbox 991 3112 1077 3175; x_wconf 85' lang='lat' dir='ltr'><strong>poculo</strong></span> <span class='ocrx_word' id='word_1_404' title='bbox 1096 3114 1265 3163; x_wconf 88' lang='lat' dir='ltr'><strong>demonstrata</strong></span> <span class='ocrx_word' id='word_1_405' title='bbox 1283 3114 1417 3177; x_wconf 84' lang='lat' dir='ltr'><strong>gratitudo.</strong></span> <span class='ocrx_word' id='word_1_406' title='bbox 1444 3112 1512 3164; x_wconf 79' lang='lat' dir='ltr'><strong>Nam</strong></span> 
     </span>
     <span class='ocr_line' id='line_1_36' title="bbox 164 3173 1512 3250; baseline 0.004 -20"><span class='ocrx_word' id='word_1_407' title='bbox 164 3194 228 3247; x_wconf 90' lang='lat' dir='ltr'><strong>qnae</strong></span> <span class='ocrx_word' id='word_1_408' title='bbox 240 3193 257 3228; x_wconf 89' lang='lat' dir='ltr'><strong>a</strong></span> <span class='ocrx_word' id='word_1_409' title='bbox 268 3193 307 3228; x_wconf 90' lang='lat' dir='ltr'><strong>me</strong></span> <span class='ocrx_word' id='word_1_410' title='bbox 319 3175 440 3242; x_wconf 84' lang='lat' dir='ltr'><strong>praestita</strong></span> <span class='ocrx_word' id='word_1_411' title='bbox 452 3179 517 3230; x_wconf 83' lang='lat' dir='ltr'><strong>aaut,</strong></span> <span class='ocrx_word' id='word_1_412' title='bbox 536 3187 568 3221; x_wconf 89' lang='lat' dir='ltr'><strong>ea</strong></span> <span class='ocrx_word' id='word_1_413' title='bbox 584 3173 670 3224; x_wconf 89' lang='lat' dir='ltr'><strong>lubens</strong></span> <span class='ocrx_word' id='word_1_414' title='bbox 683 3174 737 3233; x_wconf 82' lang='lat' dir='ltr'><strong>ieci,</strong></span> <span class='ocrx_word' id='word_1_415' title='bbox 757 3179 835 3228; x_wconf 90' lang='lat' dir='ltr'><strong>amico</strong></span> <span class='ocrx_word' id='word_1_416' title='bbox 847 3183 928 3231; x_wconf 87' lang='lat' dir='ltr'><strong>animo</strong></span> <span class='ocrx_word' id='word_1_417' title='bbox 941 3197 1000 3247; x_wconf 86' lang='lat' dir='ltr'><strong>erga</strong></span> <span class='ocrx_word' id='word_1_418' title='bbox 1012 3187 1118 3234; x_wconf 90' lang='lat' dir='ltr'><strong>amicum</strong></span> <span class='ocrx_word' id='word_1_419' title='bbox 1128 3186 1250 3250; x_wconf 72' lang='lat' dir='ltr'><strong>praesuu&#39;,</strong></span> <span class='ocrx_word' id='word_1_420' title='bbox 1270 3187 1345 3234; x_wconf 88' lang='lat' dir='ltr'><strong>aliam</strong></span> <span class='ocrx_word' id='word_1_421' title='bbox 1363 3199 1512 3249; x_wconf 78' lang='lat' dir='ltr'><strong>compensa·</strong></span> 
     </span>
     <span class='ocr_line' id='line_1_37' title="bbox 165 3245 1512 3321; baseline 0.004 -19"><span class='ocrx_word' id='word_1_422' title='bbox 165 3255 257 3302; x_wconf 69' lang='lat' dir='ltr'><strong>donem</strong></span> <span class='ocrx_word' id='word_1_423' title='bbox 269 3263 349 3313; x_wconf 87' lang='lat' dir='ltr'><strong>neque</strong></span> <span class='ocrx_word' id='word_1_424' title='bbox 361 3245 474 3309; x_wconf 79' lang='lat' dir='ltr'><strong>exoptavi</strong></span> <span class='ocrx_word' id='word_1_425' title='bbox 486 3258 532 3292; x_wconf 91' lang='lat' dir='ltr'><strong>nec</strong></span> <span class='ocrx_word' id='word_1_426' title='bbox 546 3245 672 3308; x_wconf 84' lang='lat' dir='ltr'><strong>expectari</strong></span> <span class='ocrx_word' id='word_1_427' title='bbox 685 3258 801 3308; x_wconf 80' lang='lat' dir='ltr'><strong>nuquam,</strong></span> <span class='ocrx_word' id='word_1_428' title='bbox 814 3263 885 3312; x_wconf 80' lang='lat' dir='ltr'><strong>quam</strong></span> <span class='ocrx_word' id='word_1_429' title='bbox 904 3255 1135 3312; x_wconf 77' lang='lat' dir='ltr'><strong>amicumauimum,</strong></span> <span class='ocrx_word' id='word_1_430' title='bbox 1154 3257 1253 3321; x_wconf 90' lang='lat' dir='ltr'><strong>qualem</strong></span> <span class='ocrx_word' id='word_1_431' title='bbox 1266 3271 1325 3321; x_wconf 88' lang='lat' dir='ltr'><strong>erga</strong></span> <span class='ocrx_word' id='word_1_432' title='bbox 1337 3270 1376 3305; x_wconf 91' lang='lat' dir='ltr'><strong>me</strong></span> <span class='ocrx_word' id='word_1_433' title='bbox 1388 3256 1512 3308; x_wconf 86' lang='lat' dir='ltr'><strong>hactenns</strong></span> 
     </span>
     <span class='ocr_line' id='line_1_38' title="bbox 166 3315 1512 3393; baseline 0.004 -21"><span class='ocrx_word' id='word_1_434' title='bbox 166 3320 346 3372; x_wconf 89' lang='lat' dir='ltr'><strong>demonstrasti.</strong></span> <span class='ocrx_word' id='word_1_435' title='bbox 375 3316 411 3366; x_wconf 82' lang='lat' dir='ltr'><strong>Eu</strong></span> <span class='ocrx_word' id='word_1_436' title='bbox 425 3315 518 3380; x_wconf 86' lang='lat' dir='ltr'><strong>egoiui</strong></span> <span class='ocrx_word' id='word_1_437' title='bbox 536 3317 740 3364; x_wconf 86' lang='lat' dir='ltr'><strong>contentissimus.</strong></span> <span class='ocrx_word' id='word_1_438' title='bbox 769 3315 890 3376; x_wconf 60' lang='lat' dir='ltr'><strong>Quoiam</strong></span> <span class='ocrx_word' id='word_1_439' title='bbox 907 3338 963 3373; x_wconf 83' lang='lat' dir='ltr'><strong>sero</strong></span> <span class='ocrx_word' id='word_1_440' title='bbox 978 3327 1030 3386; x_wconf 77' lang='lat' dir='ltr'><strong>ism</strong></span> <span class='ocrx_word' id='word_1_441' title='bbox 1047 3328 1113 3376; x_wconf 88' lang='lat' dir='ltr'><strong>istud</strong></span> <span class='ocrx_word' id='word_1_442' title='bbox 1131 3327 1283 3389; x_wconf 89' lang='lat' dir='ltr'><strong>superaddis,</strong></span> <span class='ocrx_word' id='word_1_443' title='bbox 1304 3342 1349 3392; x_wconf 89' lang='lat' dir='ltr'><strong>ego</strong></span> <span class='ocrx_word' id='word_1_444' title='bbox 1368 3334 1444 3386; x_wconf 85' lang='lat' dir='ltr'><strong>certe,</strong></span> <span class='ocrx_word' id='word_1_445' title='bbox 1463 3342 1512 3393; x_wconf 85' lang='lat' dir='ltr'><strong>quo</strong></span> 
     </span>
     <span class='ocr_line' id='line_1_39' title="bbox 167 3387 1512 3462; baseline 0.014 -32"><span class='ocrx_word' id='word_1_446' title='bbox 167 3395 265 3442; x_wconf 61' lang='lat' dir='ltr'><strong>nomine</strong></span> <span class='ocrx_word' id='word_1_447' title='bbox 283 3403 355 3454; x_wconf 59' lang='lat' dir='ltr'><strong>pam</strong></span> <span class='ocrx_word' id='word_1_448' title='bbox 375 3402 449 3453; x_wconf 76' lang='lat' dir='ltr'><strong>egam</strong></span> <span class='ocrx_word' id='word_1_449' title='bbox 467 3387 568 3450; x_wconf 86' lang='lat' dir='ltr'><strong>gratiss.</strong></span> <span class='ocrx_word' id='word_1_450' title='bbox 588 3402 637 3434; x_wconf 91' lang='lat' dir='ltr'><strong>non</strong></span> <span class='ocrx_word' id='word_1_451' title='bbox 655 3388 759 3436; x_wconf 79' lang='lat' dir='ltr'><strong>invenio.</strong></span> <span class='ocrx_word' id='word_1_452' title='bbox 796 3387 887 3440; x_wconf 81' lang='lat' dir='ltr'><strong>Verum</strong></span> <span class='ocrx_word' id='word_1_453' title='bbox 905 3392 988 3444; x_wconf 86' lang='lat' dir='ltr'><strong>Deum</strong></span> <span class='ocrx_word' id='word_1_454' title='bbox 1003 3397 1046 3445; x_wconf 92' lang='lat' dir='ltr'><strong>tibi</strong></span> <span class='ocrx_word' id='word_1_455' title='bbox 1065 3404 1274 3462; x_wconf 75' lang='lat' dir='ltr'><strong>compensaturum</strong></span> <span class='ocrx_word' id='word_1_456' title='bbox 1293 3399 1410 3455; x_wconf 78' lang='lat' dir='ltr'><strong>exorabo,</strong></span> <span class='ocrx_word' id='word_1_457' title='bbox 1430 3400 1512 3450; x_wconf 80' lang='lat' dir='ltr'><strong>maul-</strong></span> 
     </span>
     <span class='ocr_line' id='line_1_40' title="bbox 167 3457 1513 3536; baseline 0.001 -21"><span class='ocrx_word' id='word_1_458' title='bbox 167 3463 350 3514; x_wconf 84' lang='lat' dir='ltr'><strong>iiceatissimum</strong></span> <span class='ocrx_word' id='word_1_459' title='bbox 368 3459 481 3508; x_wconf 86' lang='lat' dir='ltr'><strong>nimirum</strong></span> <span class='ocrx_word' id='word_1_460' title='bbox 499 3457 682 3514; x_wconf 87' lang='lat' dir='ltr'><strong>retributorem,</strong></span> <span class='ocrx_word' id='word_1_461' title='bbox 708 3460 749 3521; x_wconf 91' lang='lat' dir='ltr'><strong>qui</strong></span> <span class='ocrx_word' id='word_1_462' title='bbox 771 3459 885 3511; x_wconf 82' lang='lat' dir='ltr'><strong>videlicet</strong></span> <span class='ocrx_word' id='word_1_463' title='bbox 901 3466 945 3515; x_wconf 89' lang='lat' dir='ltr'><strong>tibi</strong></span> <span class='ocrx_word' id='word_1_464' title='bbox 962 3481 1031 3529; x_wconf 87' lang='lat' dir='ltr'><strong>porro</strong></span> <span class='ocrx_word' id='word_1_465' title='bbox 1049 3483 1095 3520; x_wconf 83' lang='lat' dir='ltr'><strong>sua</strong></span> <span class='ocrx_word' id='word_1_466' title='bbox 1118 3471 1202 3535; x_wconf 76' lang='lat' dir='ltr'><strong>gratia</strong></span> <span class='ocrx_word' id='word_1_467' title='bbox 1223 3470 1302 3527; x_wconf 82' lang='lat' dir='ltr'><strong>adsit,</strong></span> <span class='ocrx_word' id='word_1_468' title='bbox 1328 3475 1355 3520; x_wconf 86' lang='lat' dir='ltr'><strong>et</strong></span> <span class='ocrx_word' id='word_1_469' title='bbox 1378 3475 1420 3527; x_wconf 87' lang='lat' dir='ltr'><strong>te,</strong></span> <span class='ocrx_word' id='word_1_470' title='bbox 1446 3484 1513 3536; x_wconf 76' lang='lat' dir='ltr'><strong>quas</strong></span> 
     </span>
     <span class='ocr_line' id='line_1_41' title="bbox 168 3527 862 3602; baseline -0.006 -18"><span class='ocrx_word' id='word_1_471' title='bbox 168 3536 270 3602; x_wconf 84' lang='lat' dir='ltr'><strong>egregia</strong></span> <span class='ocrx_word' id='word_1_472' title='bbox 286 3534 312 3582; x_wconf 91' lang='lat' dir='ltr'><strong>in</strong></span> <span class='ocrx_word' id='word_1_473' title='bbox 331 3539 356 3581; x_wconf 89' lang='lat' dir='ltr'><strong>te</strong></span> <span class='ocrx_word' id='word_1_474' title='bbox 375 3531 468 3593; x_wconf 89' lang='lat' dir='ltr'><strong>coepit,</strong></span> <span class='ocrx_word' id='word_1_475' title='bbox 487 3527 590 3578; x_wconf 81' lang='lat' dir='ltr'><strong>feliciter</strong></span> <span class='ocrx_word' id='word_1_476' title='bbox 609 3528 724 3591; x_wconf 89' lang='lat' dir='ltr'><strong>perficere</strong></span> <span class='ocrx_word' id='word_1_477' title='bbox 743 3530 862 3596; x_wconf 76' lang='lat' dir='ltr'><strong>dignetur.</strong></span> 
     </span>
    </p>

    <p class='ocr_par' dir='ltr' id='par_1_8' title="bbox 167 3599 1514 3819">
     <span class='ocr_line' id='line_1_42' title="bbox 237 3599 1514 3669; baseline 0.008 -14"><span class='ocrx_word' id='word_1_478' title='bbox 237 3604 294 3655; x_wconf 82' lang='lat' dir='ltr'><strong>fleo</strong></span> <span class='ocrx_word' id='word_1_479' title='bbox 310 3599 463 3653; x_wconf 90' lang='lat' dir='ltr'><strong>hebdomade</strong></span> <span class='ocrx_word' id='word_1_480' title='bbox 476 3600 611 3663; x_wconf 89' lang='lat' dir='ltr'><strong>praeterita</strong></span> <span class='ocrx_word' id='word_1_481' title='bbox 622 3616 651 3648; x_wconf 86' lang='lat' dir='ltr'><strong>ex</strong></span> <span class='ocrx_word' id='word_1_482' title='bbox 664 3599 810 3666; x_wconf 88' lang='lat' dir='ltr'><strong>Leoubergs</strong></span> <span class='ocrx_word' id='word_1_483' title='bbox 826 3601 874 3654; x_wconf 87' lang='lat' dir='ltr'><strong>huc</strong></span> <span class='ocrx_word' id='word_1_484' title='bbox 893 3605 925 3654; x_wconf 86' lang='lat' dir='ltr'><strong>ad</strong></span> <span class='ocrx_word' id='word_1_485' title='bbox 943 3622 981 3658; x_wconf 91' lang='lat' dir='ltr'><strong>me</strong></span> <span class='ocrx_word' id='word_1_486' title='bbox 999 3611 1064 3660; x_wconf 84' lang='lat' dir='ltr'><strong>venit</strong></span> <span class='ocrx_word' id='word_1_487' title='bbox 1081 3620 1160 3662; x_wconf 88' lang='lat' dir='ltr'><strong>mater</strong></span> <span class='ocrx_word' id='word_1_488' title='bbox 1177 3619 1229 3669; x_wconf 90' lang='lat' dir='ltr'><strong>tua,</strong></span> <span class='ocrx_word' id='word_1_489' title='bbox 1248 3619 1364 3663; x_wconf 87' lang='lat' dir='ltr'><strong>matrona</strong></span> <span class='ocrx_word' id='word_1_490' title='bbox 1381 3612 1421 3662; x_wconf 88' lang='lat' dir='ltr'><strong>sel</strong></span> <span class='ocrx_word' id='word_1_491' title='bbox 1438 3612 1514 3665; x_wconf 86' lang='lat' dir='ltr'><strong>sidua</strong></span> 
     </span>
     <span class='ocr_line' id='line_1_43' title="bbox 167 3672 1512 3748; baseline 0.006 -22"><span class='ocrx_word' id='word_1_492' title='bbox 167 3677 288 3741; x_wconf 81' lang='lat' dir='ltr'><strong>piissima.</strong></span> <span class='ocrx_word' id='word_1_493' title='bbox 312 3673 343 3722; x_wconf 89' lang='lat' dir='ltr'><strong>ds</strong></span> <span class='ocrx_word' id='word_1_494' title='bbox 365 3673 437 3721; x_wconf 87' lang='lat' dir='ltr'><strong>rebus</strong></span> <span class='ocrx_word' id='word_1_495' title='bbox 458 3672 508 3719; x_wconf 89' lang='lat' dir='ltr'><strong>tuis</strong></span> <span class='ocrx_word' id='word_1_496' title='bbox 535 3672 747 3736; x_wconf 87' lang='lat' dir='ltr'><strong>praesentiumque</strong></span> <span class='ocrx_word' id='word_1_497' title='bbox 775 3687 856 3722; x_wconf 88' lang='lat' dir='ltr'><strong>rerum</strong></span> <span class='ocrx_word' id='word_1_498' title='bbox 880 3682 947 3727; x_wconf 82' lang='lat' dir='ltr'><strong>statu</strong></span> <span class='ocrx_word' id='word_1_499' title='bbox 972 3680 1040 3729; x_wconf 80' lang='lat' dir='ltr'><strong>valde</strong></span> <span class='ocrx_word' id='word_1_500' title='bbox 1059 3684 1169 3733; x_wconf 82' lang='lat' dir='ltr'><strong>sollicita</strong></span> <span class='ocrx_word' id='word_1_501' title='bbox 1212 3683 1276 3732; x_wconf 76' lang='lat' dir='ltr'><strong>Bam</strong></span> <span class='ocrx_word' id='word_1_502' title='bbox 1299 3689 1419 3748; x_wconf 85' lang='lat' dir='ltr'><strong>quantum</strong></span> <span class='ocrx_word' id='word_1_503' title='bbox 1441 3684 1512 3748; x_wconf 79' lang='lat' dir='ltr'><strong>putul</strong></span> 
     </span>
     <span class='ocr_line' id='line_1_44' title="bbox 168 3742 1514 3819; baseline 0.006 -21"><span class='ocrx_word' id='word_1_504' title='bbox 168 3748 307 3798; x_wconf 87' lang='lat' dir='ltr'><strong>consolatus</strong></span> <span class='ocrx_word' id='word_1_505' title='bbox 324 3758 386 3797; x_wconf 84' lang='lat' dir='ltr'><strong>sum,</strong></span> <span class='ocrx_word' id='word_1_506' title='bbox 405 3744 463 3806; x_wconf 90' lang='lat' dir='ltr'><strong>quia</strong></span> <span class='ocrx_word' id='word_1_507' title='bbox 480 3743 574 3791; x_wconf 88' lang='lat' dir='ltr'><strong>meliori</strong></span> <span class='ocrx_word' id='word_1_508' title='bbox 592 3742 644 3791; x_wconf 89' lang='lat' dir='ltr'><strong>loco</strong></span> <span class='ocrx_word' id='word_1_509' title='bbox 663 3756 707 3806; x_wconf 87' lang='lat' dir='ltr'><strong>per</strong></span> <span class='ocrx_word' id='word_1_510' title='bbox 723 3745 829 3807; x_wconf 82' lang='lat' dir='ltr'><strong>gratiam</strong></span> <span class='ocrx_word' id='word_1_511' title='bbox 848 3745 896 3796; x_wconf 90' lang='lat' dir='ltr'><strong>Dei</strong></span> <span class='ocrx_word' id='word_1_512' title='bbox 914 3750 963 3797; x_wconf 90' lang='lat' dir='ltr'><strong>sint</strong></span> <span class='ocrx_word' id='word_1_513' title='bbox 980 3757 1038 3801; x_wconf 90' lang='lat' dir='ltr'><strong>tuse</strong></span> <span class='ocrx_word' id='word_1_514' title='bbox 1055 3767 1102 3810; x_wconf 88' lang='lat' dir='ltr'><strong>res,</strong></span> <span class='ocrx_word' id='word_1_515' title='bbox 1125 3769 1197 3818; x_wconf 83' lang='lat' dir='ltr'><strong>quem</strong></span> <span class='ocrx_word' id='word_1_516' title='bbox 1215 3756 1271 3818; x_wconf 92' lang='lat' dir='ltr'><strong>ipsa</strong></span> <span class='ocrx_word' id='word_1_517' title='bbox 1287 3754 1325 3804; x_wconf 89' lang='lat' dir='ltr'><strong>sel</strong></span> <span class='ocrx_word' id='word_1_518' title='bbox 1343 3754 1389 3805; x_wconf 86' lang='lat' dir='ltr'><strong>albi</strong></span> <span class='ocrx_word' id='word_1_519' title='bbox 1407 3755 1455 3819; x_wconf 91' lang='lat' dir='ltr'><strong>ipsi</strong></span> <span class='ocrx_word' id='word_1_520' title='bbox 1473 3753 1514 3806; x_wconf 78' lang='lat' dir='ltr'><strong>vel</strong></span> 
     </span>
    </p>
   </div>
   <div class='ocr_carea' id='block_1_7' title="bbox 77 3813 1512 3890">
    <p class='ocr_par' dir='ltr' id='par_1_9' title="bbox 77 3813 1512 3890">
     <span class='ocr_line' id='line_1_45' title="bbox 77 3813 1512 3890; baseline 0.005 -21"><span class='ocrx_word' id='word_1_521' title='bbox 77 3830 80 3835; x_wconf 83' lang='lat'>·</span> <span class='ocrx_word' id='word_1_522' title='bbox 168 3835 198 3869; x_wconf 85' lang='lat' dir='ltr'><strong>es</strong></span> <span class='ocrx_word' id='word_1_523' title='bbox 215 3820 316 3868; x_wconf 85' lang='lat' dir='ltr'><strong>aliorum</strong></span> <span class='ocrx_word' id='word_1_524' title='bbox 334 3828 447 3880; x_wconf 78' lang='lat' dir='ltr'><strong>perversa</strong></span> <span class='ocrx_word' id='word_1_525' title='bbox 465 3813 585 3864; x_wconf 88' lang='lat' dir='ltr'><strong>relatione</strong></span> <span class='ocrx_word' id='word_1_526' title='bbox 603 3814 759 3877; x_wconf 87' lang='lat' dir='ltr'><strong>imaginetur.</strong></span> <span class='ocrx_word' id='word_1_527' title='bbox 788 3813 859 3865; x_wconf 86' lang='lat' dir='ltr'><strong>Sicut</strong></span> <span class='ocrx_word' id='word_1_528' title='bbox 877 3821 951 3867; x_wconf 89' lang='lat' dir='ltr'><strong>etiam</strong></span> <span class='ocrx_word' id='word_1_529' title='bbox 969 3821 1040 3880; x_wconf 72' lang='lat' dir='ltr'><strong>leuse</strong></span> <span class='ocrx_word' id='word_1_530' title='bbox 1058 3825 1134 3876; x_wconf 77' lang='lat' dir='ltr'><strong>aliter.</strong></span> <span class='ocrx_word' id='word_1_531' title='bbox 1154 3840 1228 3890; x_wconf 85' lang='lat' dir='ltr'><strong>quam</strong></span> <span class='ocrx_word' id='word_1_532' title='bbox 1246 3825 1437 3886; x_wconf 83' lang='lat' dir='ltr'><strong>resselaalseut,</strong></span> <span class='ocrx_word' id='word_1_533' title='bbox 1455 3840 1512 3890; x_wconf 88' lang='lat' dir='ltr'><strong>per·</strong></span> 
     </span>
    </p>
   </div>
   <div class='ocr_carea' id='block_1_8' title="bbox 166 3883 1540 4813">
    <p class='ocr_par' dir='ltr' id='par_1_10' title="bbox 166 3883 1540 4813">
     <span class='ocr_line' id='line_1_46' title="bbox 167 3883 1529 3962; baseline 0.006 -22"><span class='ocrx_word' id='word_1_534' title='bbox 167 3904 241 3940; x_wconf 84' lang='lat' dir='ltr'><strong>suasa</strong></span> <span class='ocrx_word' id='word_1_535' title='bbox 258 3888 391 3938; x_wconf 85' lang='lat' dir='ltr'><strong>ridebatur.</strong></span> <span class='ocrx_word' id='word_1_536' title='bbox 424 3885 462 3935; x_wconf 81' lang='lat' dir='ltr'><strong>Ea</strong></span> <span class='ocrx_word' id='word_1_537' title='bbox 480 3885 543 3933; x_wconf 90' lang='lat' dir='ltr'><strong>inter</strong></span> <span class='ocrx_word' id='word_1_538' title='bbox 561 3883 612 3933; x_wconf 90' lang='lat' dir='ltr'><strong>alia</strong></span> <span class='ocrx_word' id='word_1_539' title='bbox 629 3885 763 3947; x_wconf 90' lang='lat' dir='ltr'><strong>quaerebat</strong></span> <span class='ocrx_word' id='word_1_540' title='bbox 782 3885 811 3935; x_wconf 89' lang='lat' dir='ltr'><strong>de</strong></span> <span class='ocrx_word' id='word_1_541' title='bbox 829 3894 882 3958; x_wconf 73' lang='lat' dir='ltr'><strong>tuo,</strong></span> <span class='ocrx_word' id='word_1_542' title='bbox 901 3891 964 3954; x_wconf 84' lang='lat' dir='ltr'><strong>qnod</strong></span> <span class='ocrx_word' id='word_1_543' title='bbox 981 3893 1038 3941; x_wconf 88' lang='lat' dir='ltr'><strong>mihi</strong></span> <span class='ocrx_word' id='word_1_544' title='bbox 1057 3895 1156 3954; x_wconf 85' lang='lat' dir='ltr'><strong>debeas,</strong></span> <span class='ocrx_word' id='word_1_545' title='bbox 1175 3898 1264 3946; x_wconf 84' lang='lat' dir='ltr'><strong>debito.</strong></span> <span class='ocrx_word' id='word_1_546' title='bbox 1294 3897 1357 3961; x_wconf 84' lang='lat' dir='ltr'><strong>Ego,</strong></span> <span class='ocrx_word' id='word_1_547' title='bbox 1376 3897 1434 3962; x_wconf 88' lang='lat' dir='ltr'><strong>quid</strong></span> <span class='ocrx_word' id='word_1_548' title='bbox 1452 3897 1529 3949; x_wconf 80' lang='lat' dir='ltr'><strong>sub-¹</strong></span> 
     </span>
     <span class='ocr_line' id='line_1_47' title="bbox 167 3954 1513 4032; baseline 0.006 -21"><span class='ocrx_word' id='word_1_549' title='bbox 167 3969 244 4024; x_wconf 67' lang='lat' dir='ltr'><strong>emet,</strong></span> <span class='ocrx_word' id='word_1_550' title='bbox 261 3976 310 4009; x_wconf 89' lang='lat' dir='ltr'><strong>nou</strong></span> <span class='ocrx_word' id='word_1_551' title='bbox 328 3957 481 4022; x_wconf 86' lang='lat' dir='ltr'><strong>intelligens,</strong></span> <span class='ocrx_word' id='word_1_552' title='bbox 501 3954 563 4009; x_wconf 85' lang='lat' dir='ltr'><strong>diri,</strong></span> <span class='ocrx_word' id='word_1_553' title='bbox 582 3955 646 4018; x_wconf 88' lang='lat' dir='ltr'><strong>quod</strong></span> <span class='ocrx_word' id='word_1_554' title='bbox 664 3970 747 4004; x_wconf 83' lang='lat' dir='ltr'><strong>verum</strong></span> <span class='ocrx_word' id='word_1_555' title='bbox 766 3965 816 4013; x_wconf 88' lang='lat' dir='ltr'><strong>est,</strong></span> <span class='ocrx_word' id='word_1_556' title='bbox 840 3964 865 4007; x_wconf 87' lang='lat' dir='ltr'><strong>te</strong></span> <span class='ocrx_word' id='word_1_557' title='bbox 883 3961 943 4010; x_wconf 90' lang='lat' dir='ltr'><strong>mihi</strong></span> <span class='ocrx_word' id='word_1_558' title='bbox 959 3963 1019 4013; x_wconf 89' lang='lat' dir='ltr'><strong>nihil</strong></span> <span class='ocrx_word' id='word_1_559' title='bbox 1038 3965 1137 4027; x_wconf 89' lang='lat' dir='ltr'><strong>debere,</strong></span> <span class='ocrx_word' id='word_1_560' title='bbox 1162 3982 1333 4032; x_wconf 71' lang='lat' dir='ltr'><strong>necunquam</strong></span> <span class='ocrx_word' id='word_1_561' title='bbox 1352 3981 1410 4018; x_wconf 84' lang='lat' dir='ltr'><strong>aere</strong></span> <span class='ocrx_word' id='word_1_562' title='bbox 1429 3967 1513 4019; x_wconf 66' lang='lat' dir='ltr'><strong>mess</strong></span> 
     </span>
     <span class='ocr_line' id='line_1_48' title="bbox 167 4024 1511 4104; baseline 0.007 -23"><span class='ocrx_word' id='word_1_563' title='bbox 167 4033 308 4081; x_wconf 86' lang='lat' dir='ltr'><strong>obstrictum</strong></span> <span class='ocrx_word' id='word_1_564' title='bbox 325 4031 399 4078; x_wconf 86' lang='lat' dir='ltr'><strong>inisse</strong></span> <span class='ocrx_word' id='word_1_565' title='bbox 419 4028 474 4076; x_wconf 84' lang='lat' dir='ltr'><strong>diri.</strong></span> <span class='ocrx_word' id='word_1_566' title='bbox 512 4024 620 4089; x_wconf 81' lang='lat' dir='ltr'><strong>Curaque</strong></span> <span class='ocrx_word' id='word_1_567' title='bbox 639 4041 694 4075; x_wconf 85' lang='lat' dir='ltr'><strong>mox</strong></span> <span class='ocrx_word' id='word_1_568' title='bbox 712 4029 824 4084; x_wconf 87' lang='lat' dir='ltr'><strong>instaret,</strong></span> <span class='ocrx_word' id='word_1_569' title='bbox 843 4030 956 4090; x_wconf 85' lang='lat' dir='ltr'><strong>iudicari,</strong></span> <span class='ocrx_word' id='word_1_570' title='bbox 975 4041 1000 4084; x_wconf 84' lang='lat' dir='ltr'><strong>te</strong></span> <span class='ocrx_word' id='word_1_571' title='bbox 1018 4036 1083 4086; x_wconf 87' lang='lat' dir='ltr'><strong>nullo</strong></span> <span class='ocrx_word' id='word_1_572' title='bbox 1101 4037 1179 4097; x_wconf 86' lang='lat' dir='ltr'><strong>mode,</strong></span> <span class='ocrx_word' id='word_1_573' title='bbox 1203 4048 1346 4104; x_wconf 86' lang='lat' dir='ltr'><strong>quoeunque</strong></span> <span class='ocrx_word' id='word_1_574' title='bbox 1364 4024 1511 4103; x_wconf 70' lang='lat' dir='ltr'><strong>accipiatur,</strong></span> 
     </span>
     <span class='ocr_line' id='line_1_49' title="bbox 166 4097 1514 4174; baseline 0.011 -27"><span class='ocrx_word' id='word_1_575' title='bbox 166 4102 226 4153; x_wconf 77' lang='lat' dir='ltr'><strong>mihi</strong></span> <span class='ocrx_word' id='word_1_576' title='bbox 243 4103 373 4168; x_wconf 83' lang='lat' dir='ltr'><strong>quidquam</strong></span> <span class='ocrx_word' id='word_1_577' title='bbox 392 4099 487 4149; x_wconf 91' lang='lat' dir='ltr'><strong>debere.</strong></span> <span class='ocrx_word' id='word_1_578' title='bbox 522 4097 573 4146; x_wconf 77' lang='lat' dir='ltr'><strong>uer</strong></span> <span class='ocrx_word' id='word_1_579' title='bbox 592 4100 657 4145; x_wconf 87' lang='lat' dir='ltr'><strong>enim</strong></span> <span class='ocrx_word' id='word_1_580' title='bbox 675 4106 773 4161; x_wconf 90' lang='lat' dir='ltr'><strong>propter</strong></span> <span class='ocrx_word' id='word_1_581' title='bbox 790 4102 909 4163; x_wconf 83' lang='lat' dir='ltr'><strong>quasdam</strong></span> <span class='ocrx_word' id='word_1_582' title='bbox 932 4107 1037 4169; x_wconf 85' lang='lat' dir='ltr'><strong>apellas,</strong></span> <span class='ocrx_word' id='word_1_583' title='bbox 1063 4122 1126 4171; x_wconf 89' lang='lat' dir='ltr'><strong>qnae</strong></span> <span class='ocrx_word' id='word_1_584' title='bbox 1144 4110 1233 4159; x_wconf 81' lang='lat' dir='ltr'><strong>nudius</strong></span> <span class='ocrx_word' id='word_1_585' title='bbox 1252 4106 1318 4174; x_wconf 76' lang='lat' dir='ltr'><strong>hpud</strong></span> <span class='ocrx_word' id='word_1_586' title='bbox 1335 4125 1376 4160; x_wconf 92' lang='lat' dir='ltr'><strong>me</strong></span> <span class='ocrx_word' id='word_1_587' title='bbox 1393 4112 1514 4162; x_wconf 79' lang='lat' dir='ltr'><strong>momenti</strong></span> 
     </span>
     <span class='ocr_line' id='line_1_50' title="bbox 166 4169 1513 4240; baseline 0.011 -21"><span class='ocrx_word' id='word_1_588' title='bbox 166 4177 223 4238; x_wconf 78' lang='lat' dir='ltr'><strong>sint,</strong></span> <span class='ocrx_word' id='word_1_589' title='bbox 243 4174 334 4240; x_wconf 77' lang='lat' dir='ltr'><strong>aliquid</strong></span> <span class='ocrx_word' id='word_1_590' title='bbox 352 4170 518 4236; x_wconf 86' lang='lat' dir='ltr'><strong>spoponderis,</strong></span> <span class='ocrx_word' id='word_1_591' title='bbox 537 4177 621 4218; x_wconf 87' lang='lat' dir='ltr'><strong>tamen</strong></span> <span class='ocrx_word' id='word_1_592' title='bbox 639 4169 664 4217; x_wconf 90' lang='lat' dir='ltr'><strong>id</strong></span> <span class='ocrx_word' id='word_1_593' title='bbox 684 4170 749 4232; x_wconf 81' lang='lat' dir='ltr'><strong>apud</strong></span> <span class='ocrx_word' id='word_1_594' title='bbox 766 4185 806 4219; x_wconf 90' lang='lat' dir='ltr'><strong>me</strong></span> <span class='ocrx_word' id='word_1_595' title='bbox 824 4171 887 4222; x_wconf 90' lang='lat' dir='ltr'><strong>adeo</strong></span> <span class='ocrx_word' id='word_1_596' title='bbox 904 4177 929 4224; x_wconf 92' lang='lat' dir='ltr'><strong>in</strong></span> <span class='ocrx_word' id='word_1_597' title='bbox 948 4177 1054 4227; x_wconf 85' lang='lat' dir='ltr'><strong>debitum</strong></span> <span class='ocrx_word' id='word_1_598' title='bbox 1067 4194 1117 4228; x_wconf 88' lang='lat' dir='ltr'><strong>non</strong></span> <span class='ocrx_word' id='word_1_599' title='bbox 1129 4181 1227 4237; x_wconf 88' lang='lat' dir='ltr'><strong>eadere,</strong></span> <span class='ocrx_word' id='word_1_600' title='bbox 1246 4189 1374 4232; x_wconf 86' lang='lat' dir='ltr'><strong>uteorum</strong></span> <span class='ocrx_word' id='word_1_601' title='bbox 1391 4195 1439 4232; x_wconf 83' lang='lat' dir='ltr'><strong>nes</strong></span> <span class='ocrx_word' id='word_1_602' title='bbox 1457 4197 1513 4234; x_wconf 84' lang='lat' dir='ltr'><strong>urs·</strong></span> 
     </span>
     <span class='ocr_line' id='line_1_51' title="bbox 166 4244 1515 4306; baseline 0.006 -10"><span class='ocrx_word' id='word_1_603' title='bbox 166 4247 290 4303; x_wconf 83' lang='lat' dir='ltr'><strong>miserim,</strong></span> <span class='ocrx_word' id='word_1_604' title='bbox 315 4257 362 4293; x_wconf 86' lang='lat' dir='ltr'><strong>nec</strong></span> <span class='ocrx_word' id='word_1_605' title='bbox 380 4250 477 4306; x_wconf 89' lang='lat' dir='ltr'><strong>propter</strong></span> <span class='ocrx_word' id='word_1_606' title='bbox 494 4244 655 4304; x_wconf 89' lang='lat' dir='ltr'><strong>interruptum</strong></span> <span class='ocrx_word' id='word_1_607' title='bbox 674 4255 734 4303; x_wconf 84' lang='lat' dir='ltr'><strong>opus</strong></span> <span class='ocrx_word' id='word_1_608' title='bbox 752 4245 891 4294; x_wconf 86' lang='lat' dir='ltr'><strong>meminisse</strong></span> <span class='ocrx_word' id='word_1_609' title='bbox 909 4247 995 4297; x_wconf 85' lang='lat' dir='ltr'><strong>velim:</strong></span> <span class='ocrx_word' id='word_1_610' title='bbox 1021 4249 1175 4300; x_wconf 88' lang='lat' dir='ltr'><strong>nihilominus</strong></span> <span class='ocrx_word' id='word_1_611' title='bbox 1197 4259 1281 4302; x_wconf 88' lang='lat' dir='ltr'><strong>tamen</strong></span> <span class='ocrx_word' id='word_1_612' title='bbox 1306 4261 1331 4301; x_wconf 91' lang='lat' dir='ltr'><strong>te</strong></span> <span class='ocrx_word' id='word_1_613' title='bbox 1349 4261 1419 4303; x_wconf 85' lang='lat' dir='ltr'><strong>tuam</strong></span> <span class='ocrx_word' id='word_1_614' title='bbox 1436 4253 1515 4305; x_wconf 80' lang='lat' dir='ltr'><strong>fldem</strong></span> 
     </span>
     <span class='ocr_line' id='line_1_52' title="bbox 166 4312 1513 4390; baseline 0.007 -23"><span class='ocrx_word' id='word_1_615' title='bbox 166 4316 335 4381; x_wconf 87' lang='lat' dir='ltr'><strong>superabunde</strong></span> <span class='ocrx_word' id='word_1_616' title='bbox 355 4322 381 4362; x_wconf 92' lang='lat' dir='ltr'><strong>et</strong></span> <span class='ocrx_word' id='word_1_617' title='bbox 397 4313 471 4369; x_wconf 85' lang='lat' dir='ltr'><strong>ultra,</strong></span> <span class='ocrx_word' id='word_1_618' title='bbox 490 4325 563 4376; x_wconf 89' lang='lat' dir='ltr'><strong>quam</strong></span> <span class='ocrx_word' id='word_1_619' title='bbox 583 4326 628 4374; x_wconf 89' lang='lat' dir='ltr'><strong>par</strong></span> <span class='ocrx_word' id='word_1_620' title='bbox 645 4314 684 4372; x_wconf 89' lang='lat' dir='ltr'><strong>sit,</strong></span> <span class='ocrx_word' id='word_1_621' title='bbox 704 4312 843 4371; x_wconf 86' lang='lat' dir='ltr'><strong>redemisse,</strong></span> <span class='ocrx_word' id='word_1_622' title='bbox 862 4318 935 4367; x_wconf 87' lang='lat' dir='ltr'><strong>misso</strong></span> <span class='ocrx_word' id='word_1_623' title='bbox 947 4320 1060 4369; x_wconf 78' lang='lat' dir='ltr'><strong>videlicet</strong></span> <span class='ocrx_word' id='word_1_624' title='bbox 1077 4323 1163 4384; x_wconf 87' lang='lat' dir='ltr'><strong>poculo</strong></span> <span class='ocrx_word' id='word_1_625' title='bbox 1183 4330 1208 4372; x_wconf 91' lang='lat' dir='ltr'><strong>et</strong></span> <span class='ocrx_word' id='word_1_626' title='bbox 1226 4325 1333 4386; x_wconf 87' lang='lat' dir='ltr'><strong>specioso</strong></span> <span class='ocrx_word' id='word_1_627' title='bbox 1352 4333 1378 4375; x_wconf 88' lang='lat' dir='ltr'><strong>st</strong></span> <span class='ocrx_word' id='word_1_628' title='bbox 1394 4327 1513 4390; x_wconf 89' lang='lat' dir='ltr'><strong>pretioso,</strong></span> 
     </span>
     <span class='ocr_line' id='line_1_53' title="bbox 167 4380 1514 4450; baseline 0.013 -21"><span class='ocrx_word' id='word_1_629' title='bbox 167 4390 256 4438; x_wconf 61' lang='lat' dir='ltr'><strong>additis</strong></span> <span class='ocrx_word' id='word_1_630' title='bbox 281 4389 356 4437; x_wconf 69' lang='lat' dir='ltr'><strong>esiam</strong></span> <span class='ocrx_word' id='word_1_631' title='bbox 382 4380 599 4432; x_wconf 76' lang='lat' dir='ltr'><strong>suerunmeicrs</strong></span> <span class='ocrx_word' id='word_1_632' title='bbox 626 4397 668 4446; x_wconf 91' lang='lat' dir='ltr'><strong>pro</strong></span> <span class='ocrx_word' id='word_1_633' title='bbox 692 4384 804 4446; x_wconf 84' lang='lat' dir='ltr'><strong>operculo</strong></span> <span class='ocrx_word' id='word_1_634' title='bbox 827 4387 984 4439; x_wconf 80' lang='lat' dir='ltr'><strong>conficiendo.</strong></span> <span class='ocrx_word' id='word_1_635' title='bbox 1025 4389 1067 4439; x_wconf 84' lang='lat' dir='ltr'><strong>hle</strong></span> <span class='ocrx_word' id='word_1_636' title='bbox 1090 4393 1178 4442; x_wconf 89' lang='lat' dir='ltr'><strong>idcirco</strong></span> <span class='ocrx_word' id='word_1_637' title='bbox 1201 4400 1283 4450; x_wconf 90' lang='lat' dir='ltr'><strong>tunm,</strong></span> <span class='ocrx_word' id='word_1_638' title='bbox 1306 4409 1355 4444; x_wconf 90' lang='lat' dir='ltr'><strong>uon</strong></span> <span class='ocrx_word' id='word_1_639' title='bbox 1378 4403 1464 4447; x_wconf 67' lang='lat' dir='ltr'><strong>auum</strong></span> <span class='ocrx_word' id='word_1_640' title='bbox 1486 4403 1514 4446; x_wconf 89' lang='lat' dir='ltr'><strong>te</strong></span> 
     </span>
     <span class='ocr_line' id='line_1_54' title="bbox 167 4453 1513 4531; baseline 0.005 -21"><span class='ocrx_word' id='word_1_641' title='bbox 167 4475 248 4510; x_wconf 88' lang='lat' dir='ltr'><strong>meum</strong></span> <span class='ocrx_word' id='word_1_642' title='bbox 266 4473 320 4507; x_wconf 92' lang='lat' dir='ltr'><strong>esse</strong></span> <span class='ocrx_word' id='word_1_643' title='bbox 335 4456 475 4506; x_wconf 88' lang='lat' dir='ltr'><strong>debitorem.</strong></span> <span class='ocrx_word' id='word_1_644' title='bbox 503 4453 532 4503; x_wconf 89' lang='lat' dir='ltr'><strong>ld</strong></span> <span class='ocrx_word' id='word_1_645' title='bbox 550 4461 630 4502; x_wconf 85' lang='lat' dir='ltr'><strong>mater</strong></span> <span class='ocrx_word' id='word_1_646' title='bbox 646 4463 693 4503; x_wconf 88' lang='lat' dir='ltr'><strong>tna</strong></span> <span class='ocrx_word' id='word_1_647' title='bbox 710 4456 837 4505; x_wconf 87' lang='lat' dir='ltr'><strong>ridebatur</strong></span> <span class='ocrx_word' id='word_1_648' title='bbox 856 4473 910 4508; x_wconf 89' lang='lat' dir='ltr'><strong>cum</strong></span> <span class='ocrx_word' id='word_1_649' title='bbox 930 4462 1090 4510; x_wconf 87' lang='lat' dir='ltr'><strong>admiratione</strong></span> <span class='ocrx_word' id='word_1_650' title='bbox 1109 4464 1193 4513; x_wconf 86' lang='lat' dir='ltr'><strong>andire</strong></span> <span class='ocrx_word' id='word_1_651' title='bbox 1211 4479 1359 4529; x_wconf 76' lang='lat' dir='ltr'><strong>mspuusum,</strong></span> <span class='ocrx_word' id='word_1_652' title='bbox 1377 4473 1434 4531; x_wconf 84' lang='lat' dir='ltr'><strong>post</strong></span> <span class='ocrx_word' id='word_1_653' title='bbox 1445 4469 1513 4519; x_wconf 84' lang='lat' dir='ltr'><strong>suisa</strong></span> 
     </span>
     <span class='ocr_line' id='line_1_55' title="bbox 168 4527 1513 4604; baseline 0.005 -22"><span class='ocrx_word' id='word_1_654' title='bbox 168 4533 281 4582; x_wconf 79' lang='lat' dir='ltr'><strong>comessa</strong></span> <span class='ocrx_word' id='word_1_655' title='bbox 298 4535 344 4582; x_wconf 88' lang='lat' dir='ltr'><strong>est,</strong></span> <span class='ocrx_word' id='word_1_656' title='bbox 362 4541 389 4575; x_wconf 91' lang='lat' dir='ltr'><strong>se</strong></span> <span class='ocrx_word' id='word_1_657' title='bbox 407 4527 432 4575; x_wconf 91' lang='lat' dir='ltr'><strong>in</strong></span> <span class='ocrx_word' id='word_1_658' title='bbox 451 4540 483 4575; x_wconf 91' lang='lat' dir='ltr'><strong>ea</strong></span> <span class='ocrx_word' id='word_1_659' title='bbox 499 4527 657 4589; x_wconf 83' lang='lat' dir='ltr'><strong>persuasione</strong></span> <span class='ocrx_word' id='word_1_660' title='bbox 675 4527 758 4581; x_wconf 82' lang='lat' dir='ltr'><strong>luisse.</strong></span> <span class='ocrx_word' id='word_1_661' title='bbox 778 4542 806 4578; x_wconf 88' lang='lat' dir='ltr'><strong>ac</strong></span> <span class='ocrx_word' id='word_1_662' title='bbox 820 4529 841 4577; x_wconf 86' lang='lat' dir='ltr'><strong>si</strong></span> <span class='ocrx_word' id='word_1_663' title='bbox 854 4537 882 4578; x_wconf 87' lang='lat' dir='ltr'><strong>tu</strong></span> <span class='ocrx_word' id='word_1_664' title='bbox 892 4533 952 4582; x_wconf 88' lang='lat' dir='ltr'><strong>mihi</strong></span> <span class='ocrx_word' id='word_1_665' title='bbox 965 4530 1016 4582; x_wconf 80' lang='lat'><strong>200</strong></span> <span class='ocrx_word' id='word_1_666' title='bbox 1028 4533 1131 4583; x_wconf 87' lang='lat' dir='ltr'><strong>dorenos</strong></span> <span class='ocrx_word' id='word_1_667' title='bbox 1143 4536 1252 4597; x_wconf 88' lang='lat' dir='ltr'><strong>deberes,</strong></span> <span class='ocrx_word' id='word_1_668' title='bbox 1271 4544 1345 4601; x_wconf 88' lang='lat' dir='ltr'><strong>atque</strong></span> <span class='ocrx_word' id='word_1_669' title='bbox 1359 4552 1394 4599; x_wconf 91' lang='lat' dir='ltr'><strong>se,</strong></span> <span class='ocrx_word' id='word_1_670' title='bbox 1413 4547 1513 4604; x_wconf 84' lang='lat' dir='ltr'><strong>propter</strong></span> 
     </span>
     <span class='ocr_line' id='line_1_56' title="bbox 168 4599 1512 4675; baseline 0.008 -25"><span class='ocrx_word' id='word_1_671' title='bbox 168 4603 270 4653; x_wconf 85' lang='lat' dir='ltr'><strong>dilatam</strong></span> <span class='ocrx_word' id='word_1_672' title='bbox 287 4599 440 4655; x_wconf 86' lang='lat' dir='ltr'><strong>solutionem,</strong></span> <span class='ocrx_word' id='word_1_673' title='bbox 459 4611 533 4661; x_wconf 89' lang='lat' dir='ltr'><strong>qnam</strong></span> <span class='ocrx_word' id='word_1_674' title='bbox 551 4603 593 4646; x_wconf 83' lang='lat' dir='ltr'><strong>tuo</strong></span> <span class='ocrx_word' id='word_1_675' title='bbox 612 4599 711 4647; x_wconf 89' lang='lat' dir='ltr'><strong>nomine</strong></span> <span class='ocrx_word' id='word_1_676' title='bbox 726 4608 852 4662; x_wconf 88' lang='lat' dir='ltr'><strong>praestare</strong></span> <span class='ocrx_word' id='word_1_677' title='bbox 866 4601 979 4662; x_wconf 87' lang='lat' dir='ltr'><strong>debebat,</strong></span> <span class='ocrx_word' id='word_1_678' title='bbox 998 4605 1062 4654; x_wconf 89' lang='lat' dir='ltr'><strong>male</strong></span> <span class='ocrx_word' id='word_1_679' title='bbox 1075 4606 1212 4658; x_wconf 86' lang='lat' dir='ltr'><strong>audituram</strong></span> <span class='ocrx_word' id='word_1_680' title='bbox 1224 4622 1286 4659; x_wconf 61' lang='lat' dir='ltr'><strong>esses</strong></span> <span class='ocrx_word' id='word_1_681' title='bbox 1314 4607 1352 4658; x_wconf 80' lang='lat' dir='ltr'><strong>Ea</strong></span> <span class='ocrx_word' id='word_1_682' title='bbox 1368 4624 1417 4675; x_wconf 83' lang='lat' dir='ltr'><strong>qao</strong></span> <span class='ocrx_word' id='word_1_683' title='bbox 1430 4611 1512 4661; x_wconf 86' lang='lat' dir='ltr'><strong>anim·</strong></span> 
     </span>
     <span class='ocr_line' id='line_1_57' title="bbox 167 4667 1509 4744; baseline 0.007 -21"><span class='ocrx_word' id='word_1_684' title='bbox 167 4675 293 4724; x_wconf 80' lang='lat' dir='ltr'><strong>advertere</strong></span> <span class='ocrx_word' id='word_1_685' title='bbox 312 4670 423 4724; x_wconf 81' lang='lat' dir='ltr'><strong>videbar,</strong></span> <span class='ocrx_word' id='word_1_686' title='bbox 442 4669 511 4732; x_wconf 87' lang='lat' dir='ltr'><strong>quasi</strong></span> <span class='ocrx_word' id='word_1_687' title='bbox 529 4668 559 4716; x_wconf 86' lang='lat' dir='ltr'><strong>oh</strong></span> <span class='ocrx_word' id='word_1_688' title='bbox 578 4667 652 4717; x_wconf 85' lang='lat' dir='ltr'><strong>elium</strong></span> <span class='ocrx_word' id='word_1_689' title='bbox 671 4668 778 4733; x_wconf 87' lang='lat' dir='ltr'><strong>aliquem</strong></span> <span class='ocrx_word' id='word_1_690' title='bbox 796 4670 869 4719; x_wconf 90' lang='lat' dir='ltr'><strong>tinem</strong></span> <span class='ocrx_word' id='word_1_691' title='bbox 888 4675 953 4724; x_wconf 78' lang='lat' dir='ltr'><strong>htud</strong></span> <span class='ocrx_word' id='word_1_692' title='bbox 972 4676 994 4725; x_wconf 91' lang='lat' dir='ltr'><strong>ei</strong></span> <span class='ocrx_word' id='word_1_693' title='bbox 1012 4679 1172 4739; x_wconf 88' lang='lat' dir='ltr'><strong>persuaseris,</strong></span> <span class='ocrx_word' id='word_1_694' title='bbox 1191 4680 1268 4743; x_wconf 89' lang='lat' dir='ltr'><strong>quod,</strong></span> <span class='ocrx_word' id='word_1_695' title='bbox 1285 4680 1307 4728; x_wconf 92' lang='lat' dir='ltr'><strong>si</strong></span> <span class='ocrx_word' id='word_1_696' title='bbox 1323 4681 1434 4744; x_wconf 86' lang='lat' dir='ltr'><strong>primitus</strong></span> <span class='ocrx_word' id='word_1_697' title='bbox 1452 4680 1509 4732; x_wconf 87' lang='lat' dir='ltr'><strong>snb·</strong></span> 
     </span>
     <span class='ocr_line' id='line_1_58' title="bbox 167 4740 1540 4813; baseline 0.008 -21"><span class='ocrx_word' id='word_1_698' title='bbox 167 4745 318 4801; x_wconf 75' lang='lat' dir='ltr'><strong>olfecissem,</strong></span> <span class='ocrx_word' id='word_1_699' title='bbox 337 4755 392 4793; x_wconf 87' lang='lat' dir='ltr'><strong>eam</strong></span> <span class='ocrx_word' id='word_1_700' title='bbox 409 4740 590 4804; x_wconf 82' lang='lat' dir='ltr'><strong>persuasionem</strong></span> <span class='ocrx_word' id='word_1_701' title='bbox 608 4754 657 4787; x_wconf 88' lang='lat' dir='ltr'><strong>uon</strong></span> <span class='ocrx_word' id='word_1_702' title='bbox 676 4741 773 4789; x_wconf 87' lang='lat' dir='ltr'><strong>omnino</strong></span> <span class='ocrx_word' id='word_1_703' title='bbox 793 4745 942 4805; x_wconf 83' lang='lat' dir='ltr'><strong>exemissem.</strong></span> <span class='ocrx_word' id='word_1_704' title='bbox 974 4746 1066 4797; x_wconf 83' lang='lat' dir='ltr'><strong>Verum</strong></span> <span class='ocrx_word' id='word_1_705' title='bbox 1083 4762 1129 4813; x_wconf 88' lang='lat' dir='ltr'><strong>ego</strong></span> <span class='ocrx_word' id='word_1_706' title='bbox 1147 4757 1283 4800; x_wconf 85' lang='lat' dir='ltr'><strong>ceterarum</strong></span> <span class='ocrx_word' id='word_1_707' title='bbox 1299 4764 1381 4802; x_wconf 81' lang='lat' dir='ltr'><strong>rernm</strong></span> <span class='ocrx_word' id='word_1_708' title='bbox 1535 4743 1540 4755; x_wconf 84' lang='grc'>’</span> 
     </span>
    </p>
   </div>
   <div class='ocr_carea' id='block_1_9' title="bbox 55 4809 1525 4888">
    <p class='ocr_par' dir='ltr' id='par_1_11' title="bbox 55 4809 1525 4888">
     <span class='ocr_line' id='line_1_59' title="bbox 55 4809 1525 4888; baseline 0.02 -41"><span class='ocrx_word' id='word_1_709' title='bbox 55 4833 62 4847; x_wconf 95' lang='grc'><strong>.</strong></span> <span class='ocrx_word' id='word_1_710' title='bbox 144 4816 399 4881; x_wconf 61' lang='lat' dir='ltr'><strong>-qmfflmm,</strong></span> <span class='ocrx_word' id='word_1_711' title='bbox 423 4809 676 4876; x_wconf 80' lang='lat' dir='ltr'><strong>lugeaneluealcsrl.</strong></span> <span class='ocrx_word' id='word_1_712' title='bbox 711 4810 1122 4876; x_wconf 79' lang='lat' dir='ltr'><strong>lamdergesltlbidetrimsata</strong></span> <span class='ocrx_word' id='word_1_713' title='bbox 1145 4821 1226 4888; x_wconf 85' lang='lat' dir='ltr'><strong>alique</strong></span> <span class='ocrx_word' id='word_1_714' title='bbox 1248 4823 1293 4883; x_wconf 84' lang='lat' dir='ltr'><strong>sis,</strong></span> <span class='ocrx_word' id='word_1_715' title='bbox 1317 4820 1525 4884; x_wconf 52' lang='lat' dir='ltr'><strong>mansisti</strong></span> 
     </span>
    </p>
   </div>
   <div class='ocr_carea' id='block_1_10' title="bbox 0 0 1694 5482">
    <p class='ocr_par' dir='ltr' id='par_1_12' title="bbox 0 0 1694 5482">
     <span class='ocr_line' id='line_1_60' title="bbox 0 0 1694 5482; baseline 0 0"><span class='ocrx_word' id='word_1_716' title='bbox 0 0 1694 5482; x_wconf 95' lang='lat' dir='ltr'><strong> </strong></span> 
     </span>
    </p>
   </div>
  </div>
 </body>
</html>
