3366 5482
684 281 845 333 mamm

85 458 118 501 so
142 438 291 514 narrisch,
316 439 389 502 dass
413 439 590 503 deroselben
613 461 649 502 zu
673 443 752 504 ihrer
765 443 863 504 selbst
878 443 1039 504 Frommen
1063 443 1145 505 diese
1162 444 1224 506 alte
1244 447 1441 527 versthndige

84 528 213 602 Mutter,
249 529 297 591 die
321 528 521 590 Astronomia
549 531 641 591 durch
666 532 719 593 der
743 531 874 592 Toclrtcr
896 532 1143 613 Narrenteyung‚
1177 533 1243 594 weil
1274 534 1317 595 sie
1340 537 1440 601 zumal

82 617 159 679 auch
191 617 278 678 einen
302 617 424 701 Spiegel
452 618 519 692 hat,
553 639 608 679 nur
636 619 871 697 eingeschwatzt
897 621 956 681 vnd
987 621 1162 699 eingelogen
1192 623 1311 684 werden
1344 643 1437 688 mnas.

83 705 154 767 Vnd
177 707 273 788 seynd
296 715 419 768 sonsten
445 707 497 768 der
521 707 806 769 Mathematicorum
835 709 947 769 salaria
971 728 1005 769 so
1029 710 1156 771 seltzam
1181 712 1240 771 rud
1265 730 1298 773 so
1322 712 1437 793 garing,

82 794 154 856 dass
178 794 227 856 die
251 796 366 858 Mutter
389 795 558 875 gewisslich
584 797 706 875 Hunger
731 797 835 877 leyden
861 805 988 872 miisste,
1019 816 1083 857 wan
1109 798 1157 858 die
1182 798 1313 860 Tochter
1338 801 1439 863 nichts

83 885 216 946 erwhrbe
241 885 295 946 &c
321 883 442 963 (Comp.
468 885 574 946 librum
599 885 635 944 de
660 884 759 946 Stella
783 904 861 945 nova
885 885 960 964 Cap.
986 885 1056 947 Xll.
1083 887 1137 947 sub
1161 887 1249 947 finem
1277 896 1309 948 et
1333 896 1437 951 annot.

84 981 218 1035 nostram
240 973 319 1035 infra
343 983 517 1053 sequentem
541 974 613 1035 Nro.
642 971 708 1046 10.)
754 974 841 1043 Etsi,
871 983 904 1035 ut
927 976 1002 1035 haec
1027 983 1180 1036 testantur
1200 976 1309 1050 verba,
1334 978 1440 1057 priva-

83 1062 138 1123 tim
163 1070 196 1123 et
217 1061 336 1141 publice
361 1082 417 1124 non
438 1063 562 1123 multum
580 1064 733 1124 tribuebat
748 1063 897 1141 Keplcrus
918 1063 1113 1142 astrologiae,
1140 1064 1178 1125 ob
1198 1083 1251 1126 eas
1266 1085 1342 1146 quas
1357 1066 1439 1128 dixi·
1469 1143 1472 1147 ⁴

83 1169 147 1212 mus
176 1170 288 1213 causas
320 1170 396 1230 quae
419 1151 528 1213 rationi
562 1152 658 1212 minus
682 1152 834 1212 contraria
867 1152 1038 1214 viderentur
1066 1171 1102 1211 ex
1136 1153 1188 1212 illa
1212 1153 1372 1228 desumsit,
1408 1161 1440 1217 et

83 1239 221 1318 sibiipsi
250 1239 376 1320 aliisque
406 1240 577 1318 acceptiora
606 1240 730 1300 reddere
757 1240 872 1318 passim
896 1249 1021 1301 conatus
1046 1251 1093 1301 est
1122 1260 1187 1301 cum
1212 1240 1308 1303 literis
1331 1243 1437 1323 priva·

82 1328 130 1401 tis,
157 1336 221 1390 tum
244 1329 329 1390 libris
352 1329 381 1389 in
405 1329 512 1404 vulgus
536 1329 635 1397 editis,
661 1329 820 1408 praecipue
844 1329 917 1402 illis,
948 1349 1022 1408 quos
1047 1349 1137 1409 snpra
1160 1330 1299 1400 diximus,
1323 1333 1437 1393 Astro-

83 1417 181 1497 logiae
206 1418 423 1490 fundamentis,
452 1417 528 1478 libro
552 1418 589 1478 de
614 1417 704 1478 stella
728 1417 797 1478 anni
824 1412 908 1480 1604
932 1427 963 1478 et
986 1418 1088 1478 Tertio
1120 1419 1355 1481 Interveniente.
1402 1420 1438 1482 In

83 1506 179 1568 literis
202 1506 344 1585 privatis,
369 1506 529 1586 praecipue
553 1505 604 1581 iis,
621 1525 697 1586 quas
720 1507 759 1566 ad
782 1507 964 1567 Davidem
988 1505 1194 1568 Fabricium
1217 1507 1309 1582 dedit,
1341 1509 1438 1570 multa

81 1595 344 1674 deprehendimus,
366 1614 441 1674 qnae
464 1595 521 1655 huc
544 1595 709 1673 pertinent,
735 1614 824 1675 quam
848 1596 885 1655 ob
909 1615 972 1656 rem
997 1595 1052 1655 has
1071 1594 1264 1656 Calendariis
1287 1597 1435 1675 praemit·

80 1684 172 1744 tenda
196 1702 362 1745 censemus.
411 1682 486 1745 Cum
510 1691 610 1744 autem
634 1684 662 1743 in
688 1683 748 1744 illis
772 1684 851 1744 sicut
874 1683 967 1744 etiam
991 1684 1020 1743 in
1046 1681 1235 1745 Calendariis
1264 1686 1359 1745 multa
1386 1685 1435 1747 in-

81 1773 150 1845 sint,
176 1791 252 1852 qnae
276 1792 354 1833 nunc
378 1774 441 1834 sine
458 1773 656 1850 explicatione
675 1791 763 1850 aegre
777 1773 999 1851 intelligantur,
1024 1771 1071 1832 his
1087 1772 1138 1832 illa
1157 1772 1336 1834 illustranda
1355 1781 1435 1836 sunt.

168 1860 325 1940 Astrologi
351 1861 472 1942 qnidam
496 1861 659 1921 horizontis
684 1861 825 1921 circulum
850 1860 879 1920 in
907 1859 947 1922 12
962 1861 1105 1940 aequales
1130 1869 1233 1938 partes
1258 1861 1434 1935 diviserunt,

80 1948 165 2010 initio
189 1951 272 2011 lacto
295 1970 314 2009 a
337 1959 447 2028 puncto
471 1949 596 2010 orientis
620 1948 702 2010 Solis
727 1948 906 2028 aequinoctii
936 1959 1082 2027 tempore.
1131 1948 1243 2010 Circuli
1274 1950 1436 2012 verticales

79 2056 131 2118 per
155 2038 334 2100 divisionum
361 2045 473 2118 puncta
501 2039 631 2098 traducti
663 2045 759 2099 totum
783 2038 858 2098 coeli
888 2038 1139 2116 hemisphaerium
1169 2037 1197 2097 in
1230 2036 1270 2099 12
1299 2047 1434 2100 sectores

81 2126 227 2201 dividunt,
254 2146 328 2206 quas
352 2129 478 2188 domos
502 2127 652 2188 coelestes
676 2134 794 2188 vocant.
843 2126 905 2186 Alii
929 2126 1117 2187 constituunt
1144 2126 1199 2187 has
1224 2126 1329 2188 domus
1353 2126 1434 2187 diri-

80 2216 177 2277 dendo
201 2216 357 2276 zodiacum
387 2235 441 2298 per
468 2215 595 2275 circulos
625 2215 831 2281 latitudinum,
866 2215 916 2274 alii
947 2214 1108 2275 dividendo
1140 2225 1350 2294 aequatorem,
1384 2214 1437 2277 alii

80 2304 207 2384 deniqne
237 2305 379 2365 circulum
402 2304 578 2364 verticalem
608 2323 661 2381 per
685 2312 782 2363 ortum
806 2312 838 2363 et
861 2322 1002 2364 occasum
1026 2304 1277 2382 aequinoctialem
1302 2304 1434 2366 ductum.

80 2393 350 2455 Denominationes
374 2401 406 2453 et
428 2392 664 2469 significationes
688 2391 792 2452 harum
809 2392 991 2465 „domuum⁴‘
1016 2392 1072 2451 hae
1088 2400 1157 2452 snut
1173 2393 1335 2452 secundum
1352 2389 1436 2453 Ori-

80 2500 240 2560 gannm:
270 2483 292 2544 l.
318 2481 495 2542 Ascendens
527 2499 579 2540 sen
604 2481 812 2559 Horoscopus3
842 2482 947 2541 domus
971 2480 1062 2539 vitae.
1112 2481 1150 2541 ll.
1175 2481 1357 2541 Diuitiarum
1382 2499 1434 2542 εει]

78 2579 183 2650 portae
207 2571 350 2631 infernae.
398 2571 451 2631 lll.
477 2570 616 2630 Fratrum
640 2589 693 2630 seu
717 2587 861 2642 sororum,
879 2587 931 2630 sen
952 2567 1061 2630 divina.
1108 2569 1166 2630 IV.
1190 2569 1363 2640 Parentum,
1382 2587 1436 2630 seu

79 2659 170 2720 imum
185 2658 271 2720 coeli.
320 2659 359 2719 V.
387 2659 570 2729 Liberorum,
588 2677 641 2718 εει]
657 2658 736 2718 bona
751 2658 881 2718 fortuna.
921 2658 976 2718 Vl.
1003 2658 1205 2730 valetudinis,
1222 2657 1435 2732 ministrorum,

79 2747 251 2809 animalium
276 2747 515 2818 domesticorum,
542 2765 594 2806 εει]
618 2747 699 2806 mala
714 2746 843 2806 fortuna.
892 2746 963 2806 Vll.
990 2744 1138 2825 Coujugii,
1165 2764 1217 2807 seu
1236 2747 1327 2807 cardo
1352 2744 1434 2807 occi-

80 2835 220 2897 dentalis.
269 2836 352 2896 VIlI.
377 2835 496 2907 Mortis,
522 2853 574 2895 sen
594 2852 723 2912 superna
738 2832 849 2913 portas
884 2834 939 2895 IX.
961 2833 1139 2911 Religionis,
1166 2835 1355 2909 somniorum,
1381 2833 1434 2896 iti-

79 2942 189 2999 nerum,
215 2944 269 2986 sen
284 2923 377 2985 Deus.
416 2923 455 2986 X.
481 2924 575 2984 Vitae
594 2942 688 3001 genus
704 2932 853 2996 natorum,
879 2942 931 2983 εει]
947 2922 1076 2982 medium
1091 2923 1177 2984 coeli.
1225 2923 1280 2984 Xl.
1306 2921 1433 2983 Amico·

78 3031 151 3082 rum,
177 3031 231 3074 seu
244 3012 341 3074 bonus
355 3011 471 3091 genius.
512 3011 581 3095 Xll.
607 3009 804 3085 Inimicorum,
830 3030 882 3071 seu
897 3011 994 3072 malus
1010 3010 1124 3089 genius.
1174 3009 1295 3071 Gradus
1310 3009 1433 3089 calipti-e

78 3118 129 3162 cae
167 3101 364 3163 meridianum
407 3118 556 3179 occupans
955 3115 1001 3164 ιι..
1018 3115 1037 3153 ι.

79 3187 158 3252 Gor
195 3187 320 3251 Coeli
358 3197 555 3270 nuncupatur.

79 3276 201 3340 Gradus
253 3277 411 3357 eclipticae
457 3278 556 3338 oriens

77 3366 302 3445 (Horoscopus)
332 3375 467 3445 ternpore
500 3367 556 3426 ob-

78 3455 269 3527 servationis,
294 3454 363 3515 inl.
379 3456 467 3515 domo
491 3454 556 3514 col-

76 3543 194 3605 locatur
208 3543 396 3617 „thematis“
415 3561 468 3603 seu
482 3561 555 3616 „ra-

77 3622 189 3706 dicis“;
216 3650 289 3706 „cor
304 3631 402 3693 coeli“
426 3632 454 3691 in
469 3632 509 3703 X,
526 3641 557 3692 et
577 3631 621 3684 ΧΠ
680 3628 692 3654 ⁰

75 3721 162 3782 initia
184 3720 366 3801 reliquarum
391 3720 554 3792 domorum,

74 3809 102 3871 h.
137 3828 166 3870 e.
206 3808 476 3888 correspondentes
508 3808 555 3868 his

73 3896 187 3974 gradus
224 3897 398 3976 eclipticae,
445 3896 554 3958 inscri-

73 3985 184 4047 buntur
221 3985 347 4065 siugulis
385 3985 553 4065 triangulis,
603 3999 620 4055 1

73 4093 151 4155 quae
169 4075 308 4154 singulas
323 4083 555 4153 repraesentant

71 4164 190 4226 domus.

164 4250 323 4327 „Thema“
348 4258 447 4311 antem
476 4250 554 4311 hanc

71 4339 167 4402 habet
189 4340 330 4420 figuram,
364 4358 467 4420 qnam,
502 4359 553 4400 se·
590 4385 619 4442 Π

71 4436 200 4510 quentes
216 4428 382 4507 Keplemm
404 4429 553 4489 nativita-

68 4525 133 4580 rem
148 4516 418 4580 Wallenstenii
441 4525 552 4578 notan·

69 4616 144 4681 tem,
170 4605 388 4668 delineavimus
402 4605 485 4680 (vide
503 4606 551 4667 in-

67 4696 143 4771 ira).
185 4693 398 4774 Inscripsimus
413 4713 552 4756 numeros

67 4785 228 4848 domorum
251 4783 378 4864 singulis
392 4783 552 4866 triangulis
