3366 5482
705 289 792 333 msa
810 282 907 334 Um·
1325 306 1329 311 ·
1415 286 1481 353 rra

142 438 175 500 ed
197 446 325 518 propter
348 438 544 518 evagationes
568 441 697 502 Veneris
721 449 753 503 et
775 443 917 504 Mercurii
944 442 1036 504 dividi
1066 442 1095 503 in
1125 451 1197 504 tres.
1226 444 1280 505 *Id
1308 453 1408 507 autem
1436 448 1479 522 lit,

142 525 226 590 iSol
255 534 361 588 teneat
388 527 603 598 eccentricnm,
637 530 742 591 Venus
775 540 807 592 et
830 532 997 592 Mercurius
1028 532 1163 610 singulos
1192 532 1222 593 iu
1252 551 1287 594 eo
1319 535 1480 616 epicyclos.

142 615 240 678 leinda
263 617 333 677 vide
356 615 429 677 mihi
451 616 610 678 Platonem
633 619 720 698 quasi
744 619 781 679 e'x
800 620 946 681 Martiani
970 619 1123 680 schemate
1146 627 1353 682 recensentem
1377 623 1480 684 ordine

142 704 242 778 utem,
277 704 471 778 Mercurium,
505 706 670 768 Venerem:
708 727 765 768 000
800 718 905 769 contra
928 707 1045 782 Solem,
1078 709 1240 777 Venerem,
1278 710 1480 785 Mercurinm;

142 793 292 856 lercurins
319 794 398 854 euim
430 794 486 854 hac
515 795 630 856 ratione
657 797 778 875 propior
805 797 839 858 fit
862 795 927 858 Soli
952 817 1041 876 quam
1064 798 1180 858 Venus.
1229 797 1331 859 Tertio
1356 798 1479 877 phrasin

142 882 264 962 ›quendi
288 882 582 961 „comprehendere“
612 902 666 963 pro
696 886 873 946 antecedere
902 885 1022 946 videtur
1045 885 1135 946 Plato
1160 883 1304 964 Capellae
1335 887 1478 965 suppedi-

142 989 216 1033 ssse.
267 969 385 1041 Quarto
409 980 440 1031 et
454 971 570 1032 Plinius
593 992 678 1033 suam
702 992 804 1034 rocem
829 993 1011 1048 „conversas
1035 973 1182 1053 apsidas“
1205 993 1242 1034 ex
1256 974 1394 1035 Platonis
1409 994 1481 1036 voce

143 1060 329 1123 contrariam
361 1060 443 1120 vim“
472 1061 632 1121 deduxisse
662 1061 791 1124 videtur.
839 1064 944 1142 ltaque
974 1063 1031 1124 duo
1060 1063 1104 1136 hi,
1137 1062 1253 1123 Plinius
1284 1071 1316 1122 et
1344 1061 1481 1142 Capella,

142 1149 283 1211 *lachem
303 1149 413 1210 imitati
435 1148 530 1210 videri
554 1158 682 1229 possunt
705 1170 848 1231 suamque
868 1171 904 1212 ex
929 1152 985 1212 hoc
1009 1151 1147 1212 hausisse
1171 1151 1364 1212 sententiam.
1403 1149 1480 1213 Om-

142 1239 202 1301 ium
228 1256 300 1299 vero
328 1237 574 1299 manifestissime
598 1240 784 1313 Macrobius,
815 1240 864 1320 qui
888 1241 967 1301 inter
999 1249 1153 1319 utrumqne
1182 1239 1257 1299 vixit
1286 1240 1389 1319 quinto
1412 1249 1483 1321 post

142 1326 281 1390 lhristum
311 1327 427 1398 seculo:
460 1326 486 1387 is
510 1328 589 1388 enim
629 1348 661 1388 se
694 1328 887 1390 manifestum
915 1328 1053 1389 Platonis
1086 1329 1281 1405 interpretem
1314 1328 1480 1406 profitetur.

145 1413 321 1487 Ciceroni“,
350 1415 445 1495 iuquit
469 1413 653 1486 (Comment.
679 1416 708 1476 in
725 1416 880 1478 Somnium
896 1416 1046 1496 Scipionis
1062 1416 1086 1491 1,
1114 1413 1180 1489 19),
1207 1415 1426 1488 „Archimedes
1450 1427 1483 1479 et

142 1503 353 1566 lhaldaeornm
374 1504 453 1564 ratio
486 1504 651 1579 consentit,
686 1505 774 1565 Plato
798 1506 969 1585 Aegyptios
1002 1505 1132 1566 omnium
1154 1504 1363 1584 philosophiae
1387 1506 1481 1567 disci-

142 1593 275 1654 ·linarnm
306 1600 449 1671 parentes
478 1602 598 1654 secutus
622 1601 683 1667 est,
718 1595 768 1673 qui
796 1594 841 1654 ita
864 1594 967 1655 Solem
995 1594 1073 1654 inter
1102 1594 1219 1655 Lunam
1247 1601 1279 1653 et
1300 1594 1500 1655 Mercurium

142 1689 260 1743 reatum
283 1680 398 1753 volunt,
423 1692 457 1742 nt
481 1681 628 1742 rationem
651 1691 752 1743 tamen
777 1682 1029 1761 deprehenderint
1052 1689 1084 1742 et
1108 1681 1266 1751 edixerint,
1291 1700 1381 1743 cura
1404 1702 1481 1745 non-

142 1769 218 1832 rullis
247 1768 302 1830 801
332 1787 422 1847 supra
445 1769 626 1831 Mercurium
655 1789 803 1849 supraque
833 1772 984 1832 Venerem
1008 1789 1075 1830 esse
1108 1770 1256 1831 credatur.
1312 1770 1393 1832 Nam
1426 1790 1482 1832 uec

142 1858 184 1933 lli,
220 1858 271 1937 qui
294 1858 340 1919 ita
363 1858 552 1932 existimant,
586 1859 728 1936 aspecie
752 1859 815 1919 veri
845 1859 948 1938 procul
981 1858 1156 1919 aberrant.“
1203 1858 1268 1920 Uno
1300 1859 1392 1919 verbo
1425 1859 1481 1920 hoo

142 1947 203 2010 licit
217 1944 403 2020 Macrobius,
428 1955 587 2026 utrumque
611 1948 828 2025 quodammodo
853 1967 956 2009 verum
980 1966 1058 2018 esse,
1082 1954 1113 2007 et
1137 1947 1215 2025 quod
1230 1945 1284 2008 Sol
1308 1966 1399 2026 supra
1413 1947 1480 2008 Ve-

142 2042 288 2120 rerem-et
308 2034 491 2096 Mercurium
515 2036 569 2108 sit,
600 2044 632 2096 et
654 2037 732 2115 quod
757 2036 844 2099 infra.
873 2035 1049 2115 Sequitur:
1074 2033 1274 2113 „Opinionem
1298 2053 1368 2096 vero
1392 2036 1481 2098 istius

142 2123 358 2186 ermntatiunis
386 2124 556 2202 hujusmodi
584 2124 662 2184 ratio
686 2125 872 2203 persuasit‘!
917 2124 1153 2186 Permutationis
1182 2142 1254 2184 voce
1283 2124 1402 2185 videtur
1429 2124 1483 2185 illa

142 2212 268 2275 ’latonia
290 2211 385 2273 verba
406 2212 626 2292 perstringere:
652 2214 930 2292 „comprehendunt
944 2233 976 2274 se
992 2221 1094 2274 mutuo
1110 2220 1142 2272 et
1156 2212 1481 2290 comprehenduntur.“

142 2299 231 2375 lnod‘,
253 2300 360 2380 inquit,
376 2301 465 2362 Plato
486 2301 627 2379 opinatus
642 2310 699 2375 est,
729 2302 820 2363 sitnm
836 2303 939 2363 horum
964 2303 1087 2363 duorum
1111 2319 1248 2362 erronum
1272 2309 1304 2362 et
1327 2299 1408 2362 Solis
1432 2301 1480 2362 in·

142 2389 248 2452 erdum
271 2408 339 2451 cum
362 2389 512 2450 contrario
536 2390 709 2468 permutari,
734 2409 827 2451 causa
851 2390 935 2451 hacc·
951 2390 1022 2451 fuit:
1047 2411 1088 2464 „a
1102 2387 1225 2467 Saturni
1240 2389 1379 2467 sphaera,
1405 2407 1480 2469 quae
1576 2421 1579 2425 >

142 2486 175 2541 ut
199 2479 299 2557 prima
323 2477 359 2538 de
379 2485 504 2556 septem,
530 2497 622 2557 usque
648 2479 686 2538 ad
711 2478 870 2557 sphaeram
892 2478 979 2539 lovis
1004 2499 1023 2538 a
1046 2498 1162 2539 summa
1190 2478 1351 2539 secundam
1384 2478 1480 2540 inter-

142 2567 201 2628 ecti
230 2566 323 2646 spatii
353 2574 441 2627 tanta
465 2574 513 2626 est
544 2567 706 2638 distantia,
747 2576 781 2628 nt
809 2568 925 2629 zodiaci
954 2567 1099 2629 ambitum
1142 2567 1276 2644 superior
1309 2562 1352 2628 30
1385 2567 1481 2636 annis,

147 2653 268 2718 2vero
296 2655 384 2716 annis
414 2654 551 2733 subjecta
580 2657 726 2716 conficiat.
774 2656 891 2717 Rursus
921 2663 1039 2717 tanturn
1063 2675 1082 2715 a
1110 2655 1187 2716 Jove
1219 2655 1348 2733 sphaera
1371 2655 1481 2717 Martis

142 2744 259 2817 coedit,
292 2751 326 2803 ut
356 2743 483 2804 eundem
507 2763 624 2804 cursum
657 2744 775 2805 biennio
804 2744 965 2823 peragat.“
1010 2744 1067 2805 His
1096 2752 1130 2822 et<
1158 2744 1351 2823 sequentibus
1381 2745 1480 2806 verbis

142 2832 223 2896 tabes
247 2832 526 2910 interpretationem
551 2833 630 2911 ejus,
655 2834 733 2912 quod
756 2833 846 2895 Plato
876 2835 963 2902 dicit,
997 2833 1156 2912 „posuisse
1179 2833 1276 2892 Deum
1301 2841 1427 2910 corpora
1450 2834 1479 2893 in

142 2921 260 2984 mbitus
284 2939 350 2994 eos,
382 2938 455 3000 quos
479 2921 621 2999 cujusque
645 2922 818 3000 periodus“,
842 2930 915 2982 nota
939 2942 981 2982 sc.
1007 2921 1151 2998 temporis
1179 2920 1359 2980 restitutorii
1383 2941 1479 3001 quan-

141 3011 214 3082 itas,
239 3009 416 3075 desideret..
449 3009 554 3089 Pergit
568 3009 760 3070 Macrobius:
785 3011 913 3084 „Venus
937 3017 1037 3070 antem
1062 3017 1110 3069 est
1133 3016 1219 3069 tanto
1234 3008 1354 3087 regione
1364 3008 1479 3069 ‘Martis

142 3098 261 3171 sierior,
287 3106 320 3158 nt
343 3097 370 3158 ei
395 3118 489 3159 annus
514 3098 590 3159 satis
614 3099 655 3158 sit
678 3099 714 3158 ad
739 3098 891 3159 zodiacum
914 3098 1144 3177 peragrandum.
1190 3096 1351 3157 Jamvero
1367 3096 1480 3158 Veneri

142 3197 171 3249 ta
187 3187 329 3267 proxima
343 3194 391 3247 est
405 3187 495 3247 stella
509 3187 649 3247 Mercurii
665 3196 696 3247 et
715 3187 862 3248 Mercurio
878 3186 932 3247 Sol
945 3187 1135 3266 propinquus,
1162 3193 1196 3245 ut
1214 3185 1243 3245 hi
1259 3193 1322 3247 tres
1341 3188 1480 3247 coelum

145 3295 226 3340 uum
251 3276 382 3354 (coelum
407 3274 436 3336 in
460 3275 604 3353 singulari
629 3275 716 3348 dicit)
740 3276 806 3354 pari
830 3277 973 3355 temporis
998 3275 1105 3354 spatio,
1131 3275 1150 3336 i.
1167 3294 1193 3335 e.
1217 3294 1304 3345 anno,
1328 3276 1395 3353 plus
1419 3275 1478 3335 rni-

142 3384 238 3439 100νο,
263 3364 457 3425 circumeant.
504 3364 577 3426 Ideo
602 3373 633 3425 et
657 3363 764 3426 Cicero
789 3365 843 3425 hos
868 3366 943 3426 duos
967 3384 1070 3426 cursus
1094 3365 1219 3425 comites
1243 3363 1325 3425 Solis
1349 3363 1479 3440 vocavit,

142 3454 250 3534 [ulain
274 3453 341 3534 pari
365 3454 463 3532 spatio
489 3453 576 3531 longe
600 3473 619 3512 a
642 3473 674 3513 se
699 3473 849 3532 nunqnam
877 3454 1051 3514 recedunt.“
1097 3453 1211 3514 Iterum
1238 3453 1417 3532 particulam
1441 3453 1478 3519 de

142 3551 214 3605 extu
237 3541 378 3603 Platonis
401 3542 615 3621 supraposito
640 3542 793 3620 explicuit.
840 3541 998 3621 Sequitur:
1030 3541 1140 3616 „Luna
1170 3551 1270 3603 autem
1300 3549 1418 3602 tautum
1441 3541 1479 3601 ab

142 3631 173 3693 ris
202 3631 344 3692 deorsum
372 3631 514 3703 recessit,
547 3638 589 3703 ut,
624 3631 703 3711 quod
731 3631 761 3691 hi
791 3649 882 3708 anno,
908 3626 950 3691 28
983 3631 1087 3692 diebus
1116 3629 1183 3709 ipsa
1211 3630 1357 3691 conficiat.
1406 3630 1479 3690 Ideo

142 3737 221 3799 reque
246 3720 283 3780 de
308 3719 398 3780 trium
421 3718 606 3798 superiorum
630 3720 747 3792 ordine,
782 3738 869 3797 quem
892 3720 1052 3780 manifeste
1077 3720 1214 3798 clareque
1240 3718 1398 3797 distinguit
1420 3718 1479 3778 im·
1524 3732 1527 3737 ’

142 3824 230 3869 tensa
254 3808 409 3881 distantia,
434 3827 529 3887 neque
553 3808 590 3868 de
614 3808 719 3869 Lnnae
743 3808 879 3886 regione,
905 3824 981 3886 quae
1006 3808 1043 3867 ab
1068 3807 1203 3867 omnibns
1226 3807 1352 3868 multum
1375 3825 1478 3867 reces-

142 3895 178 3970 sit,
201 3896 281 3958 inter
303 3904 424 3957 veteres
448 3897 550 3975 aliqua
574 3897 630 3957 fuit
653 3896 812 3957 dissensio.
858 3897 972 3956 Horum
996 3913 1066 3957 vero
1087 3896 1176 3956 trium
1199 3895 1255 3955 sihi
1280 3895 1480 3974 proximorum

142 3981 267 4060 Veneris,
289 3985 435 4047 Mercurii
459 3993 491 4046 et
510 3983 591 4046 Solis
615 3986 748 4046 ordinem
772 3984 882 4045 vicinia
906 3985 1069 4056 confundit,
1094 3984 1149 4044 sed
1173 3983 1252 4061 apud
1276 3982 1361 4045 alios.
1399 3984 1479 4045 Nam

143 4070 347 4152 Aegyptiorum
372 4074 527 4135 solertiam
549 4074 628 4135 ratio
652 4093 709 4135 non
735 4074 825 4153 fugit,
851 4093 927 4153 quae
951 4072 1022 4134 talis
1046 4073 1126 4133 est.“
1172 4070 1205 4133 Si
1231 4091 1318 4151 quem
1342 4072 1478 4134 obscuri-

143 4163 192 4234 10,
214 4180 291 4241 qnae
316 4163 345 4223 in
369 4162 425 4224 hoc
449 4181 564 4243 quoqne
589 4170 711 4224 auctore
735 4162 879 4223 nonnulla
902 4170 962 4236 est,
995 4162 1025 4222 in
1050 4159 1267 4222 dubitationem
1291 4161 1415 4222 adducit
1442 4161 1479 4223 de

145 4245 194 4322 tius
218 4251 385 4324 sententia,
416 4250 443 4311 is
467 4251 542 4312 haec
566 4252 632 4329 jam
660 4251 760 4330 posita
789 4249 882 4312 verba
909 4251 1002 4328 probe
1034 4250 1188 4329 ponderet.
1245 4248 1297 4311 Sic
1326 4250 1404 4311 enim
1433 4259 1481 4310 est

146 4329 338 4418 inunigendus
362 4358 491 4418 sequens
514 4347 631 4412 textus,
660 4350 694 4401 ut
717 4341 784 4401 inde
810 4339 888 4400 ratio
912 4346 1019 4417 pateat
1042 4338 1155 4400 ordinis
1179 4357 1236 4398 nou
1262 4346 1379 4399 tanturn
1403 4338 1481 4399 iuter

148 4414 227 4488 Solem
256 4437 289 4489 et
313 4429 388 4490 duos
412 4428 477 4507 ejus
501 4428 644 4501 comites,
674 4429 727 4489 sed
752 4429 844 4490 etiam
873 4428 951 4487 inter
974 4427 1145 4504 ipsoshos.
1191 4426 1298 4506 Itaque
1329 4428 1479 4504 interpre-

149 4511 241 4578 utone
265 4517 353 4578 nnius
376 4516 459 4578 verbi
483 4517 513 4577 in
538 4517 732 4596 sequentibus
756 4535 831 4596 opus
855 4525 911 4577 est.
960 4514 1119 4589 „Circulos
1147 4533 1312 4594 perquem
1336 4512 1389 4574 Sol
1413 4513 1479 4573 dis-

150 4601 240 4664 cursu
263 4605 415 4683 (intellige
439 4604 605 4688 epicyclum
628 4605 658 4665 in
682 4604 886 4683 comentrico,
916 4623 974 4683 quo
998 4603 1257 4663 eccentricitatem
1280 4603 1401 4662 salvare
1425 4617 1479 4660 so-

149 4677 237 4777 lemns3
260 4694 288 4755 si
312 4712 399 4755 secus
428 4694 550 4768 seceris,
580 4693 729 4755 Macrobii
755 4694 849 4754 verba
878 4694 908 4753 in
937 4690 1126 4753 concordiam
1153 4709 1210 4751 non
1240 4690 1374 4768 rediges)
1398 4687 1479 4763 ‚,hic,

148 4781 254 4858 ¹nqtrrurr,
277 4803 297 4844 a
311 4781 454 4846 Mercurii
476 4783 587 4846 circulo
611 4789 644 4844 nt
662 4782 785 4845 inferior
809 4782 926 4856 (malim
940 4781 1079 4855 interior)
1103 4779 1244 4852 ambitur,
1264 4777 1349 4839 illum
1363 4795 1479 4860 quoqne

198 4880 281 4936 ¹¹9¹ss
294 4885 395 4936 opu-1.
888 4927 891 4930 Α
1235 4879 1270 4933 18
1456 4882 1462 4900 “
