3366 5482
654 192 816 275 menium.
974 314 976 319 ,
1152 297 1154 303 Ι
1369 223 1411 292 47

56 380 202 431 llasstllnns
221 383 345 438 voluistis,
362 382 471 446 petenda
488 383 551 439 erite
570 384 628 445 quin
647 389 673 431 et
690 381 730 431 bio
749 382 890 434 difficillime
908 384 1065 436 invenienda.
1103 384 1184 445 Quam
1203 384 1305 448 operam
1321 389 1341 437 si
1357 377 1413 453 ¹qnls

56 453 263 516 superaddiderit,
283 454 351 503 illum
370 455 496 516 antiquum
514 452 697 518 Pythagoram.
716 455 756 518 qui
775 452 930 505 harmoniam
948 457 1095 506 concinnam
1112 453 1271 513 coelestibus.
1299 459 1348 508 imo
1366 462 1413 509 toti

55 523 142 573 maudo
160 525 247 575 lnesse
266 525 460 589 praesentiebat,
480 538 596 587 superare
614 523 725 580 dixerim.
754 524 788 574 Et
805 525 1014 577 licetcirculares
1031 529 1057 577 in
1070 526 1139 577 coelo
1153 528 1280 577 motiones
1298 543 1411 580 nonuun-

55 609 125 660 quam
144 595 283 659 angulares
300 596 421 661 ⁴quasdam
440 601 467 644 et
491 596 573 644 sarias
600 595 692 660 figuras
717 602 792 660 atque
814 597 970 660 utplurimum
993 598 1263 663 oblongweomposito
1282 612 1326 648 ιιι
1344 608 1413 652 motu
1452 592 1461 610 ⁰

54 665 150 716 efficere
169 668 268 717 curiose
287 667 386 731 singula
403 668 533 715 trutinasti
552 666 628 715 rideri
647 668 755 729 possint:
775 667 803 716 tit
821 675 905 718 tamen
925 669 950 718 id
968 684 1012 732 per
1030 669 1147 719 accidens
1169 675 1194 718 et
1216 668 1331 719 abhorret
1348 674 1411 721 ratio

55 739 84 787 alt
100 736 150 787 bae
169 740 349 802 suppositione.
387 737 490 802 Oportet
508 737 573 786 enim
593 740 689 786 omnino
709 752 738 786 ea
757 739 913 804 circularibus
932 741 1044 803 componi
1061 745 1181 789 astrorum
1200 739 1329 797 circuitus.
1350 742 1413 792 alias

53 818 170 873 perpetuo
189 810 347 859 uniformiter
364 817 391 858 ιι
408 809 570 873 aequabiliter
588 811 613 860 in
632 824 659 858 se
677 825 725 858 nou
744 817 897 860 revertentur
914 818 940 860 et
958 812 1140 874 perennitatem
1152 812 1310 861 frustrabant.
1335 812 1410 863 Prae·

54 889 166 945 tauquam
178 881 246 944 qnod
257 882 341 930 minus
358 881 480 944 simplices
498 881 625 945 magisque
645 879 776 929 anomalae
794 887 873 939 eraut,
893 897 939 931 nec
958 883 1033 932 etiam
1052 882 1179 932 doctrinae
1198 881 1296 932 et'usui
1310 879 1410 934 'accom-

55 952 148 1002 modae.
188 952 229 1001 De
250 949 270 1016 {i
289 968 340 1001 nou
358 958 396 1001 est
414 966 459 1000 eur
477 951 560 1003 doleat
585 953 638 1014 ejus
656 951 753 1001 stellam
773 966 789 1001 a
807 967 846 1001 me
864 969 912 1003 non
932 969 986 1003 esse
1005 955 1175 1010 observatam.
1202 960 1246 1014 ant
1264 956 1327 1019 quod
1347 956 1413 1022 idem

54 1038 107 1072 rum
119 1023 260 1087 Gopernico
279 1025 306 1072 in
325 1026 377 1085 elus
395 1023 572 1086 phaenomeuis
591 1023 749 1072 ostendendis
764 1024 927 1086 praetendere
939 1024 1021 1074 relim.
1050 1025 1123 1074 Licet
1142 1025 1206 1075 enim
1223 1039 1241 1074 a
1255 1024 1318 1075 Solis
1336 1027 1412 1077 radlia

55 1097 177 1145 ιιιιιιιιιι
196 1095 359 1159 digrediatur.
380 1101 405 1144 et
422 1094 563 1144 inclinatior
581 1094 646 1157 apud
660 1109 705 1143 uos
718 1096 742 1143 in
756 1094 841 1144 Dania
853 1096 886 1144 sit
897 1095 1012 1159 sphaera,
1032 1110 1106 1161 quam
1120 1096 1253 1162 Frueburgi
1265 1098 1290 1146 iu
1303 1097 1411 1155 Proseis,

54 1166 93 1215 ιιι
104 1168 167 1216 rixis
179 1165 341 1230 Copernicns.
360 1165 488 1230 pluresque
500 1180 569 1215 mare
582 1167 650 1214 circa
662 1165 768 1215 insulam
779 1166 940 1216 habitationis
958 1175 1059 1217 nostrae
1079 1169 1189 1218 emiserit
1206 1182 1319 1232 sapores,
1338 1184 1412 1235 quam

56 1236 167 1287 Vistula:
187 1238 298 1300 plurimis
317 1245 401 1286 tamen
419 1238 519 1293 risibus,
539 1238 588 1285 imo
606 1252 669 1300 pene
688 1237 789 1303 siugulis
809 1239 888 1295 anuis,
909 1239 966 1288 dnm
984 1240 1009 1287 in
1022 1238 1177 1304 Uraniburgo
1192 1247 1274 1289 nostro
1293 1230 1412 1306 sidep'bua

56 1309 217 1375 mrigilarens.
237 1316 290 1358 tam
309 1323 368 1358 eous
386 1309 631 1372 quamvespertinns
650 1316 767 1358 accurate
785 1323 802 1357 a
820 1310 889 1358 nobis
908 1309 1011 1359 coelitus
1030 1311 1176 1359 denotatus:
1195 1318 1224 1360 ιι
1237 1325 1321 1376 neque
1338 1313 1411 1376 hujus

56 1383 121 1437 astri,
140 1387 200 1429 utut
218 1382 343 1429 rarissime
361 1386 456 1443 pateat,
476 1385 502 1429 et
519 1379 602 1428 multis
622 1381 773 1429 aufractibus
792 1381 825 1428 sit
841 1378 980 1437 obnoxium,
998 1396 1043 1430 nos
1061 1381 1146 1446 lugere
1165 1384 1241 1445 possit
1260 1385 1349 1434 semita
1366 1396 1410 1433 ne*

56 1465 178 1517 quaqum
198 1452 230 1500 ab
249 1452 353 1500 ιιιιιιιι
371 1450 449 1501 dubiis
468 1451 728 1506 animaduersionibus,
747 1453 782 1500 uti
802 1459 902 1501 coactus
921 1459 960 1501 est
973 1451 1130 1515 copemicus,
1148 1452 1293 1503 mutuanda.
1324 1454 1364 1505 De
1384 1446 1409 1519 Ω

57 1531 172 1588 quantum
191 1523 314 1572 hactenns
331 1524 497 1586 pervestigare
516 1521 597 1578 licuit.
617 1532 710 1571 certum
729 1531 781 1576 est.
801 1525 854 1584 ejus
873 1538 1011 1588 apogaeum
1029 1538 1078 1572 uon
1097 1524 1200 1573 multum
1220 1538 1236 1573 a
1254 1524 1334 1575 Solari
1351 1533 1410 1576 aut·¹

57 1610 144 1644 rosum
162 1597 293 1650 removeri,
313 1594 385 1642 aliter
403 1608 475 1657 qnam
494 1595 571 1642 sensit
590 1592 750 1657 copemteus.
769 1607 816 1643 nec
835 1594 914 1644 eidem
932 1603 1017 1643 tamen
1035 1595 1109 1657 plane
1127 1595 1202 1651 uniri,
1222 1601 1250 1644 ιι
1267 1595 1409 1662 Albategnii

58 1668 193 1716 immense
211 1665 297 1714 solunt
315 1665 492 1729 Alpbousiuae.
528 1664 557 1714 ln
577 1666 761 1714 eocentricitate
779 1673 864 1714 tamon
883 1668 936 1729 ejus
961 1680 1010 1714 nou
1035 1672 1073 1714 est
1097 1680 1142 1730 par
1164 1666 1242 1726 ratio,
1268 1681 1327 1716 nam
1353 1682 1410 1718 eam

59 1737 126 1787 nslto
145 1739 269 1786 minorem
289 1735 368 1786 Solari
388 1734 544 1800 deprehendi.
574 1737 613 1784 An
631 1735 755 1786 mutabilis
774 1737 814 1793 sit,
833 1736 941 1786 noudum
960 1736 1070 1794 dixerim,
1088 1737 1131 1786 sed
1150 1752 1199 1786 non
1217 1752 1366 1803 magnopere
1384 1738 1408 1789 id

62 1809 168 1872 pababit
184 1808 226 1857 sel
243 1808 391 1872 improbabit
408 1814 453 1856 tna
470 1821 515 1870 per
532 1822 559 1856 se
577 1808 707 1871 ingeniosa
724 1808 862 1856 ratiocinia.
1298 1813 1300 1817 “
1393 1825 1395 1843 ι

119 1881 143 1930 E
162 1879 240 1929 stella
255 1880 334 1943 polari
353 1879 391 1927 rel
409 1880 494 1942 quasis
513 1878 563 1945 alia
580 1879 702 1928 subtiliter
721 1892 814 1934 eruere,
834 1893 866 1928 au
885 1879 949 1927 orbis
968 1891 1064 1928 ιιιιιι
1077 1877 1169 1928 Terrae
1188 1877 1348 1942 aGopemico
1367 1895 1407 1930 ea·

61 1954 192 2016 agitatus,
219 1953 241 2000 si
256 1953 279 1999 ιι
298 1958 378 2006 ιιιιι,
404 1958 507 1999 octavae
531 1949 651 2013 sphaerae
670 1949 746 2003 stellis
766 1950 944 2014 aliquantulam
967 1950 1074 1999 insinuet
1095 1950 1247 2013 parallarln.
1270 1953 1324 2014 lam
1349 1958 1408 2003 ante

62 2025 150 2087 saepius
171 2030 198 2071 et
217 2021 348 2088 diligenter
366 2023 468 2084 experiri
487 2023 594 2082 tentari,
617 2036 700 2070 rerum
718 2021 777 2070 nihil
798 2021 945 2083 ejuscemodi
968 2020 1081 2086 diligenti
1104 2021 1174 2070 iacta
1197 2022 1408 2074 animadversione
1432 2043 1435 2047 ⁸

62 2094 176 2145 ιιιιιιιι
195 2095 316 2157 comperi:
348 2091 415 2141 Nam
439 2093 537 2142 stellam
560 2091 681 2156 polarem.
707 2107 851 2157 quocunque
875 2093 933 2142 anni
957 2097 1065 2156 tempore
1088 2107 1162 2156 snpra
1184 2092 1223 2142 rel
1246 2094 1310 2142 inira
1327 2094 1421 2157 polum.

60 2167 163 2229 praedae
183 2166 349 2219 observatam.
369 2164 481 2213 adbibita
498 2163 608 2226 ejusdem
626 2164 658 2212 ab
676 2163 718 2213 illo
736 2167 871 2214 remotione
888 2178 948 2213 rora
967 2161 1042 2227 (quse
1060 2164 1107 2213 hoc
1126 2177 1191 2213 anuo
1206 2171 1245 2214 est
1263 2162 1345 2212 ‘2⁰51‘
1357 2164 1408 2214 10'‘

62 2245 84 2285 st
98 2252 152 2287 sum
171 2232 319 2284 8⁰13'26'‘
340 2234 366 2294 Υ
385 2241 411 2284 ιι
429 2236 475 2289 ss
495 2236 657 2284 meridianum
680 2249 754 2299 supra
779 2242 805 2285 et
830 2236 893 2284 inira
914 2234 996 2298 polum
1015 2232 1116 2296 transit)
1144 2237 1249 2286 eandem
1266 2237 1292 2284 in
1310 2236 1409 2287 dimidio

61 2309 174 2372 teupulo.
194 2309 244 2356 imo
263 2309 329 2356 iutra
347 2313 460 2371 quartam
479 2307 516 2355 rel
534 2314 629 2356 sertam
644 2309 696 2368 elus
710 2314 805 2369 partem
824 2303 964 2367 (subtiliora
979 2307 1044 2354 risum
1056 2320 1106 2355 non
1119 2303 1247 2367 discernit)
1266 2308 1408 2370 praebuisse

60 2379 104 2442 pali
119 2379 299 2428 sublimitatem
318 2378 488 2434 animadverti,
508 2378 572 2442 quod
591 2385 617 2426 et
635 2377 691 2426 Chr.
705 2367 872 2434 lt'othmauno‚
891 2378 931 2440 qui
945 2375 1129 2441 Copernicaeae
1147 2378 1309 2441 speculationi
1326 2379 1406 2429 indul-

61 2465 116 2514 geus
133 2451 228 2514 aliquid
247 2450 393 2499 discriminis
411 2449 451 2497 bic
469 2450 569 2498 subesse
589 2451 702 2512 opinatus
722 2456 768 2504 est,
783 2448 928 2510 jamdudum
946 2449 1061 2503 indicari,
1079 2456 1108 2497 ut
1118 2448 1176 2498 hinc
1189 2448 1248 2498 nihil
1260 2464 1303 2513 pro
1316 2448 1406 2514 (iopes-

62 2523 110 2573 nico
127 2529 171 2571 tuo
191 2520 274 2583 (cnjus
295 2523 441 2571 concinnam
460 2527 485 2569 et
503 2523 657 2586 ingeniosam
675 2520 868 2584 speculationem
888 2520 951 2569 alias
971 2520 1086 2569 admirari
1099 2528 1125 2568 et
1137 2520 1311 2583 depraedicare
1329 2519 1407 2583 soleo)

61 2593 144 2643 tueudo
161 2593 288 2642 residuum
306 2595 338 2641 sit
355 2593 443 2641 solatii.
481 2591 557 2640 Petas
576 2592 684 2647 aliunde,
703 2591 842 2640 ridebitur.
873 2590 922 2640 Sed
941 2591 971 2640 de
989 2591 1027 2639 his
1046 2599 1121 2655 atque
1140 2591 1194 2640 aliis
1213 2592 1307 2656 plenius
1325 2599 1408 2643 tecum

58 2666 160 2728 jucunde
180 2665 375 2728 etperlubeuter
388 2677 470 2727 agam,
490 2663 607 2727 pluraque
627 2678 657 2711 ex
674 2664 735 2711 meis
754 2663 947 2722 communicabo,
967 2664 988 2711 si
1006 2677 1054 2718 me,
1074 2664 1110 2711 uti
1129 2662 1256 2726 polliceris,
1276 2664 1408 2728 aliquando

60 2738 173 2792 mriseris,
192 2736 258 2801 quod
277 2737 321 2785 tibi
336 2738 389 2796 jam
407 2736 487 2782 minus
506 2733 636 2783 molestum
654 2735 700 2783 erit
719 2748 791 2798 quam
810 2741 898 2791 antea,
919 2748 974 2781 cum
992 2729 1157 2787 iu'Bobemia
1174 2749 1223 2784 non
1243 2735 1374 2784 admodum
1391 2749 1409 2786 a

60 2808 120 2857 robis
137 2816 235 2872 remota
253 2822 319 2861 nnuc
337 2806 408 2855 sedes
426 2804 535 2855 Uraniae
553 2820 630 2863 noras
648 2806 749 2862 inerim,
769 2812 843 2868 atque
862 2806 886 2852 iu
906 2819 962 2853 arce
982 2805 1128 2854 caesariana
1146 2804 1282 2862 Benaehla.
1302 2808 1408 2872 quinque

58 2879 198 2928 minianum
215 2877 301 2942 Praga
318 2885 420 2931 remota.
439 2877 557 2925 habitem.
585 2875 650 2925 Nam
669 2892 708 2925 me
726 2891 742 2924 ι
760 2889 879 2925 caesarea
896 2879 1027 2937 majestate
1047 2876 1095 2924 buc
1114 2889 1128 2924 ι
1147 2876 1281 2927 Germania
1299 2877 1406 2927 clemen-

59 2953 148 3000 u'ssiune
165 2957 281 2999 roratum
298 2957 323 2998 et
336 2949 509 3013 benignissime
523 2962 553 2996 uc
565 2948 698 2997 liberaliter
709 2955 835 3010 receptum
848 2962 910 3005 esse,
930 2954 956 2997 te
975 2948 1005 2996 ab
1025 2947 1079 2995 aliis
1095 2949 1149 3009 jam
1167 2954 1245 2998 autea
1262 2951 1406 3013 cognovisse

59 3020 98 3084 (aa
110 3037 158 3087 quo
177 3021 305 3071 dimidium
320 3024 373 3082 jem
393 3033 484 3068 aunum
502 3019 542 3068 bic
561 3015 705 3080 subsistam)
725 3020 843 3068 existimo.
863 3017 945 3068 Nolim
963 3023 1047 3067 tamen
1066 3026 1095 3067 ιι
1111 3018 1224 3068 iortnuae
1243 3022 1407 3083 asperitaste

55 3110 98 3143 noa
116 3093 238 3144 accedere
257 3093 396 3155 compellat,
415 3091 460 3140 sed
477 3092 557 3154 potins
576 3091 701 3140 arbitrium
719 3091 840 3154 proprium
860 3097 885 3139 et
904 3104 964 3154 erga
982 3090 1121 3139 communia
1139 3089 1221 3152 studia
1239 3105 1308 3140 amor
1325 3097 1357 3141 et
1368 3088 1406 3142 ai·
1439 3107 1441 3110 ’

54 3167 133 3216 hedo.
170 3164 295 3228 Quicquid
312 3172 397 3213 ιιιιιι
415 3162 440 3211 ιι
458 3164 512 3218 erit,
536 3162 646 3211 iuvenies
664 3176 703 3210 me
722 3176 772 3211 nou
790 3162 918 3215 ιιιιιιιι.
938 3161 1113 3225 qualiscunque
1139 3161 1182 3210 llla
1204 3163 1250 3220 ιιι,
1275 3163 1320 3212 ιιι
1338 3163 1407 3212 tunm

54 3239 170 3294 amicum
189 3236 231 3300 qui
251 3239 328 3285 etiam
345 3237 370 3284 ιι
390 3233 494 3283 adversa
512 3240 577 3282 sorte
596 3233 760 3282 sno.consilio
778 3240 804 3282 et
822 3233 912 3282 auxilio
924 3232 968 3280 tibi
986 3246 1142 3297 nequaquam
1161 3235 1193 3281 ιιι
1211 3233 1346 3289 deintums,
1363 3234 1408 3285 ssd

50 3311 133 3372 potins
152 3315 177 3357 te
197 3308 230 3356 ad
249 3309 343 3371 optima
360 3319 471 3371 quaeque
489 3312 649 3368 promoturus.
688 3304 758 3353 Etsi
776 3312 872 3353 mature
891 3304 1039 3360 accesseris,
1066 3317 1109 3353 eas
1132 3305 1194 3353 torte
1213 3306 1321 3356 rationes
1339 3307 1407 3356 inre·

52 3374 157 3437 sisenna,
175 3379 263 3444 quibus
281 3380 326 3428 tibi
345 3386 371 3427 et
388 3378 436 3426 tuis
455 3378 480 3425 iu
499 3385 623 3439 posterum
641 3377 731 3425 rectius
749 3391 822 3440 quam
841 3383 918 3425 autea
934 3375 1073 3424 consultum
1091 3376 1145 3424 erit.
1182 3375 1246 3427 Vale
1264 3375 1309 3427 dte.

121 3451 258 3501 Dabuntur
275 3449 420 3505 Benacbiae
438 3449 489 3498 sire
508 3447 620 3497 Venetiis
639 3447 801 3498 bohemorum
821 3447 843 3496 d.
864 3444 879 3494 u
899 3446 962 3496 Dec.
982 3453 1013 3496 st.
1033 3462 1058 3496 n.
1079 3443 1155 3495 1599.

1053 3517 1099 3567 ‘l'ni
1119 3519 1302 3568 amantissimus

1040 3588 1070 3638 Τ.
1088 3591 1118 3640 Β.
1138 3605 1215 3654 mppr.
1235 3591 1328 3654 scripsi.

119 3738 220 3798 Quibus
237 3733 386 3796 interpositis
405 3707 511 3780 redimus
530 3730 561 3778 ad
580 3730 663 3779 literas
681 3729 783 3794 Kepleri
802 3736 827 3778 et
845 3729 972 3779 Maestlini
989 3737 1096 3779 rnntnas.

118 3807 270 3860 Maestlinus
289 3805 328 3854 ad⁴
340 3804 423 3852 literas
441 3801 543 3865 Kepleri
563 3797 601 3862 (d.
620 3798 635 3847 9
655 3801 715 3869 Dec.
738 3797 822 3858 1598,
840 3815 862 3848 r.
882 3816 901 3849 s.
920 3816 944 3865 p.
965 3797 1025 3860 39).
1045 3801 1132 3865 quibus
1150 3801 1319 3861 calamitates,
1339 3815 1404 3866 quas

44 3893 99 3932 tum
117 3881 251 3943 styrlacos
268 3875 372 3926 Lntlseri
388 3873 447 3922 'fidei
466 3873 577 3922 addictos
597 3874 692 3936 agitare
711 3873 863 3937 incepemut‚
883 3872 975 3928 refert,
994 3872 1033 3922 his
1050 3870 1193 3936 respondit:
1221 3873 1322 3922 Annum
1339 3872 1405 3924 hunc
1482 3898 1485 3904 ·
1530 3919 1544 3942 ,

44 3954 116 4004 Dans
137 3949 209 4001 obl,
228 3950 348 4014 largiatur
365 3946 434 3994 nobis
452 3944 548 3993 felicem
568 3950 593 3991 ιι
611 3958 764 4007 prospemm,
791 3958 838 4008 qno
861 3957 906 3992 uos
929 3945 961 3993 ab
979 3944 1164 3993 imminentibus
1181 3943 1252 3993 malis
1270 3943 1406 3995 clementer

44 4026 185 4078 modias
225 4020 265 4070 De
282 4020 366 4085 gratia
382 4019 458 4080 ipsius
476 4029 559 4064 sumus
578 4015 675 4079 quidem
694 4017 763 4072 certi,
782 4015 826 4065 sed
844 4016 964 4080 quomodo
983 4030 1038 4065 eam
1057 4015 1190 4079 dispenset.
1207 4016 1326 4065 ridemus.
1347 4014 1404 4066 'lra-
1488 4069 1490 4074 Ι

40 4109 98 4150 tu
122 4097 194 4147 anim
222 4089 406 4142 rultnm'Deus
430 4102 505 4151 saepe
530 4087 642 4146 simulat,
671 4095 696 4135 et
720 4088 834 4151 ingentes
859 4086 1015 4137 calamitates
1033 4086 1102 4135 nobis
1124 4087 1223 4149 objicit,
1250 4094 1279 4136 at
1297 4087 1404 4138 clemen·

41 4171 156 4222 flammas
176 4167 231 4230 ipsc
249 4173 320 4227 pater
338 4160 442 4226 gloriose
460 4174 504 4207 uos
522 4157 580 4206 inde
598 4157 694 4207 liberat.
732 4157 813 4221 ipsum
832 4173 889 4223 ergo
909 4153 1017 4214 oremus.
1043 4164 1072 4206 ιιι
1095 4158 1116 4206 ιι
1141 4157 1198 4223 quid
1223 4158 1317 4214 adversi
1335 4160 1405 4209 nobis

40 4243 182 4292 hissera
198 4236 269 4289 salit.
289 4248 321 4283 ea
338 4235 373 4281 sic
391 4232 504 4295 mitigare
523 4230 645 4293 dignetur.
665 4243 696 4277 ne
718 4230 764 4277 sub
786 4243 868 4278 eornm
880 4229 943 4278 mole
961 4229 999 4278 rel
1016 4230 1140 4295 grauitate
1158 4231 1236 4294 pressi
1253 4231 1292 4281 sel
1310 4230 1404 4281 diutur-

42 4315 126 4365 Μ
142 4306 282 4373 defatigati
301 4303 498 4358 succumbamus,
517 4301 561 4351 sed
580 4299 612 4348 ad
630 4300 726 4350 felicem
745 4308 859 4349 arentum
878 4300 966 4350 eadem
985 4301 1050 4350 brevi
1068 4301 1195 4363 perducat.

114 4380 220 4438 [iuras
239 4388 297 4427 arar
313 4374 376 4428 heri,
394 4381 521 4438 postquam
533 4372 627 4433 vesperi
641 4386 671 4420 ex
686 4370 788 4436 collegio
801 4386 911 4422 rerersns
925 4387 987 4426 snm.
1007 4373 1100 4435 accepi.
1129 4372 1158 4421 lu
1176 4372 1225 4423 fine
1244 4386 1329 4422 earum
1348 4369 1404 4435 (eas

42 4462 144 4520 m
169 4452 275 4517 negotis
299 4462 349 4502 nun
371 4446 499 4495 confestim
519 4442 645 4507 perlegere
667 4449 692 4491 et
714 4443 838 4493 absoluere
859 4440 940 4507 potui)
962 4445 1072 4501 invenio.
1097 4442 1161 4508 qnod
1179 4445 1307 4495 consilinm
1323 4457 1404 4493 rernus

44 4535 143 4578 ιιιιιι
163 4538 182 4574 a
197 4521 305 4586 collegio
323 4520 405 4567 nostro
423 4523 449 4566 et
467 4515 575 4578 inprimis
594 4529 611 4563 a
628 4513 659 4562 l).
676 4512 845 4564 Haienreffero
867 4511 947 4578 petis.
970 4513 1051 4576 Quam
1069 4515 1213 4579 petitionem
1230 4515 1303 4565 hodie
1320 4528 1402 4571 mane,

47 4610 100 4652 ιι
111 4597 253 4649 baberetur
264 4598 377 4644 senatus,
396 4600 529 4651 proponere
547 4587 579 4635 iis
597 4584 670 4641 solui,
689 4585 733 4635 sed
745 4585 854 4649 plurilus
866 4586 1019 4635 obstantibus
1032 4587 1233 4650 occupationibus
1250 4585 1309 4635 nihil
1328 4598 1402 4649 agere

47 4672 124 4733 mil
158 4662 312 4718 Dilleseuda
329 4662 405 4726 igitur
422 4659 480 4709 mibi
499 4659 545 4708 luit
563 4657 689 4707 literamm
705 4659 850 4707 monstratio
869 4672 945 4723 usque
963 4664 1019 4720 post
1037 4657 1171 4714 meridiem,
1189 4657 1307 4721 siqnidem
1326 4657 1402 4707 etism

46 4742 90 4801 ἢ,
104 4741 255 4809 mnu
274 4743 329 4786 tum
347 4731 518 4788 ιοιιιιιιιιιι,
536 4730 677 4790 ridebatur,
696 4728 851 4785 tabellarium
868 4743 965 4795 quoque
983 4729 1081 4779 dimidio
1095 4727 1151 4780 boo
1169 4724 1223 4786 die,
1246 4727 1403 4792 ultraquam
