3366 5482
159 262 204 332 'iii
762 266 925 318 emonam

248 424 336 497 Quod
360 432 519 505 superest,
558 426 584 486 si
617 426 770 505 quippiam
794 424 1011 486 humanissima
1039 425 1253 503 provocatione
1285 422 1357 484 mihi
1381 420 1523 493 elicuisti,

159 514 357 596 quodminus
381 534 478 576 meam
504 533 662 592 personam
687 514 810 587 deceat,
845 515 909 591 ejus
941 533 996 592 ego
1026 515 1145 575 veniam
1174 513 1281 575 obnixe
1306 518 1396 590 peto:
1422 509 1523 572 forsan

159 613 192 666 et
213 621 339 664 mereor.
377 604 445 664 Non
468 610 572 681 potest
595 604 674 664 enim
697 602 828 680 jucunda
852 621 919 662 esse
944 602 1077 681 scriptio,
1105 621 1181 681 qnae
1206 621 1264 662 non
1288 601 1330 661 sit
1343 599 1449 672 libera,
1466 617 1524 659 non

159 712 198 756 ex
234 692 333 753 animo
365 691 394 752 in
434 692 582 753 calamum
611 692 729 752 influat.
776 692 881 771 ltaque
911 691 946 764 si,
972 691 1049 770 quod
1074 691 1180 764 credo,
1206 697 1313 769 gratae
1342 694 1412 749 sunt
1440 706 1554 765 meae<

160 780 309 862 epistolae
333 781 437 859 Magn.
461 781 563 854 Tuae,
591 780 659 859 jure
693 780 769 842 hanc
801 779 872 841 mihi
899 779 1073 841 libertatem
1102 785 1134 839 et
1156 779 1352 840 securitatem
1374 775 1526 838 scribendi

161 871 321 932 concedes.
477 901 486 916 ·
1524 866 1527 871 '

251 958 330 1020 Vsle
353 957 432 1020 Nob.
458 964 490 1017 et
508 956 612 1036 Magn.
631 955 696 1030 Vir,
722 975 827 1037 meque
842 956 896 1017 tibi
912 956 1150 1017 commendatum
1165 953 1253 1015 habe.
1279 949 1328 1015 16.
1339 952 1414 1014 Dec.
1429 945 1525 1014 1598.

959 1044 1039 1107 Noh.
1066 1054 1098 1107 et
1121 1043 1204 1121 Mag.
1231 1043 1313 1102 Tuae

252 1134 291 1196 D.
315 1134 364 1196 D:
378 1133 408 1195 J.
431 1133 468 1194 Β.
493 1131 640 1204 Ficlrlero,
1121 1129 1419 1193 observantissimus

212 1222 384 1284 venerando
408 1228 440 1282 et
464 1220 576 1300 optimo
599 1220 674 1292 seni,
1126 1221 1172 1282 Μ.
1197 1219 1271 1282 Joh.
1295 1216 1417 1300 Kepier

175 1319 297 1391 agnato
321 1329 398 1382 meo,
422 1309 552 1371 salutem
576 1308 693 1370 officio-
1074 1306 1196 1390 Styriae
1220 1309 1381 1369 Procerum
1405 1305 1504 1367 Math.

272 1399 426 1462 tissimum
450 1395 598 1459 adscribo.
1461 1424 1465 1435 ·

232 1575 371 1626 Joannss
391 1574 577 1628 wernerus,
603 1573 673 1632 euius
692 1572 875 1622 ohservationes
894 1572 1017 1635 Keplsrns
1036 1574 1157 1636 inspicere
1178 1573 1255 1636 eupit,
1273 1577 1349 1622 ustus
1368 1576 1408 1622 est
1427 1570 1525 1621 Nurim-

162 1649 253 1713 berssas
272 1661 337 1697 ωηο
350 1641 427 1701 ltus,
445 1645 477 1694 ab
496 1658 561 1692 anno
576 1638 644 1690 1198
662 1643 768 1706 pastoris
786 1657 888 1691 munere
901 1641 1077 1708 Norimbergse
1096 1644 1194 1694 iunctus
1214 1649 1253 1693 est
1270 1657 1347 1706 nsque
1366 1643 1401 1693 ad
1418 1643 1524 1693 mertsih

163 1715 198 1780 (s.
221 1713 310 1779 1528).
347 1716 554 1767 Mathematicsm
573 1714 726 1777 disciplinam
742 1714 815 1775 juxta
833 1713 954 1763 ecclesiae
977 1715 1113 1776 ministeris
1133 1715 1221 1772 coluit,
1240 1716 1266 1763 in
1285 1729 1363 1778 eoque
1383 1713 1527 1764 eruditionis

154 1785 253 1856 'genere
272 1788 395 1840 excelluit.
416 1784 512 1849 (comp.
532 1785 754 1848 Doppelmayerum
772 1786 798 1832 in
816 1783 874 1833 hist.
894 1786 1124 1835 mathematicorum
1143 1782 1406 1851 Norimbergensium).
1443 1784 1527 1835 Multa

163 1861 298 1911 elaborarit
317 1875 373 1911 cnm
391 1857 570 1924 geographica.
591 1864 643 1905 turn
662 1856 837 1912 astronomica,
856 1871 938 1918 panca
956 1871 1012 1905 rero
1031 1859 1096 1920 typis
1114 1863 1172 1906 sunt
1191 1856 1320 1912 mandata,
1339 1862 1368 1905 ut
1386 1870 1443 1907 rere
1456 1854 1530 1906 refert

161 1933 189 1983 ln
206 1932 364 1995 sequentibus
381 1930 534 1979 Herusrtns.

235 2001 307 2063 Quae
324 2001 449 2065 Keplerus
466 2001 491 2048 in
511 1997 674 2061 superioribus
693 1997 802 2059 queritur
828 1997 859 2046 de
884 1998 1067 2048 calamitatibus
1093 1996 1213 2060 Styriacis
1236 2011 1269 2047 es
1290 1997 1399 2060 pluribus
1422 1997 1530 2060 explieat

162 2075 187 2123 in
215 2073 293 2123 literis
321 2070 362 2134 (d.
389 2069 413 2120 9.
440 2069 503 2119 Dec.
530 2066 565 2117 98
593 2073 620 2116 et
645 2064 687 2114 29.
712 2068 775 2132 Aug.
806 2063 856 2128 99)
880 2068 913 2117 sd
931 2069 1137 2118 Massilinum
1165 2070 1245 2130 datis,
1272 2083 1334 2131 quse
1362 2070 1529 2131 proposuimus

162 2157 417 2264 pmilenarius
436 2211 462 2260 in
481 2209 639 2272 responsione
663 2221 710 2256 sua
733 2205 769 2267 (d.
790 2207 815 2256 2.
834 2208 892 2256 Jan.
916 2205 996 2269 1599)
1020 2211 1087 2259 hanc
1112 2212 1283 2273 quaestionem
1307 2225 1405 2274 prorsus
1432 2209 1529 2260 silentio

162 2285 337 2348 prastmrnittit
355 2280 519 2344 (desciturum
536 2281 630 2329 socium
648 2278 723 2327 inisse
740 2277 897 2328 Bernartnm
916 2280 1042 2341 constat),
1067 2281 1157 2331 additis
1180 2282 1267 2345 paucis
1296 2280 1326 2330 de
1354 2283 1529 2343 conjunctione

162 2356 269 2407 Veneris
287 2362 313 2405 et
329 2354 448 2404 Mercurii
466 2366 531 2402 anno
551 2365 574 2400 a¹
596 2349 641 2400 Ch.
661 2348 694 2398 iil
713 2356 739 2397 et
762 2349 792 2398 de
812 2350 914 2412 Kepleri
941 2350 1101 2412 Celenderis,
1128 2353 1190 2402 haec
1219 2353 1251 2402 de
1277 2352 1395 2401 Wernero
1420 2353 1528 2416 profert:

163 2426 220 2477 Von
238 2426 263 2476 J.
282 2426 401 2477 Wernero
419 2424 468 2473 hah
487 2422 542 2472 ich:
573 2419 602 2481 1)
621 2423 647 2469 in
666 2420 723 2469 iolio
743 2434 807 2469 anno
831 2419 897 2470 1512
916 2423 1004 2486 impp:
1029 2423 1171 2473 Translatio
1190 2423 1364 2489 Geographiae
1382 2423 1528 2474 Ptolemaei.

163 2493 192 2558 2)
210 2497 237 2546 in
262 2502 349 2561 quarto
373 2497 442 2559 impr.
470 2508 536 2543 anno
566 2489 650 2541 1522:
678 2490 756 2555 Super
775 2488 809 2539 22
836 2492 971 2542 Elementis
996 2494 1103 2544 (ionicis.
1142 2494 1180 2543 De
1200 2496 1255 2545 rubi
1275 2494 1452 2558 duplicatione.
1490 2494 1529 2544 De

162 2560 232 2619 mbiu
250 2569 355 2618 octavas
373 2566 503 2629 sphaerae.
522 2565 548 2612 in
566 2578 613 2630 quo
631 2563 660 2612 iit
677 2564 770 2612 mentio
789 2565 986 2614 observationum
1005 2569 1067 2629 ejus.
1101 2563 1155 2615 Nec
1175 2567 1249 2621 enim,
1268 2566 1333 2629 quod
1351 2567 1439 2625 sciam,
1453 2564 1529 2616 ullum

162 2640 253 2690 librum
272 2637 348 2688 alium
366 2637 452 2692 edidit.
472 2638 498 2685 in
517 2649 564 2699 quo
583 2635 760 2684 observationis
779 2633 882 2697 aiicujus
902 2649 919 2684 a
936 2650 963 2684 ae
982 2637 1066 2687 iactae
1084 2638 1232 2686 meminerit.

235 2709 279 2759 Da
297 2710 340 2759 der
357 2709 423 2758 Herr
440 2706 541 2756 solliche
560 2721 591 2755 su
609 2706 692 2756 sehon
705 2705 800 2769 hegert,
818 2704 980 2755 iiberschicke
998 2708 1040 2757 ich
1058 2709 1103 2757 ims
1121 2709 1168 2756 mit
1185 2708 1322 2764 nechstem.
1342 2707 1375 2756 ds
1388 2707 1443 2756 iubs
1455 2706 1530 2758 sllein

166 2780 256 2831 rrieder
272 2780 363 2846 richtig
381 2778 523 2834 bokomme,
543 2776 610 2826 daun
629 2777 668 2826 ich
687 2776 772 2825 heines
790 2782 881 2826 wdsste
900 2777 1050 2828 anderuerts
1074 2779 1191 2828 widrnmb
1217 2794 1248 2828 su
1271 2778 1380 2828 scobem.
1419 2777 1478 2828 lind
1497 2778 1530 2827 da

165 2851 206 2902 ish
224 2844 276 2902 ime
294 2852 340 2900 snit
357 2849 492 2899 mehrerem
510 2847 647 2897 williahren
664 2846 745 2904 kann,
763 2847 809 2896 hat
827 2863 854 2897 er
871 2848 937 2897 mich
961 2848 1046 2899 allusit
1063 2849 1147 2914 villig.
1185 2849 1224 2898 De
1243 2848 1297 2898 aliis
1318 2849 1421 2898 aliorum
1448 2849 1529 2899 obser·

166 2923 305 2973 melonibus
323 2922 396 2985 plura
412 2920 527 2985 proximis
545 2918 623 2969 literis
642 2932 724 2983 agam
763 2918 850 2968 Dsnrit
869 2916 913 2969 dc.

237 3026 309 3079 Haec
326 3027 478 3077 Hervartus.
498 3024 635 3090 Responsio
654 3025 756 3089 Kepleri
776 3026 889 3091 aliaeque
908 3027 1046 3091 complures
1065 3027 1175 3088 ejusdem
1193 3027 1281 3077 literae
1301 3027 1391 3076 desunt
1402 3028 1428 3077 in
1447 3027 1531 3077 codice

167 3094 367 3163 Petrnpolitsnoi
385 3099 412 3146 in
430 3097 581 3148 bibliotheca
598 3110 655 3147 raro
675 3097 747 3146 acad.
766 3096 867 3146 lionae.
886 3096 1090 3161 deprehendimus
1108 3098 1194 3148 literas
1212 3097 1262 3148 iilic
1281 3098 1450 3155 desideratas.
1470 3112 1530 3162 quea

166 3170 236 3221 d‘sdit
253 3169 376 3234 Kspisms
394 3168 524 3218 liervarto
543 3168 567 3217 d.
588 3164 630 3215 29.
649 3168 723 3228 an.,
743 3164 784 3216 14.
806 3167 874 3231 Sept
895 3175 920 3217 st
942 3167 972 3217 11
991 3169 1054 3218 Dee.
1076 3167 1159 3227 1599,
1181 3167 1221 3217 12.
1241 3168 1291 3218 lui.
1312 3166 1391 3223 icoo.
1411 3170 1531 3234 equibus

167 3254 207 3300 ea.
226 3255 290 3305 quas
309 3241 357 3291 hue
369 3241 511 3303 pertnent.
533 3237 650 3288 addenda
668 3245 733 3287 runt.
771 3239 808 3288 Ex
825 3239 902 3289 literis
921 3239 944 3288 d.
966 3241 989 3289 d.
1010 3238 1051 3289 29.
1071 3241 1130 3290 an.
1151 3237 1228 3293 1599,
1247 3241 1273 3289 in
1292 3241 1379 3305 quibus
1403 3241 1436 3290 ad
1454 3254 1530 3305 quae

166 3314 272 3363 ationem
291 3312 322 3361 de
341 3313 514 3374 coniunctione
532 3309 637 3359 Veneris
657 3316 682 3359 et
699 3308 829 3364 Mercurii,
849 3310 880 3359 ds
898 3309 1035 3361 Ptolemaei
1054 3318 1080 3362 et
1098 3311 1227 3375 Copernici
1251 3312 1478 3370 observationibus,
1508 3316 1533 3362 et

167 3380 199 3434 ds
217 3381 346 3447 eclipsibus
364 3381 500 3446 respondit,
519 3380 582 3430 haec
602 3386 701 3429 tantum
720 3380 897 3431 desumsimns:

257 3523 515 3585 DeWernero:
540 3522 693 3601 opuscula,
710 3540 785 3601 qnae
809 3523 972 3595 annotasti,
989 3523 1037 3585 hic
1061 3532 1140 3587 sunt.
1165 3524 1316 3586 Libellum
1339 3523 1533 3585 observatio-

169 3624 238 3674 num
263 3611 418 3689 Tuhlngae
442 3611 502 3673 vidi
526 3612 603 3689 apud
627 3610 832 3680 Mnesterem,
858 3630 943 3690 quem
968 3612 1076 3674 solitus
1101 3621 1149 3673 est
1173 3613 1271 3674 dicere
1296 3631 1438 3692 magnum
1462 3613 1532 3673 the-

171 3717 302 3762 saurum.
348 3699 424 3778 Ejus
448 3700 603 3779 exemplar
626 3700 804 3778 superfluum
829 3700 1039 3763 existimabam
1063 3702 1143 3780 apud
1166 3720 1220 3762 vos
1245 3712 1396 3781 repertum
1420 3701 1468 3763 iri.

239 3872 411 3936 (namnum
432 3873 521 3935 ,Quod
540 3875 570 3923 de
589 3874 699 3924 Werneri
719 3875 926 3926 observationibus
945 3878 1043 3934 scribis,
1062 3880 1143 3927 miror.
1182 3877 1208 3927 Si
1231 3879 1337 3937 scirem,
1357 3883 1444 3927 extare
1469 3877 1532 3926 illius

170 3946 366 4002 obseruationes.
384 3946 522 3996 omnimodo
541 3960 668 4002 curarem.
689 3953 717 3994 nt
735 3946 838 4010 adipisci
856 3948 971 4009 posset“;
1003 3948 1109 3998 deinde:
1138 3950 1250 4014 „Wegen
1268 3950 1313 3999 des
1330 3948 1445 3999 Werneri
1462 3948 1533 3999 Bueh

168 4016 199 4081 de
219 4015 436 4067 Observationibus
454 4019 529 4079 ipsius
552 4017 602 4067 hab
629 4017 669 4066 ich
688 4016 822 4068 Schreiben
845 4032 891 4066 ron
909 4020 1149 4069 unterscbiediichen
1176 4028 1253 4084 guton
1273 4020 1365 4078 Ortan,
1384 4034 1431 4070 aus
1450 4019 1532 4070 Nuru-

168 4088 245 4153 he'rg,
274 4087 332 4136 dass
358 4080 514 4154 der'gleiehen
540 4104 587 4137 ron
605 4087 660 4137 Ihm
684 4088 807 4139 niemalen
826 4102 1004 4154 ansgegangen
1031 4107 1090 4155 seyn
1118 4091 1202 4140 sollen.
1241 4091 1332 4141 Wollte
1356 4106 1417 4156 geru
1436 4091 1533 4153 rhem,

167 4158 214 4209 iria
233 4158 297 4221 doch
316 4157 359 4208 der
376 4158 463 4208 titulus
482 4159 619 4222 eigeutlich
637 4159 700 4208 solte
719 4158 862 4209 beschaffen
881 4156 981 4223 seyn.“)
1362 4200 1366 4209 ,

238 4228 268 4278 ln
285 4229 362 4278 literis
381 4229 406 4278 d.
425 4230 448 4279 d.
470 4226 510 4277 11.
530 4229 599 4292 Sept.
621 4225 689 4278 1599
709 4232 817 4279 maxima
835 4244 865 4278 ex
883 4237 953 4294 parte
971 4231 1094 4295 Keplenrs
1114 4232 1211 4281 disserit
1229 4232 1260 4281 de
1279 4235 1441 4295 quaestione,
1460 4248 1532 4298 quam

167 4299 311 4351 Hervartns
334 4301 410 4349 morit
439 4300 485 4357 „de
510 4300 640 4350 hermonis
665 4301 749 4349 mnndi
774 4316 818 4349 sen
846 4309 968 4352 concentu
994 4308 1089 4367 septem
1111 4303 1298 4366 planetarum,“
1320 4304 1353 4353 ad
1370 4305 1532 4354 Harmoniam

167 4370 270 4434 Kepleri
288 4371 368 4434 ipsam
386 4369 533 4427 referenda.
557 4373 697 4434 praemissis
717 4373 746 4421 do
765 4374 831 4422 ritae
856 4375 953 4422 ratione
971 4374 1124 4423 instituenda
1142 4375 1218 4424 animi
1236 4375 1364 4427 sensibus,
1388 4376 1477 4440 quibus
1494 4390 1532 4425 re·

169 4440 270 4505 spondit
286 4440 325 4488 his
344 4439 466 4490 Hervarti
485 4441 516 4490 de
536 4441 654 4505 Tyohone
672 4445 785 4493 nunciis:
806 4441 842 4502 (in
860 4444 937 4493 literis
957 4443 980 4494 d.
1001 4444 1042 4493 20.
1063 4442 1126 4505 Jul.)
1147 4444 1247 4506 ,Tycha
1260 4446 1329 4494 venit
1340 4444 1460 4510 Praganr,
1472 4462 1533 4496 non·

168 4510 227 4561 durn
245 4517 332 4561 tamen
350 4510 382 4562 ab
400 4511 547 4576 imperatore
566 4513 720 4562 audientiam
740 4516 886 4577 impetrarit,
905 4517 942 4564 ita
958 4524 988 4565 ut
1005 4517 1131 4565 nesciatur
1149 4515 1238 4570 adhuc.
1258 4516 1376 4579 numquid
1394 4518 1427 4580 ibi
1444 4518 1534 4580 pedem

168 4584 201 4632 sit
220 4582 320 4637 fixurus.
334 4581 448 4636 necns“;
463 4583 552 4633 danda
565 4582 602 4644 (in
616 4585 691 4633 literis
705 4583 780 4633 (1.29.
797 4583 888 4650 Λης.);
910 4586 1012 4647 „Tycha
1031 4585 1113 4636 Brahe
1131 4586 1266 4649 perlustrat
1281 4594 1365 4637 castra
1382 4589 1536 4652 imperatoris

167 4654 192 4702 in
210 4652 340 4710 Bobenia,
359 4666 480 4714 quaerens
499 4655 579 4704 locum
598 4656 761 4711 commodum,
779 4657 821 4704 ubi
841 4657 925 4706 sedem
944 4658 1006 4722 figat
1024 4667 1050 4707 et
1062 4658 1272 4707 observationibus
1284 4659 1432 4709 coelestibus
1451 4668 1533 4717 vacet,

168 4723 256 4772 salario
277 4720 347 4773 3990
365 4724 511 4774 florenorum
531 4740 667 4774 annuorum
688 4725 719 4788 (si
738 4728 810 4777 modo
829 4742 888 4777 vera
907 4736 945 4777 est
964 4726 1045 4788 lama)
1071 4729 1102 4775 ab
1129 4730 1276 4795 imperatore
1300 4730 1325 4776 in
1350 4731 1477 4782 seruitium
1495 4745 1533 4785 re·
