3366 5482
157 306 224 374 256
708 307 831 374 salugia
848 306 972 372 mmonu

158 479 277 533 stantes
306 489 326 529 a
352 468 432 548 polis
462 467 568 546 hujus,
603 478 746 545 quantum
780 468 944 547 quantitati
976 468 1249 548 retrogradationis
1277 466 1403 540 sufficit,
1437 483 1523 546 super

159 559 264 641 quibus
288 557 370 619 orbis
392 556 441 619 bic
464 555 589 616 interior
613 556 641 615 iu
666 556 847 617 contrarium
872 558 1030 618 exterioris
1046 557 1164 637 aequali
1180 564 1317 636 tempore
1331 553 1522 617 restitutur.

157 651 204 711 At
226 648 282 710 hoc
306 655 396 726 pacto
422 644 549 724 planeta
571 663 690 724 semper
720 644 748 705 in
780 646 921 724 ecliptica
951 654 1004 706 aut
1027 665 1144 725 semper
1167 646 1197 706 in
1219 643 1340 725 aequali
1363 642 1524 706 latitudine

158 745 247 799 extra
270 735 441 814 eclipticam
464 743 576 807 manet,
602 742 684 795 motu
708 734 877 795 librationis
902 735 945 795 cis
971 745 1003 794 et
1025 736 1106 795 ultra
1130 734 1234 798 Solem
1258 751 1448 806 excurrens,
1474 740 1524 792 ant

162 826 192 887 si
225 824 315 886 fuerit
344 824 503 903 inaequale
535 831 653 902 tempus
682 822 919 898 restitutionum,
950 824 1002 884 fiet
1029 831 1063 884 nt
1086 823 1157 885 olim
1186 825 1313 904 planeta
1336 820 1524 883 latitudinem

158 913 273 976 habeat
296 911 451 992 aequalem
475 911 740 991 retrogradationi.
787 912 828 973 Et
851 920 886 972 ut
908 913 1022 986 demus,
1046 913 1217 992 neglectam
1240 912 1279 975 ab
1297 910 1429 973 Eudoxo
1453 908 1524 971 lati-

160 1002 294 1064 tudinem
321 1002 529 1080 plauetarnm,
562 1020 620 1062 uon
648 1010 749 1062 tamen
779 1009 829 1061 est
856 1001 1032 1076 verisimile,
1065 1020 1151 1063 nsum
1181 1022 1249 1064 esse
1272 1000 1435 1062 Eudoxum
1464 1007 1524 1060 tatu

159 1091 316 1155 recondita
347 1091 444 1152 forma
466 1090 670 1171 hypotheseos
695 1090 733 1150 ad
757 1090 1048 1169 retrogradationem
1077 1091 1278 1153 efficiendam:
1307 1107 1376 1151 cum
1400 1085 1525 1169 epinycli

159 1188 323 1260 conceptus
342 1198 410 1240 sese
440 1180 537 1258 ipsum
561 1179 648 1259 qnasi
671 1181 778 1241 oderat
795 1180 873 1240 ultro
889 1179 1179 1257 retrogradationem
1199 1177 1417 1252 consideranti,
1443 1174 1523 1238 etin

161 1268 388 1350 disciplinarum
418 1268 633 1330 constitutione
652 1267 875 1346 simplicissima
898 1277 931 1328 et
960 1268 1104 1330 facillima
1127 1288 1261 1349 quaeque
1289 1267 1390 1348 primo
1415 1283 1523 1345 sequa·

160 1377 240 1431 mur,
278 1357 497 1419 necessitatem
530 1357 753 1436 perpendentes
793 1376 849 1416 uon
879 1356 1044 1436 ingenium,
1078 1365 1113 1419 ut
1138 1360 1371 1420 Fracastoreus.
1420 1353 1522 1434 Neque

161 1455 281 1509 tautum
304 1446 468 1507 verisimile
497 1466 555 1507 nou
579 1455 637 1520 est,
663 1447 716 1506 sed
735 1445 825 1523 plane
840 1454 947 1507 contra
965 1465 1081 1508 omnem
1100 1447 1258 1521 rationem,
1282 1444 1413 1508 Eudoxo
1427 1442 1522 1504 visum

161 1555 229 1598 esse
253 1536 332 1597 huuc
355 1534 626 1614 retrogradationis
652 1543 765 1595 motum
791 1533 818 1594 in
843 1535 1032 1595 conceutrico
1056 1535 1118 1596 fieri
1147 1545 1230 1602 motu
1255 1532 1446 1607 librationis,
1480 1530 1522 1592 ita

163 1634 196 1687 ut
219 1626 346 1686 eandem
375 1624 512 1685 a'lerra
536 1624 711 1685 distantiam
740 1623 865 1701 planeta
893 1633 1067 1685 conservet:
1101 1644 1167 1686 cnm
1198 1625 1291 1685 etiam
1315 1620 1401 1702 vulgi
1423 1620 1522 1682 oculos

160 1714 351 1796 perstringat
373 1714 484 1775 Martis
509 1712 680 1794 arrouychii
705 1713 811 1789 iugens
832 1713 1016 1790 magnitudo,
1042 1713 1091 1794 qui
1112 1714 1177 1792 jam
1200 1715 1238 1775 ad
1253 1712 1357 1774 Solem
1378 1708 1522 1773 accedeus

163 1823 183 1864 a
209 1802 319 1864 tertiae
345 1801 560 1882 magnitudinis
584 1803 683 1863 stellis
707 1810 874 1879 superatur,
901 1821 938 1861 ex
962 1820 1019 1881 quo
1043 1803 1206 1864 manifesta
1229 1809 1278 1863 est
1300 1802 1367 1881 ejus
1391 1821 1410 1861 a
1432 1798 1523 1860 Terra

160 1892 369 1955 diversissima
393 1892 531 1971 utrinque
556 1891 714 1953 distantia.
762 1888 861 1959 Quam
885 1890 1075 1951 librationem
1104 1892 1130 1952 si
1154 1891 1247 1952 etiam
1271 1888 1438 1951 statuisset
1461 1887 1521 1948 En·

164 1981 275 2054 doxus,
306 1981 457 2042 fuisseta
485 1979 613 2062 Calippo
644 1980 858 2058 reprehensus,
890 1989 921 2039 et
947 1980 1072 2058 proinde
1098 1981 1214 2041 orbium
1236 1978 1354 2040 Eudoxi
1386 1992 1521 2039 numerus

165 2079 197 2131 et
219 2071 292 2130 ordo
316 2077 461 2143 mutatus,
486 2070 569 2148 cujus
594 2068 774 2130 contrarium
795 2069 924 2129 affirmat
947 2068 1142 2130 Aristoteles.
1190 2067 1266 2130 Cum
1289 2069 1394 2148 itaque
1419 2062 1521 2144 Calip-

165 2177 220 2238 pus
245 2157 418 2235 diligentior
449 2177 507 2217 nou
536 2158 663 2218 haberet
696 2159 774 2236 quod
798 2157 846 2217 hic
870 2158 899 2217 in
922 2155 1049 2218 Eudoxo
1073 2157 1321 2237 reprehenderet,
1355 2174 1415 2217 non
1439 2155 1522 2215 decet

165 2265 229 2316 nos,
253 2246 380 2307 Eudoxo
405 2254 522 2307 tantam
546 2247 745 2324 ignorantiam
769 2246 911 2307 tribuere.
959 2246 1020 2306 Sed
1045 2248 1083 2308 ad
1099 2246 1257 2308 Eudoxum
1270 2245 1443 2308 redeamus.
1480 2240 1522 2302 Ex

166 2335 257 2398 tertio
282 2343 313 2395 et
336 2334 438 2415 quinto
467 2336 554 2410 orbe,
588 2336 731 2407 diximus,
761 2336 887 2396 alterum
919 2335 1071 2396 latitudini
1096 2336 1209 2397 servire
1238 2335 1364 2410 debere,
1400 2334 1522 2394 alterum

166 2423 432 2503 retrogradationi.
480 2422 568 2494 Quod
597 2425 693 2505 primo
722 2425 787 2485 luco
817 2434 962 2485 tenemus.
1014 2424 1132 2485 Deinde
1160 2444 1226 2485 cum
1254 2423 1398 2485 distincte
1426 2427 1523 2483 narret

165 2513 355 2575 Aristoteles
378 2513 530 2593 deprimo
555 2523 585 2575 et
609 2514 740 2575 secundo
765 2512 851 2586 orbe,
885 2512 963 2592 qnod
985 2512 1013 2573 is
1037 2513 1173 2575 omnibns
1201 2513 1333 2594 planetis
1362 2508 1523 2574 communis
1551 2574 1553 2578 .

166 2601 223 2677 sit,
249 2603 285 2663 de
310 2601 400 2663 tertio
426 2622 496 2663 vero
524 2604 572 2665 rel
597 2612 703 2683 quarto
733 2601 752 2664 5
776 2602 967 2681 planetarum
997 2621 1055 2662 non
1079 2603 1226 2675 affirmet,
1257 2603 1440 2664 alterutrum
1463 2615 1522 2661 cnm

167 2690 256 2752 tertio
286 2690 473 2752 luminarium
503 2711 571 2752 esse
598 2693 741 2763 eundem;
775 2691 843 2752 hinc
871 2699 954 2752 recte
985 2691 1121 2752 concludi
1151 2691 1307 2766 existimo,
1338 2691 1399 2753 etsi
1423 2689 1522 2751 borum

166 2781 314 2842 alteruter
344 2780 424 2840 idem
453 2800 518 2841 cum
551 2782 642 2842 tertio
667 2781 853 2841 luminarium
881 2780 974 2840 habet
1007 2779 1137 2841 officinm
1176 2780 1305 2842 vehendi
1331 2779 1476 2860 planetas
1497 2776 1522 2837 in

165 2869 364 2941 latitudinem,
390 2869 538 2948 positione
563 2882 664 2931 tamen
687 2870 847 2949 plurimum
871 2869 1001 2930 differre.
1048 2870 1151 2931 Tertio
1166 2869 1419 2930 considerandum
1444 2864 1522 2928 nouis

165 2967 224 3030 est,
248 2958 318 3039 quid
343 2978 381 3019 ex
405 2977 439 3019 eo
464 2969 617 3037 sequatur,
643 2959 721 3038 qnod
744 2959 854 3020 tertiae
879 2958 1026 3039 sphaerae
1050 2958 1111 3037 poli
1135 2958 1164 3019 in
1190 2957 1215 3031 Q
1240 2966 1272 3019 et
1295 2961 1316 3036 t}
1340 2958 1403 3020 siut
1427 2956 1520 3020 iidem.

166 3046 242 3110 Cum
270 3047 363 3126 igitur
391 3047 474 3108 hisce
503 3048 618 3109 duobus
643 3066 796 3108 commuue.
825 3047 898 3108 nihil
928 3046 968 3107 sit
993 3047 1037 3118 (in
1066 3048 1182 3108 usitata
1206 3048 1326 3127 quidem
1356 3046 1395 3109 de
1420 3043 1522 3108 mundo

123 3162 127 3167 ·
165 3137 392 3216 conceptione),
424 3147 546 3216 praeter
570 3138 677 3198 lineam
702 3136 791 3197 medii
816 3145 929 3211 motus,
963 3156 1039 3216 quae
1062 3156 1117 3215 per
1141 3145 1277 3198 centrum
1306 3135 1438 3218 epicyeli
1462 3141 1520 3195 tra·

161 3226 282 3306 jicitur:
317 3226 447 3287 latitudo
477 3227 554 3287 euim
579 3227 699 3287 diversa
723 3234 786 3299 est,
819 3225 1088 3304 retrogradationis
1118 3233 1150 3286 et
1172 3234 1292 3305 tempus
1316 3232 1350 3287 et
1373 3223 1520 3306 quantitas

165 3315 270 3376 itidem
294 3314 429 3375 diversa:
455 3315 591 3396 sequitur
613 3315 715 3395 igitur,
739 3314 821 3375 tertii
845 3315 926 3375 orbis
950 3317 1036 3394 polos
1059 3315 1189 3394 pendere
1209 3336 1228 3376 a
1252 3314 1331 3376 linea
1355 3312 1448 3376 medii
1462 3329 1520 3373 mo·

165 3413 225 3465 tus.
272 3403 314 3464 Et
338 3403 480 3483 amplius,
515 3424 581 3466 curn
613 3413 725 3466 certum
754 3405 795 3464 sit
828 3405 1004 3465 latitudines
1035 3403 1059 3477 Q
1094 3407 1170 3480 etl}
1203 3405 1232 3465 in
1257 3404 1388 3465 diversis
1412 3396 1519 3464 zodiaci

168 3492 241 3554 locis
263 3492 381 3571 perlici,
411 3512 465 3554 uec
490 3513 608 3573 semper
632 3493 799 3574 aequaliter
823 3494 861 3553 ab
886 3492 1012 3555 invicem
1042 3493 1191 3554 removeri
1215 3493 1291 3554 haec
1315 3494 1399 3555 loca:
1430 3498 1518 3553 retro·

166 3581 355 3662 gradationis
379 3600 451 3643 vero
474 3583 506 3643 in*
529 3593 653 3662 utroque
677 3584 801 3662 planeta
826 3583 893 3642 loca
916 3582 1015 3643 media
1040 3601 1159 3662 semper
1182 3601 1250 3643 esse
1270 3583 1448 3662 conjuncta:
1476 3597 1518 3639 se-

167 3671 267 3751 quitur
290 3671 390 3750 igitur,
416 3673 538 3733 tertium
562 3673 662 3733 orbem
687 3670 938 3751 retrogradationi
959 3670 1081 3743 servire,
1106 3679 1244 3752 quartum
1260 3671 1426 3745 latitudini,
1451 3663 1518 3750 quod

168 3761 286 3840 quidem
318 3769 348 3821 et
377 3761 469 3821 verba
495 3761 672 3822 Aristotelis
702 3781 759 3821 non
789 3761 914 3821 obscure
944 3762 1079 3823 innuunt.
1127 3760 1193 3821 Hoc
1221 3760 1266 3822 ita
1294 3769 1400 3822 tamen
1428 3770 1517 3819 verum

167 3858 226 3925 est,
251 3858 284 3911 ut
308 3859 338 3911 et
363 3868 453 3928 supra
477 3852 506 3912 iu
522 3850 609 3912 Luna
633 3851 703 3912 fuit.
697 3872 704 3884 ·
677 3858 835 3928 tnempe
861 3859 920 3911 tert
908 3849 968 3911 tius
984 3851 1077 3910 nodos
1092 3850 1212 3923 vehere,
1238 3858 1364 3929 quartus
1384 3856 1417 3910 et
1429 3855 1518 3909 retro·

166 3939 286 4017 gradat
279 3958 375 4000 runem
401 3947 432 4000 et
456 3940 645 4001 latitudinem
669 3938 730 4000 unni
754 3939 898 3999 beneficio
922 3939 1004 4000 tertii
1032 3939 1150 4000 efficere
1169 3947 1283 4018 potest
1330 3936 1450 4042 Quarto
1474 3935 1517 3995 de·

168 4028 255 4108 nique
281 4029 518 4104 consideremus,
550 4029 629 4108 quod
653 4029 783 4088 affirmat
808 4027 1007 4097 Aristoteles,
1039 4028 1126 4107 polos
1156 4028 1238 4088 tertii
1267 4047 1336 4089 esse
1366 4027 1396 4089 iu
1421 4020 1518 4087 circulo

167 4134 221 4219 per
243 4117 372 4180 medinm
398 4118 560 4197 signorum.
607 4118 642 4178 ld
665 4117 861 4178 multifariam
885 4118 948 4177 fieri
971 4124 1086 4195 potest.
1134 4116 1199 4177 Aut
1213 4117 1293 4178 enim
1316 4115 1452 4220 oppositi
1468 4106 1518 4194 poli

169 4207 198 4266 in
228 4207 376 4286 oppositis
404 4208 519 4268 zodiaci
549 4207 623 4268 locis
652 4217 823 4279 cernentur,
859 4225 924 4266 cnm
953 4226 995 4267 so.
1020 4205 1151 4267 Terra
1143 4206 1285 4285 inhujus
1315 4205 1400 4268 tertii
1429 4209 1519 4266 centn

168 4301 235 4356 est:
261 4304 316 4357 aut
338 4304 462 4375 uterque
486 4295 654 4376 polorum
648 4316 676 4356 ιιι
702 4296 805 4356 eodem
830 4295 945 4355 zodiaci
971 4296 1046 4367 loco,
1070 4315 1136 4357 cum
1160 4314 1202 4355 sc.
1219 4296 1313 4358 Terra
1327 4302 1418 4357 extra
1432 4288 1521 4355 orbant

168 4385 245 4446 bunc
270 4384 472 4461 constituitur,
496 4387 541 4447 ita
564 4393 597 4446 ut
620 4386 701 4446 orbis
725 4385 772 4445 hic
797 4385 947 4466 epicyclus
973 4385 1023 4459 sit,
1049 4392 1080 4446 et
1103 4386 1184 4446 linea
1207 4404 1245 4445 ex
1268 4384 1367 4446 Terra
1389 4400 1444 4464 per
1465 4375 1518 4461 epi·

168 4475 244 4557 cycli
279 4482 414 4536 centrum
442 4435 594 4536 cdincidat
581 4482 689 4536 tcum
726 4475 790 4552 ejus
822 4494 889 4536 axe
936 4476 1001 4535 Aut
1029 4474 1156 4554 deniqne
1190 4475 1256 4536 axis
1284 4473 1376 4554 buJ'us
1405 4460 1520 4567 epicycl

167 4567 331 4628 secuudum
360 4564 517 4644 eclipticae
548 4564 761 4643 longitudinem
787 4563 878 4638 situs,
911 4573 1068 4643 utrumque
1097 4564 1235 4642 polum
1226 4583 1257 4624 ru
1280 4563 1390 4626 vicinis
1416 4550 1520 4624 zodiaci

167 4654 241 4717 locis
273 4654 447 4717 constituet
496 4654 626 4716 Primum
651 4655 852 4714 Fracastoreu
880 4655 999 4731 placet,
1032 4654 1084 4713 sed
1110 4654 1148 4713 ob
1173 4672 1282 4714 causas
1312 4671 1406 4733 snpra
1433 4650 1521 4713 uicus

168 4760 235 4805 esse
260 4764 317 4805 non
341 4756 455 4823 potest.
502 4745 581 4804 Nam
615 4744 761 4821 eiusmodi
790 4742 871 4803 orbis
900 4762 957 4805 uon
987 4751 1036 4804 est
1063 4741 1107 4803 ita
1131 4749 1340 4823 comparatus,
1369 4750 1404 4805 nt
1432 4745 1522 4804 retro

168 4831 377 4911 gradationem
401 4833 521 4895 elllcere
548 4831 658 4915 possit.
682 4829 890 4908 ·Secnudum,
922 4831 948 4894 si
971 4831 1065 4894 verba
1091 4832 1229 4911 praecise
1256 4848 1436 4913 urgeamus,
1464 4834 1523 4890 esst
