<?xml version="1.0" encoding="UTF-8"?>
<!DOCTYPE html PUBLIC "-//W3C//DTD XHTML 1.0 Transitional//EN"
    "http://www.w3.org/TR/xhtml1/DTD/xhtml1-transitional.dtd">
<html xmlns="http://www.w3.org/1999/xhtml" xml:lang="en" lang="en">
 <head>
  <title>
</title>
<meta http-equiv="Content-Type" content="text/html;charset=utf-8" />
  <meta name='ocr-system' content='tesseract 3.04.00' />
  <meta name='ocr-capabilities' content='ocr_page ocr_carea ocr_par ocr_line ocrx_word'/>
</head>
<body>
  <div class='ocr_page' id='page_1' title='image "./joanniskepleria04frisgoog_0016.png"; bbox 0 0 3366 5482; ppageno 0'>
   <div class='ocr_carea' id='block_1_1' title="bbox 426 741 1238 1019">
    <p class='ocr_par' dir='ltr' id='par_1_1' title="bbox 426 741 1238 1019">
     <span class='ocr_line' id='line_1_1' title="bbox 426 741 1238 845; baseline 0 -3"><span class='ocrx_word' id='word_1_1' title='bbox 426 741 768 845; x_wconf 70' lang='lat' dir='ltr'><strong>LEG&#39;I&#39;ORI</strong></span> <span class='ocrx_word' id='word_1_2' title='bbox 818 742 1238 844; x_wconf 77' lang='lat' dir='ltr'>BENEVOLO</span> 
     </span>
     <span class='ocr_line' id='line_1_2' title="bbox 718 942 953 1019; baseline 0.013 -4"><span class='ocrx_word' id='word_1_3' title='bbox 718 942 754 1015; x_wconf 84' lang='lat' dir='ltr'>S.</span> <span class='ocrx_word' id='word_1_4' title='bbox 810 943 852 1015; x_wconf 93' lang='grc' dir='ltr'>Ρ.</span> <span class='ocrx_word' id='word_1_5' title='bbox 907 943 953 1019; x_wconf 89' lang='lat' dir='ltr'>D.</span> 
     </span>
    </p>
   </div>
   <div class='ocr_carea' id='block_1_2' title="bbox 154 1236 1514 1587">
    <p class='ocr_par' dir='ltr' id='par_1_2' title="bbox 154 1236 1514 1587">
     <span class='ocr_line' id='line_1_3' title="bbox 242 1236 1512 1375; baseline -0.002 -23"><span class='ocrx_word' id='word_1_6' title='bbox 242 1236 390 1355; x_wconf 69' lang='lat' dir='ltr'>collecta</span> <span class='ocrx_word' id='word_1_7' title='bbox 408 1290 530 1372; x_wconf 88' lang='lat' dir='ltr'>Kepleri</span> <span class='ocrx_word' id='word_1_8' title='bbox 546 1311 639 1375; x_wconf 85' lang='lat' dir='ltr'>opera</span> <span class='ocrx_word' id='word_1_9' title='bbox 652 1312 708 1356; x_wconf 90' lang='lat' dir='ltr'>uos</span> <span class='ocrx_word' id='word_1_10' title='bbox 724 1293 856 1357; x_wconf 89' lang='lat' dir='ltr'>edituros</span> <span class='ocrx_word' id='word_1_11' title='bbox 871 1313 938 1357; x_wconf 90' lang='lat' dir='ltr'>esse</span> <span class='ocrx_word' id='word_1_12' title='bbox 954 1294 1165 1374; x_wconf 78' lang='lat' dir='ltr'>promittentes</span> <span class='ocrx_word' id='word_1_13' title='bbox 1185 1293 1260 1354; x_wconf 88' lang='lat' dir='ltr'>haec</span> <span class='ocrx_word' id='word_1_14' title='bbox 1283 1288 1512 1372; x_wconf 86' lang='lat' dir='ltr'>praemisimus:</span> 
     </span>
     <span class='ocr_line' id='line_1_4' title="bbox 178 1397 1514 1481; baseline -0.004 -20"><span class='ocrx_word' id='word_1_15' title='bbox 178 1422 182 1427; x_wconf 91' lang='lat'>·</span> <span class='ocrx_word' id='word_1_16' title='bbox 241 1397 362 1461; x_wconf 80' lang='lat' dir='ltr'>Gentes</span> <span class='ocrx_word' id='word_1_17' title='bbox 383 1397 572 1461; x_wconf 76' lang='lat' dir='ltr'>humanitate</span> <span class='ocrx_word' id='word_1_18' title='bbox 597 1400 735 1462; x_wconf 78' lang='lat' dir='ltr'>excultae</span> <span class='ocrx_word' id='word_1_19' title='bbox 758 1400 838 1463; x_wconf 91' lang='lat' dir='ltr'>viros</span> <span class='ocrx_word' id='word_1_20' title='bbox 862 1402 1002 1481; x_wconf 89' lang='lat' dir='ltr'>egregios</span> <span class='ocrx_word' id='word_1_21' title='bbox 1025 1419 1083 1461; x_wconf 92' lang='lat' dir='ltr'>non</span> <span class='ocrx_word' id='word_1_22' title='bbox 1107 1397 1309 1475; x_wconf 83' lang='lat' dir='ltr'>monumentis</span> <span class='ocrx_word' id='word_1_23' title='bbox 1333 1404 1452 1457; x_wconf 88' lang='lat' dir='ltr'>tautum</span> <span class='ocrx_word' id='word_1_24' title='bbox 1475 1413 1514 1456; x_wconf 89' lang='lat' dir='ltr'>ex</span> 
     </span>
     <span class='ocr_line' id='line_1_5' title="bbox 154 1503 1510 1587; baseline -0.003 -20"><span class='ocrx_word' id='word_1_25' title='bbox 154 1524 221 1569; x_wconf 88' lang='lat' dir='ltr'>aera</span> <span class='ocrx_word' id='word_1_26' title='bbox 245 1513 300 1567; x_wconf 91' lang='lat' dir='ltr'>aut</span> <span class='ocrx_word' id='word_1_27' title='bbox 322 1503 422 1584; x_wconf 93' lang='lat' dir='ltr'>lapide</span> <span class='ocrx_word' id='word_1_28' title='bbox 445 1504 601 1585; x_wconf 81' lang='lat' dir='ltr'>exigendis</span> <span class='ocrx_word' id='word_1_29' title='bbox 625 1506 815 1568; x_wconf 87' lang='lat' dir='ltr'>honorandos</span> <span class='ocrx_word' id='word_1_30' title='bbox 834 1515 958 1587; x_wconf 83' lang='lat' dir='ltr'>putant3</span> <span class='ocrx_word' id='word_1_31' title='bbox 990 1507 1044 1568; x_wconf 89' lang='lat' dir='ltr'>sed</span> <span class='ocrx_word' id='word_1_32' title='bbox 1078 1506 1115 1567; x_wconf 86' lang='lat' dir='ltr'>ab</span> <span class='ocrx_word' id='word_1_33' title='bbox 1139 1505 1243 1567; x_wconf 84' lang='lat' dir='ltr'>inferis</span> <span class='ocrx_word' id='word_1_34' title='bbox 1267 1509 1413 1565; x_wconf 88' lang='lat' dir='ltr'>revocant</span> <span class='ocrx_word' id='word_1_35' title='bbox 1436 1520 1510 1582; x_wconf 91' lang='lat' dir='ltr'>pro-</span> 
     </span>
    </p>
   </div>
   <div class='ocr_carea' id='block_1_3' title="bbox 151 1609 1608 1693">
    <p class='ocr_par' dir='ltr' id='par_1_3' title="bbox 151 1609 1608 1693">
     <span class='ocr_line' id='line_1_6' title="bbox 151 1609 1608 1693; baseline -0.002 -20"><span class='ocrx_word' id='word_1_36' title='bbox 151 1612 298 1692; x_wconf 78' lang='lat' dir='ltr'>ponendis</span> <span class='ocrx_word' id='word_1_37' title='bbox 322 1611 374 1683; x_wconf 89' lang='lat' dir='ltr'>iis,</span> <span class='ocrx_word' id='word_1_38' title='bbox 406 1630 481 1692; x_wconf 89' lang='lat' dir='ltr'>quae</span> <span class='ocrx_word' id='word_1_39' title='bbox 505 1619 665 1691; x_wconf 86' lang='lat' dir='ltr'>gessemnt</span> <span class='ocrx_word' id='word_1_40' title='bbox 687 1620 719 1673; x_wconf 93' lang='lat' dir='ltr'>et</span> <span class='ocrx_word' id='word_1_41' title='bbox 743 1613 932 1693; x_wconf 81' lang='lat' dir='ltr'>evigilarunt,</span> <span class='ocrx_word' id='word_1_42' title='bbox 961 1614 1150 1692; x_wconf 88' lang='lat' dir='ltr'>virorumque</span> <span class='ocrx_word' id='word_1_43' title='bbox 1175 1611 1211 1672; x_wconf 92' lang='lat' dir='ltr'>de</span> <span class='ocrx_word' id='word_1_44' title='bbox 1235 1609 1369 1671; x_wconf 89' lang='lat' dir='ltr'>colendis</span> <span class='ocrx_word' id='word_1_45' title='bbox 1394 1627 1509 1688; x_wconf 86' lang='lat' dir='ltr'>augeo·</span> <span class='ocrx_word' id='word_1_46' title='bbox 1602 1674 1608 1683; x_wconf 67' lang='grc'><strong><em>,</em></strong></span> 
     </span>
    </p>
   </div>
   <div class='ocr_carea' id='block_1_4' title="bbox 153 1714 1512 2012">
    <p class='ocr_par' dir='ltr' id='par_1_4' title="bbox 153 1714 1512 2012">
     <span class='ocr_line' id='line_1_7' title="bbox 153 1714 1509 1799; baseline -0.002 -21"><span class='ocrx_word' id='word_1_47' title='bbox 153 1716 256 1799; x_wconf 87' lang='lat' dir='ltr'>disque</span> <span class='ocrx_word' id='word_1_48' title='bbox 276 1717 374 1779; x_wconf 89' lang='lat' dir='ltr'>literis</span> <span class='ocrx_word' id='word_1_49' title='bbox 397 1718 473 1779; x_wconf 88' lang='lat' dir='ltr'>beue</span> <span class='ocrx_word' id='word_1_50' title='bbox 496 1718 669 1781; x_wconf 90' lang='lat' dir='ltr'>meritorum</span> <span class='ocrx_word' id='word_1_51' title='bbox 693 1720 865 1782; x_wconf 84' lang='lat' dir='ltr'>memoriam</span> <span class='ocrx_word' id='word_1_52' title='bbox 893 1720 1031 1782; x_wconf 90' lang='lat' dir='ltr'>recolunt</span> <span class='ocrx_word' id='word_1_53' title='bbox 1064 1718 1147 1781; x_wconf 89' lang='lat' dir='ltr'>libris</span> <span class='ocrx_word' id='word_1_54' title='bbox 1181 1735 1281 1777; x_wconf 92' lang='lat' dir='ltr'>eorum</span> <span class='ocrx_word' id='word_1_55' title='bbox 1305 1714 1509 1795; x_wconf 86' lang='lat' dir='ltr'>divulgaudis.</span> 
     </span>
     <span class='ocr_line' id='line_1_8' title="bbox 153 1821 1512 1907; baseline -0.002 -22"><span class='ocrx_word' id='word_1_56' title='bbox 153 1824 241 1904; x_wconf 83' lang='lat' dir='ltr'>Apud</span> <span class='ocrx_word' id='word_1_57' title='bbox 265 1821 374 1886; x_wconf 87' lang='lat' dir='ltr'>Gallos</span> <span class='ocrx_word' id='word_1_58' title='bbox 398 1825 517 1904; x_wconf 88' lang='lat' dir='ltr'>quidem</span> <span class='ocrx_word' id='word_1_59' title='bbox 542 1833 574 1887; x_wconf 90' lang='lat' dir='ltr'>et</span> <span class='ocrx_word' id='word_1_60' title='bbox 596 1826 714 1906; x_wconf 85' lang='lat' dir='ltr'>Anglos</span> <span class='ocrx_word' id='word_1_61' title='bbox 731 1829 884 1907; x_wconf 83' lang='lat' dir='ltr'>Italusque</span> <span class='ocrx_word' id='word_1_62' title='bbox 905 1828 950 1888; x_wconf 85' lang='lat' dir='ltr'>La</span> <span class='ocrx_word' id='word_1_63' title='bbox 964 1826 1070 1900; x_wconf 84' lang='lat' dir='ltr'>Plaoii,</span> <span class='ocrx_word' id='word_1_64' title='bbox 1095 1823 1237 1899; x_wconf 89' lang='lat' dir='ltr'>Neutoni,</span> <span class='ocrx_word' id='word_1_65' title='bbox 1263 1821 1395 1885; x_wconf 87' lang='lat' dir='ltr'>Galilaei</span> <span class='ocrx_word' id='word_1_66' title='bbox 1419 1840 1512 1902; x_wconf 88' lang='lat' dir='ltr'>opera</span> 
     </span>
     <span class='ocr_line' id='line_1_9' title="bbox 153 1929 1511 2012; baseline -0.002 -20"><span class='ocrx_word' id='word_1_67' title='bbox 153 1931 307 2011; x_wconf 85' lang='lat' dir='ltr'>magnifico</span> <span class='ocrx_word' id='word_1_68' title='bbox 330 1940 488 2012; x_wconf 84' lang='lat' dir='ltr'>apparatu,</span> <span class='ocrx_word' id='word_1_69' title='bbox 513 1932 726 2012; x_wconf 89' lang='lat' dir='ltr'>adjuvantibus</span> <span class='ocrx_word' id='word_1_70' title='bbox 749 1932 932 2012; x_wconf 88' lang='lat' dir='ltr'>principibus</span> <span class='ocrx_word' id='word_1_71' title='bbox 957 1941 989 1995; x_wconf 89' lang='lat' dir='ltr'>et</span> <span class='ocrx_word' id='word_1_72' title='bbox 1012 1931 1184 2006; x_wconf 85' lang='lat' dir='ltr'>academiis,</span> <span class='ocrx_word' id='word_1_73' title='bbox 1216 1931 1321 1991; x_wconf 90' lang='lat' dir='ltr'>iterum</span> <span class='ocrx_word' id='word_1_74' title='bbox 1345 1929 1511 2009; x_wconf 87' lang='lat' dir='ltr'>iterumque</span> 
     </span>
    </p>
   </div>
   <div class='ocr_carea' id='block_1_5' title="bbox 152 2036 1623 2120">
    <p class='ocr_par' dir='ltr' id='par_1_5' title="bbox 152 2036 1623 2120">
     <span class='ocr_line' id='line_1_10' title="bbox 152 2036 1623 2120; baseline -0.002 -22"><span class='ocrx_word' id='word_1_75' title='bbox 152 2037 230 2118; x_wconf 85' lang='lat' dir='ltr'>typis</span> <span class='ocrx_word' id='word_1_76' title='bbox 254 2056 400 2118; x_wconf 85' lang='lat' dir='ltr'>expressa</span> <span class='ocrx_word' id='word_1_77' title='bbox 422 2046 502 2101; x_wconf 86' lang='lat' dir='ltr'>suut.</span> <span class='ocrx_word' id='word_1_78' title='bbox 551 2039 652 2120; x_wconf 84' lang='lat' dir='ltr'>Atque</span> <span class='ocrx_word' id='word_1_79' title='bbox 681 2037 844 2114; x_wconf 87' lang='lat' dir='ltr'>Germani,</span> <span class='ocrx_word' id='word_1_80' title='bbox 878 2048 988 2120; x_wconf 89' lang='lat' dir='ltr'>quanto</span> <span class='ocrx_word' id='word_1_81' title='bbox 1022 2040 1122 2101; x_wconf 84' lang='lat' dir='ltr'>studio</span> <span class='ocrx_word' id='word_1_82' title='bbox 1156 2045 1277 2099; x_wconf 90' lang='lat' dir='ltr'>nostros</span> <span class='ocrx_word' id='word_1_83' title='bbox 1310 2036 1510 2099; x_wconf 80' lang='lat' dir='ltr'>recentiorum</span> <span class='ocrx_word' id='word_1_84' title='bbox 1618 2048 1623 2053; x_wconf 86' lang='grc'><strong><em>’</em></strong></span> 
     </span>
    </p>
   </div>
   <div class='ocr_carea' id='block_1_6' title="bbox 151 2130 1609 4786">
    <p class='ocr_par' dir='ltr' id='par_1_6' title="bbox 151 2130 1589 2333">
     <span class='ocr_line' id='line_1_11' title="bbox 151 2130 1511 2225; baseline -0.001 -21"><span class='ocrx_word' id='word_1_85' title='bbox 151 2142 304 2206; x_wconf 85' lang='lat' dir='ltr'>literarum</span> <span class='ocrx_word' id='word_1_86' title='bbox 327 2144 509 2219; x_wconf 89' lang='lat' dir='ltr'>conditores,</span> <span class='ocrx_word' id='word_1_87' title='bbox 535 2153 647 2225; x_wconf 90' lang='lat' dir='ltr'>quanto</span> <span class='ocrx_word' id='word_1_88' title='bbox 670 2130 787 2209; x_wconf 37' lang='lat' dir='ltr'>honore*</span> <span class='ocrx_word' id='word_1_89' title='bbox 806 2146 887 2208; x_wconf 88' lang='lat' dir='ltr'>viros</span> <span class='ocrx_word' id='word_1_90' title='bbox 911 2148 947 2208; x_wconf 89' lang='lat' dir='ltr'>de</span> <span class='ocrx_word' id='word_1_91' title='bbox 972 2147 1140 2208; x_wconf 83' lang='lat' dir='ltr'>excolenda</span> <span class='ocrx_word' id='word_1_92' title='bbox 1170 2152 1260 2224; x_wconf 90' lang='lat' dir='ltr'>gente</span> <span class='ocrx_word' id='word_1_93' title='bbox 1289 2142 1413 2205; x_wconf 88' lang='lat' dir='ltr'>meritos</span> <span class='ocrx_word' id='word_1_94' title='bbox 1436 2158 1511 2221; x_wconf 91' lang='lat' dir='ltr'>pro·</span> 
     </span>
     <span class='ocr_line' id='line_1_12' title="bbox 154 2240 1589 2333; baseline -0.003 -22"><span class='ocrx_word' id='word_1_95' title='bbox 154 2257 324 2331; x_wconf 87' lang='lat' dir='ltr'>sequantur,</span> <span class='ocrx_word' id='word_1_96' title='bbox 349 2250 485 2314; x_wconf 88' lang='lat' dir='ltr'>collectis</span> <span class='ocrx_word' id='word_1_97' title='bbox 502 2248 635 2328; x_wconf 86' lang='lat' dir='ltr'>Goethii,</span> <span class='ocrx_word' id='word_1_98' title='bbox 653 2249 804 2328; x_wconf 88' lang='lat' dir='ltr'>Schilleri,</span> <span class='ocrx_word' id='word_1_99' title='bbox 820 2252 973 2333; x_wconf 88' lang='lat' dir='ltr'>Lessiugii</span> <span class='ocrx_word' id='word_1_100' title='bbox 993 2252 1177 2333; x_wconf 90' lang='lat' dir='ltr'>aliorumque</span> <span class='ocrx_word' id='word_1_101' title='bbox 1192 2250 1332 2330; x_wconf 90' lang='lat' dir='ltr'>operibus</span> <span class='ocrx_word' id='word_1_102' title='bbox 1347 2253 1510 2310; x_wconf 87' lang='lat' dir='ltr'>testantur.</span> <span class='ocrx_word' id='word_1_103' title='bbox 1582 2240 1589 2262; x_wconf 68' lang='lat'>⁸</span> 
     </span>
    </p>

    <p class='ocr_par' dir='ltr' id='par_1_7' title="bbox 156 2352 1511 2865">
     <span class='ocr_line' id='line_1_13' title="bbox 239 2352 1511 2436; baseline -0.003 -18"><span class='ocrx_word' id='word_1_104' title='bbox 239 2356 296 2418; x_wconf 94' lang='lat' dir='ltr'>Ille</span> <span class='ocrx_word' id='word_1_105' title='bbox 320 2374 393 2418; x_wconf 89' lang='lat' dir='ltr'>vero</span> <span class='ocrx_word' id='word_1_106' title='bbox 411 2359 587 2421; x_wconf 83' lang='lat' dir='ltr'>recentioris</span> <span class='ocrx_word' id='word_1_107' title='bbox 611 2357 812 2420; x_wconf 82' lang='lat' dir='ltr'>astronomiae</span> <span class='ocrx_word' id='word_1_108' title='bbox 836 2367 942 2422; x_wconf 88' lang='lat' dir='ltr'>auctor</span> <span class='ocrx_word' id='word_1_109' title='bbox 966 2368 997 2421; x_wconf 89' lang='lat' dir='ltr'>et</span> <span class='ocrx_word' id='word_1_110' title='bbox 1020 2359 1165 2427; x_wconf 90' lang='lat' dir='ltr'>conditur,</span> <span class='ocrx_word' id='word_1_111' title='bbox 1186 2357 1271 2436; x_wconf 89' lang='lat' dir='ltr'>cujus</span> <span class='ocrx_word' id='word_1_112' title='bbox 1289 2373 1396 2417; x_wconf 90' lang='lat' dir='ltr'>nomen</span> <span class='ocrx_word' id='word_1_113' title='bbox 1416 2352 1445 2415; x_wconf 93' lang='lat' dir='ltr'>in</span> <span class='ocrx_word' id='word_1_114' title='bbox 1459 2369 1511 2414; x_wconf 88' lang='lat' dir='ltr'>ure</span> 
     </span>
     <span class='ocr_line' id='line_1_14' title="bbox 159 2458 1510 2546; baseline -0.004 -21"><span class='ocrx_word' id='word_1_115' title='bbox 159 2469 204 2525; x_wconf 86' lang='lat' dir='ltr'>est</span> <span class='ocrx_word' id='word_1_116' title='bbox 226 2460 373 2538; x_wconf 91' lang='lat' dir='ltr'>omnium,</span> <span class='ocrx_word' id='word_1_117' title='bbox 406 2463 571 2546; x_wconf 90' lang='lat' dir='ltr'>quicunque</span> <span class='ocrx_word' id='word_1_118' title='bbox 595 2484 752 2546; x_wconf 81' lang='lat' dir='ltr'>corporum</span> <span class='ocrx_word' id='word_1_119' title='bbox 775 2465 950 2536; x_wconf 82' lang='lat' dir='ltr'>coelestium</span> <span class='ocrx_word' id='word_1_120' title='bbox 972 2474 1088 2540; x_wconf 88' lang='lat' dir='ltr'>motus,</span> <span class='ocrx_word' id='word_1_121' title='bbox 1121 2474 1160 2535; x_wconf 90' lang='lat' dir='ltr'>et,</span> <span class='ocrx_word' id='word_1_122' title='bbox 1190 2484 1265 2545; x_wconf 89' lang='lat' dir='ltr'>quas</span> <span class='ocrx_word' id='word_1_123' title='bbox 1295 2462 1343 2524; x_wconf 91' lang='lat' dir='ltr'>hic</span> <span class='ocrx_word' id='word_1_124' title='bbox 1367 2458 1510 2541; x_wconf 87' lang='lat' dir='ltr'>sequitur,</span> 
     </span>
     <span class='ocr_line' id='line_1_15' title="bbox 156 2564 1510 2652; baseline -0.003 -22"><span class='ocrx_word' id='word_1_125' title='bbox 156 2568 252 2649; x_wconf 88' lang='lat' dir='ltr'>legum</span> <span class='ocrx_word' id='word_1_126' title='bbox 276 2569 468 2651; x_wconf 86' lang='lat' dir='ltr'>aliquatenus</span> <span class='ocrx_word' id='word_1_127' title='bbox 492 2572 577 2651; x_wconf 84' lang='lat' dir='ltr'>gnari</span> <span class='ocrx_word' id='word_1_128' title='bbox 602 2578 680 2648; x_wconf 89' lang='lat' dir='ltr'>sunt,</span> <span class='ocrx_word' id='word_1_129' title='bbox 705 2571 770 2652; x_wconf 91' lang='lat' dir='ltr'>pari</span> <span class='ocrx_word' id='word_1_130' title='bbox 790 2572 890 2635; x_wconf 88' lang='lat' dir='ltr'>studio</span> <span class='ocrx_word' id='word_1_131' title='bbox 910 2572 1070 2635; x_wconf 89' lang='lat' dir='ltr'>ethonore</span> <span class='ocrx_word' id='word_1_132' title='bbox 1090 2571 1229 2651; x_wconf 86' lang='lat' dir='ltr'>indiguus</span> <span class='ocrx_word' id='word_1_133' title='bbox 1248 2566 1416 2631; x_wconf 86' lang='lat' dir='ltr'>habeatur?</span> <span class='ocrx_word' id='word_1_134' title='bbox 1439 2564 1510 2628; x_wconf 90' lang='lat' dir='ltr'>Mo-</span> 
     </span>
     <span class='ocr_line' id='line_1_16' title="bbox 157 2668 1508 2756; baseline -0.001 -21"><span class='ocrx_word' id='word_1_135' title='bbox 157 2684 295 2739; x_wconf 90' lang='lat' dir='ltr'>numento</span> <span class='ocrx_word' id='word_1_136' title='bbox 318 2676 436 2739; x_wconf 89' lang='lat' dir='ltr'>scilicet</span> <span class='ocrx_word' id='word_1_137' title='bbox 459 2677 647 2740; x_wconf 86' lang='lat' dir='ltr'>Ratisbonae</span> <span class='ocrx_word' id='word_1_138' title='bbox 671 2679 753 2741; x_wconf 87' lang='lat' dir='ltr'>lacto</span> <span class='ocrx_word' id='word_1_139' title='bbox 777 2680 854 2741; x_wconf 87' lang='lat' dir='ltr'>satis</span> <span class='ocrx_word' id='word_1_140' title='bbox 886 2679 1053 2741; x_wconf 89' lang='lat' dir='ltr'>consultum</span> <span class='ocrx_word' id='word_1_141' title='bbox 1081 2677 1186 2740; x_wconf 90' lang='lat' dir='ltr'>honori</span> <span class='ocrx_word' id='word_1_142' title='bbox 1209 2672 1401 2756; x_wconf 90' lang='lat' dir='ltr'>Kepleri‚</span> <span class='ocrx_word' id='word_1_143' title='bbox 1427 2668 1508 2734; x_wconf 85' lang='lat' dir='ltr'>Ger-</span> 
     </span>
     <span class='ocr_line' id='line_1_17' title="bbox 159 2781 1322 2865; baseline -0.002 -21"><span class='ocrx_word' id='word_1_144' title='bbox 159 2783 290 2845; x_wconf 88' lang='lat' dir='ltr'>manicae</span> <span class='ocrx_word' id='word_1_145' title='bbox 313 2782 414 2863; x_wconf 90' lang='lat' dir='ltr'>gentis</span> <span class='ocrx_word' id='word_1_146' title='bbox 437 2783 589 2864; x_wconf 86' lang='lat' dir='ltr'>dignitati,</span> <span class='ocrx_word' id='word_1_147' title='bbox 614 2784 763 2848; x_wconf 89' lang='lat' dir='ltr'>desiderio</span> <span class='ocrx_word' id='word_1_148' title='bbox 788 2805 899 2861; x_wconf 90' lang='lat' dir='ltr'>eorum,</span> <span class='ocrx_word' id='word_1_149' title='bbox 925 2784 973 2865; x_wconf 91' lang='lat' dir='ltr'>qui</span> <span class='ocrx_word' id='word_1_150' title='bbox 998 2785 1103 2847; x_wconf 87' lang='lat' dir='ltr'>literas</span> <span class='ocrx_word' id='word_1_151' title='bbox 1125 2785 1232 2846; x_wconf 85' lang='lat' dir='ltr'>volout</span> <span class='ocrx_word' id='word_1_152' title='bbox 1255 2781 1322 2845; x_wconf 90' lang='lat' dir='ltr'>coli.</span> 
     </span>
    </p>

    <p class='ocr_par' dir='ltr' id='par_1_8' title="bbox 160 2887 1515 3931">
     <span class='ocr_line' id='line_1_18' title="bbox 240 2887 1509 2973; baseline -0.005 -23"><span class='ocrx_word' id='word_1_153' title='bbox 240 2889 286 2951; x_wconf 88' lang='lat' dir='ltr'>At</span> <span class='ocrx_word' id='word_1_154' title='bbox 308 2889 434 2969; x_wconf 85' lang='lat' dir='ltr'>Kepleri</span> <span class='ocrx_word' id='word_1_155' title='bbox 458 2908 563 2969; x_wconf 88' lang='lat' dir='ltr'>opera,</span> <span class='ocrx_word' id='word_1_156' title='bbox 593 2899 659 2954; x_wconf 87' lang='lat' dir='ltr'>arte</span> <span class='ocrx_word' id='word_1_157' title='bbox 692 2900 725 2954; x_wconf 90' lang='lat' dir='ltr'>et</span> <span class='ocrx_word' id='word_1_158' title='bbox 748 2891 908 2973; x_wconf 91' lang='lat' dir='ltr'>multiplici</span> <span class='ocrx_word' id='word_1_159' title='bbox 931 2892 1084 2967; x_wconf 88' lang='lat' dir='ltr'>doctrina,</span> <span class='ocrx_word' id='word_1_160' title='bbox 1105 2887 1270 2953; x_wconf 87' lang='lat' dir='ltr'>meditandi</span> <span class='ocrx_word' id='word_1_161' title='bbox 1294 2895 1326 2949; x_wconf 92' lang='lat' dir='ltr'>et</span> <span class='ocrx_word' id='word_1_162' title='bbox 1349 2900 1509 2965; x_wconf 87' lang='lat' dir='ltr'>argumen-</span> 
     </span>
     <span class='ocr_line' id='line_1_19' title="bbox 160 2988 1512 3079; baseline -0.003 -25"><span class='ocrx_word' id='word_1_163' title='bbox 160 2994 235 3056; x_wconf 88' lang='lat' dir='ltr'>tandi</span> <span class='ocrx_word' id='word_1_164' title='bbox 259 2995 441 3065; x_wconf 84' lang='lat' dir='ltr'>subtilitate,</span> <span class='ocrx_word' id='word_1_165' title='bbox 466 2997 607 3059; x_wconf 84' lang='lat' dir='ltr'>dictionis</span> <span class='ocrx_word' id='word_1_166' title='bbox 630 2997 742 3078; x_wconf 89' lang='lat' dir='ltr'>partim</span> <span class='ocrx_word' id='word_1_167' title='bbox 764 2998 883 3079; x_wconf 69' lang='lat' dir='ltr'>politico</span> <span class='ocrx_word' id='word_1_168' title='bbox 909 2999 1015 3061; x_wconf 91' lang='lat' dir='ltr'>ardore</span> <span class='ocrx_word' id='word_1_169' title='bbox 1040 2995 1250 3061; x_wconf 89' lang='lat' dir='ltr'>incalescentis</span> <span class='ocrx_word' id='word_1_170' title='bbox 1274 2991 1435 3073; x_wconf 84' lang='lat' dir='ltr'>elegantia,</span> <span class='ocrx_word' id='word_1_171' title='bbox 1464 2988 1512 3051; x_wconf 83' lang='lat' dir='ltr'>se·</span> 
     </span>
     <span class='ocr_line' id='line_1_20' title="bbox 162 3094 1513 3185; baseline -0.001 -25"><span class='ocrx_word' id='word_1_172' title='bbox 162 3100 233 3163; x_wconf 82' lang='lat' dir='ltr'>stiuo</span> <span class='ocrx_word' id='word_1_173' title='bbox 256 3101 360 3182; x_wconf 88' lang='lat' dir='ltr'>lepore</span> <span class='ocrx_word' id='word_1_174' title='bbox 384 3103 563 3183; x_wconf 83' lang='lat' dir='ltr'>facetiisque</span> <span class='ocrx_word' id='word_1_175' title='bbox 586 3105 727 3185; x_wconf 86' lang='lat' dir='ltr'>iusignia,</span> <span class='ocrx_word' id='word_1_176' title='bbox 752 3104 862 3167; x_wconf 91' lang='lat' dir='ltr'>libellis</span> <span class='ocrx_word' id='word_1_177' title='bbox 885 3105 965 3181; x_wconf 88' lang='lat' dir='ltr'>istis,</span> <span class='ocrx_word' id='word_1_178' title='bbox 990 3105 1040 3185; x_wconf 90' lang='lat' dir='ltr'>qui</span> <span class='ocrx_word' id='word_1_179' title='bbox 1058 3113 1161 3167; x_wconf 91' lang='lat' dir='ltr'>nostro</span> <span class='ocrx_word' id='word_1_180' title='bbox 1182 3122 1257 3164; x_wconf 86' lang='lat' dir='ltr'>aevo</span> <span class='ocrx_word' id='word_1_181' title='bbox 1278 3102 1431 3164; x_wconf 88' lang='lat' dir='ltr'>literarum</span> <span class='ocrx_word' id='word_1_182' title='bbox 1450 3094 1513 3159; x_wconf 86' lang='lat' dir='ltr'>sci-</span> 
     </span>
     <span class='ocr_line' id='line_1_21' title="bbox 160 3206 1515 3293; baseline -0.002 -26"><span class='ocrx_word' id='word_1_183' title='bbox 160 3206 224 3269; x_wconf 90' lang='lat' dir='ltr'>licet</span> <span class='ocrx_word' id='word_1_184' title='bbox 246 3209 418 3271; x_wconf 88' lang='lat' dir='ltr'>amantibus</span> <span class='ocrx_word' id='word_1_185' title='bbox 441 3211 694 3287; x_wconf 86' lang='lat' dir='ltr'>commendantur,</span> <span class='ocrx_word' id='word_1_186' title='bbox 719 3212 918 3293; x_wconf 84' lang='lat' dir='ltr'>praeferenda</span> <span class='ocrx_word' id='word_1_187' title='bbox 942 3231 1014 3273; x_wconf 86' lang='lat' dir='ltr'>saue</span> <span class='ocrx_word' id='word_1_188' title='bbox 1039 3219 1110 3274; x_wconf 90' lang='lat' dir='ltr'>suut</span> <span class='ocrx_word' id='word_1_189' title='bbox 1133 3219 1164 3273; x_wconf 91' lang='lat' dir='ltr'>et</span> <span class='ocrx_word' id='word_1_190' title='bbox 1187 3209 1284 3289; x_wconf 88' lang='lat' dir='ltr'>magis</span> <span class='ocrx_word' id='word_1_191' title='bbox 1308 3207 1413 3286; x_wconf 88' lang='lat' dir='ltr'>digua,</span> <span class='ocrx_word' id='word_1_192' title='bbox 1439 3221 1515 3285; x_wconf 88' lang='lat' dir='ltr'>quae</span> 
     </span>
     <span class='ocr_line' id='line_1_22' title="bbox 163 3308 1513 3398; baseline -0.004 -23"><span class='ocrx_word' id='word_1_193' title='bbox 163 3312 355 3377; x_wconf 79' lang='lat' dir='ltr'>bibliothecas</span> <span class='ocrx_word' id='word_1_194' title='bbox 379 3324 494 3391; x_wconf 85' lang='lat' dir='ltr'>ornent,</span> <span class='ocrx_word' id='word_1_195' title='bbox 520 3325 552 3379; x_wconf 91' lang='lat' dir='ltr'>et</span> <span class='ocrx_word' id='word_1_196' title='bbox 576 3318 647 3381; x_wconf 88' lang='lat' dir='ltr'>viris</span> <span class='ocrx_word' id='word_1_197' title='bbox 671 3319 789 3381; x_wconf 89' lang='lat' dir='ltr'>illamm</span> <span class='ocrx_word' id='word_1_198' title='bbox 811 3338 911 3381; x_wconf 89' lang='lat' dir='ltr'>rorum</span> <span class='ocrx_word' id='word_1_199' title='bbox 934 3317 1077 3381; x_wconf 87' lang='lat' dir='ltr'>studiosis</span> <span class='ocrx_word' id='word_1_200' title='bbox 1101 3317 1236 3398; x_wconf 85' lang='lat' dir='ltr'>aptiore&#39;,</span> <span class='ocrx_word' id='word_1_201' title='bbox 1263 3334 1350 3396; x_wconf 84' lang='lat' dir='ltr'>quarn</span> <span class='ocrx_word' id='word_1_202' title='bbox 1375 3331 1434 3393; x_wconf 88' lang='lat' dir='ltr'>qua</span> <span class='ocrx_word' id='word_1_203' title='bbox 1456 3308 1513 3371; x_wconf 91' lang='lat' dir='ltr'>du-</span> 
     </span>
     <span class='ocr_line' id='line_1_23' title="bbox 165 3421 1514 3506; baseline -0.004 -24"><span class='ocrx_word' id='word_1_204' title='bbox 165 3421 252 3483; x_wconf 87' lang='lat' dir='ltr'>centis</span> <span class='ocrx_word' id='word_1_205' title='bbox 275 3422 495 3503; x_wconf 88' lang='lat' dir='ltr'>quinquaginta</span> <span class='ocrx_word' id='word_1_206' title='bbox 518 3424 604 3487; x_wconf 91' lang='lat' dir='ltr'>aunis</span> <span class='ocrx_word' id='word_1_207' title='bbox 628 3424 736 3487; x_wconf 89' lang='lat' dir='ltr'>abhinc</span> <span class='ocrx_word' id='word_1_208' title='bbox 759 3423 886 3506; x_wconf 89' lang='lat' dir='ltr'>primum</span> <span class='ocrx_word' id='word_1_209' title='bbox 911 3425 941 3487; x_wconf 92' lang='lat' dir='ltr'>iu</span> <span class='ocrx_word' id='word_1_210' title='bbox 964 3426 1062 3489; x_wconf 90' lang='lat' dir='ltr'>lucem</span> <span class='ocrx_word' id='word_1_211' title='bbox 1085 3423 1275 3505; x_wconf 90' lang='lat' dir='ltr'>prodierunt,</span> <span class='ocrx_word' id='word_1_212' title='bbox 1306 3421 1403 3482; x_wconf 82' lang='lat' dir='ltr'>forma</span> <span class='ocrx_word' id='word_1_213' title='bbox 1425 3432 1514 3478; x_wconf 88' lang='lat' dir='ltr'>man·</span> 
     </span>
     <span class='ocr_line' id='line_1_24' title="bbox 165 3524 1514 3612; baseline -0.004 -24"><span class='ocrx_word' id='word_1_214' title='bbox 165 3525 272 3590; x_wconf 85' lang='lat' dir='ltr'>deutur.</span> <span class='ocrx_word' id='word_1_215' title='bbox 319 3529 448 3591; x_wconf 88' lang='lat' dir='ltr'>Praeter</span> <span class='ocrx_word' id='word_1_216' title='bbox 470 3530 584 3610; x_wconf 89' lang='lat' dir='ltr'>primas</span> <span class='ocrx_word' id='word_1_217' title='bbox 608 3531 757 3594; x_wconf 86' lang='lat' dir='ltr'>editiones</span> <span class='ocrx_word' id='word_1_218' title='bbox 780 3553 800 3594; x_wconf 91' lang='lat' dir='ltr'>a</span> <span class='ocrx_word' id='word_1_219' title='bbox 822 3531 954 3611; x_wconf 88' lang='lat' dir='ltr'>Keplero</span> <span class='ocrx_word' id='word_1_220' title='bbox 984 3532 1058 3612; x_wconf 89' lang='lat' dir='ltr'>ipso·</span> <span class='ocrx_word' id='word_1_221' title='bbox 1081 3531 1237 3593; x_wconf 90' lang='lat' dir='ltr'>institutas</span> <span class='ocrx_word' id='word_1_222' title='bbox 1261 3547 1320 3590; x_wconf 92' lang='lat' dir='ltr'>uon</span> <span class='ocrx_word' id='word_1_223' title='bbox 1344 3524 1431 3589; x_wconf 92' lang='lat' dir='ltr'>modo</span> <span class='ocrx_word' id='word_1_224' title='bbox 1454 3538 1514 3584; x_wconf 88' lang='lat' dir='ltr'>non</span> 
     </span>
     <span class='ocr_line' id='line_1_25' title="bbox 165 3626 1515 3719; baseline -0.006 -24"><span class='ocrx_word' id='word_1_225' title='bbox 165 3633 275 3696; x_wconf 81' lang='lat' dir='ltr'>collecti</span> <span class='ocrx_word' id='word_1_226' title='bbox 297 3635 364 3715; x_wconf 88' lang='lat' dir='ltr'>ejus</span> <span class='ocrx_word' id='word_1_227' title='bbox 386 3635 455 3698; x_wconf 88' lang='lat' dir='ltr'>libri</span> <span class='ocrx_word' id='word_1_228' title='bbox 479 3655 532 3699; x_wconf 87' lang='lat' dir='ltr'>seo</span> <span class='ocrx_word' id='word_1_229' title='bbox 556 3656 673 3713; x_wconf 90' lang='lat' dir='ltr'>omnes,</span> <span class='ocrx_word' id='word_1_230' title='bbox 699 3658 752 3699; x_wconf 89' lang='lat' dir='ltr'>seu</span> <span class='ocrx_word' id='word_1_231' title='bbox 774 3638 922 3719; x_wconf 90' lang='lat' dir='ltr'>potiores,</span> <span class='ocrx_word' id='word_1_232' title='bbox 947 3639 1025 3711; x_wconf 78' lang='lat' dir='ltr'>sed,</span> <span class='ocrx_word' id='word_1_233' title='bbox 1039 3638 1145 3718; x_wconf 90' lang='lat' dir='ltr'>paucis</span> <span class='ocrx_word' id='word_1_234' title='bbox 1169 3635 1320 3715; x_wconf 80' lang='lat' dir='ltr'>exceptis,</span> <span class='ocrx_word' id='word_1_235' title='bbox 1345 3651 1382 3693; x_wconf 92' lang='lat' dir='ltr'>ne</span> <span class='ocrx_word' id='word_1_236' title='bbox 1406 3626 1515 3708; x_wconf 90' lang='lat' dir='ltr'>singuli</span> 
     </span>
     <span class='ocr_line' id='line_1_26' title="bbox 166 3735 1513 3826; baseline -0.004 -26"><span class='ocrx_word' id='word_1_237' title='bbox 166 3740 274 3819; x_wconf 89' lang='lat' dir='ltr'>quidem</span> <span class='ocrx_word' id='word_1_238' title='bbox 298 3740 395 3805; x_wconf 88' lang='lat' dir='ltr'>denuo</span> <span class='ocrx_word' id='word_1_239' title='bbox 418 3750 490 3804; x_wconf 89' lang='lat' dir='ltr'>suut</span> <span class='ocrx_word' id='word_1_240' title='bbox 511 3744 592 3826; x_wconf 83' lang='lat' dir='ltr'>typis</span> <span class='ocrx_word' id='word_1_241' title='bbox 616 3744 769 3824; x_wconf 82' lang='lat' dir='ltr'>exscripti.</span> <span class='ocrx_word' id='word_1_242' title='bbox 804 3745 889 3807; x_wconf 91' lang='lat' dir='ltr'>Unde</span> <span class='ocrx_word' id='word_1_243' title='bbox 911 3746 1032 3821; x_wconf 85' lang='lat' dir='ltr'>facturn,</span> <span class='ocrx_word' id='word_1_244' title='bbox 1057 3752 1090 3806; x_wconf 89' lang='lat' dir='ltr'>ut</span> <span class='ocrx_word' id='word_1_245' title='bbox 1108 3744 1158 3805; x_wconf 82' lang='lat' dir='ltr'>vix</span> <span class='ocrx_word' id='word_1_246' title='bbox 1181 3742 1242 3803; x_wconf 90' lang='lat' dir='ltr'>ulla</span> <span class='ocrx_word' id='word_1_247' title='bbox 1261 3741 1301 3804; x_wconf 88' lang='lat' dir='ltr'>sit</span> <span class='ocrx_word' id='word_1_248' title='bbox 1320 3735 1513 3808; x_wconf 88' lang='lat' dir='ltr'>bibliotheca,</span> 
     </span>
     <span class='ocr_line' id='line_1_27' title="bbox 165 3846 797 3931; baseline 0.008 -24"><span class='ocrx_word' id='word_1_249' title='bbox 165 3846 189 3908; x_wconf 93' lang='lat' dir='ltr'>iu</span> <span class='ocrx_word' id='word_1_250' title='bbox 210 3867 269 3928; x_wconf 91' lang='lat' dir='ltr'>qua</span> <span class='ocrx_word' id='word_1_251' title='bbox 292 3866 397 3911; x_wconf 88' lang='lat' dir='ltr'>omues</span> <span class='ocrx_word' id='word_1_252' title='bbox 421 3848 485 3929; x_wconf 90' lang='lat' dir='ltr'>ejus</span> <span class='ocrx_word' id='word_1_253' title='bbox 509 3848 576 3912; x_wconf 89' lang='lat' dir='ltr'>libri</span> <span class='ocrx_word' id='word_1_254' title='bbox 599 3850 797 3931; x_wconf 82' lang='lat' dir='ltr'>reperiantur.</span> 
     </span>
    </p>

    <p class='ocr_par' dir='ltr' id='par_1_9' title="bbox 166 3945 1609 4571">
     <span class='ocr_line' id='line_1_28' title="bbox 243 3945 1514 4038; baseline -0.008 -21"><span class='ocrx_word' id='word_1_255' title='bbox 243 3956 374 4017; x_wconf 87' lang='lat' dir='ltr'>Multum</span> <span class='ocrx_word' id='word_1_256' title='bbox 402 3975 475 4017; x_wconf 83' lang='lat' dir='ltr'>saue</span> <span class='ocrx_word' id='word_1_257' title='bbox 505 3975 613 4036; x_wconf 89' lang='lat' dir='ltr'>operae</span> <span class='ocrx_word' id='word_1_258' title='bbox 642 3957 812 4038; x_wconf 88' lang='lat' dir='ltr'>laborisque</span> <span class='ocrx_word' id='word_1_259' title='bbox 841 3956 1072 4019; x_wconf 88' lang='lat' dir='ltr'>consumendum</span> <span class='ocrx_word' id='word_1_260' title='bbox 1103 3962 1168 4017; x_wconf 90' lang='lat' dir='ltr'>erat</span> <span class='ocrx_word' id='word_1_261' title='bbox 1191 3954 1221 4015; x_wconf 92' lang='lat' dir='ltr'>iu</span> <span class='ocrx_word' id='word_1_262' title='bbox 1245 3948 1422 4032; x_wconf 88' lang='lat' dir='ltr'>colligendis</span> <span class='ocrx_word' id='word_1_263' title='bbox 1445 3945 1514 4010; x_wconf 88' lang='lat' dir='ltr'>istis</span> 
     </span>
     <span class='ocr_line' id='line_1_29' title="bbox 167 4059 1609 4149; baseline -0.006 -26"><span class='ocrx_word' id='word_1_264' title='bbox 167 4078 275 4143; x_wconf 88' lang='lat' dir='ltr'>quoquo</span> <span class='ocrx_word' id='word_1_265' title='bbox 297 4078 404 4124; x_wconf 87' lang='lat' dir='ltr'>versos</span> <span class='ocrx_word' id='word_1_266' title='bbox 427 4060 561 4149; x_wconf 90' lang='lat' dir='ltr'>disjectis</span> <span class='ocrx_word' id='word_1_267' title='bbox 586 4062 735 4143; x_wconf 90' lang='lat' dir='ltr'>operibus,</span> <span class='ocrx_word' id='word_1_268' title='bbox 760 4082 815 4125; x_wconf 89' lang='lat' dir='ltr'>neo</span> <span class='ocrx_word' id='word_1_269' title='bbox 839 4063 896 4126; x_wconf 90' lang='lat' dir='ltr'>nisi</span> <span class='ocrx_word' id='word_1_270' title='bbox 916 4065 1075 4126; x_wconf 90' lang='lat' dir='ltr'>multorum</span> <span class='ocrx_word' id='word_1_271' title='bbox 1097 4080 1240 4123; x_wconf 86' lang='lat' dir='ltr'>annorum</span> <span class='ocrx_word' id='word_1_272' title='bbox 1260 4059 1362 4122; x_wconf 89' lang='lat' dir='ltr'>labore</span> <span class='ocrx_word' id='word_1_273' title='bbox 1383 4062 1415 4118; x_wconf 91' lang='lat' dir='ltr'>et</span> <span class='ocrx_word' id='word_1_274' title='bbox 1428 4072 1513 4117; x_wconf 88' lang='lat' dir='ltr'>suur-</span> <span class='ocrx_word' id='word_1_275' title='bbox 1606 4088 1609 4095; x_wconf 95' lang='lat'><em>·</em></span> 
     </span>
     <span class='ocr_line' id='line_1_30' title="bbox 166 4166 1515 4252; baseline -0.002 -24"><span class='ocrx_word' id='word_1_276' title='bbox 166 4167 236 4230; x_wconf 82' lang='lat' dir='ltr'>tibus</span> <span class='ocrx_word' id='word_1_277' title='bbox 258 4186 309 4230; x_wconf 81' lang='lat' dir='ltr'>res</span> <span class='ocrx_word' id='word_1_278' title='bbox 332 4166 372 4229; x_wconf 92' lang='lat' dir='ltr'>ad</span> <span class='ocrx_word' id='word_1_279' title='bbox 394 4176 545 4243; x_wconf 85' lang='lat' dir='ltr'>eventum,</span> <span class='ocrx_word' id='word_1_280' title='bbox 569 4188 655 4250; x_wconf 90' lang='lat' dir='ltr'>quem</span> <span class='ocrx_word' id='word_1_281' title='bbox 676 4171 893 4252; x_wconf 83' lang='lat' dir='ltr'>exoptavimus,</span> <span class='ocrx_word' id='word_1_282' title='bbox 920 4170 1051 4232; x_wconf 87' lang='lat' dir='ltr'>adducta</span> <span class='ocrx_word' id='word_1_283' title='bbox 1070 4178 1126 4232; x_wconf 88' lang='lat' dir='ltr'>est.</span> <span class='ocrx_word' id='word_1_284' title='bbox 1157 4170 1291 4230; x_wconf 89' lang='lat' dir='ltr'>Insumto</span> <span class='ocrx_word' id='word_1_285' title='bbox 1313 4172 1413 4228; x_wconf 90' lang='lat' dir='ltr'>autem</span> <span class='ocrx_word' id='word_1_286' title='bbox 1427 4168 1515 4225; x_wconf 89' lang='lat' dir='ltr'>tantu</span> 
     </span>
     <span class='ocr_line' id='line_1_31' title="bbox 166 4267 1514 4358; baseline -0.003 -25"><span class='ocrx_word' id='word_1_287' title='bbox 166 4272 258 4338; x_wconf 87' lang='lat' dir='ltr'>labore</span> <span class='ocrx_word' id='word_1_288' title='bbox 281 4274 313 4336; x_wconf 90' lang='lat' dir='ltr'>id</span> <span class='ocrx_word' id='word_1_289' title='bbox 335 4275 466 4356; x_wconf 80' lang='lat' dir='ltr'>egimus,</span> <span class='ocrx_word' id='word_1_290' title='bbox 490 4282 539 4351; x_wconf 90' lang='lat' dir='ltr'>ut,</span> <span class='ocrx_word' id='word_1_291' title='bbox 569 4275 705 4339; x_wconf 86' lang='lat' dir='ltr'>collectis</span> <span class='ocrx_word' id='word_1_292' title='bbox 733 4276 780 4339; x_wconf 91' lang='lat' dir='ltr'>his</span> <span class='ocrx_word' id='word_1_293' title='bbox 809 4278 948 4358; x_wconf 84' lang='lat' dir='ltr'>operibus</span> <span class='ocrx_word' id='word_1_294' title='bbox 980 4286 1012 4339; x_wconf 91' lang='lat' dir='ltr'>et</span> <span class='ocrx_word' id='word_1_295' title='bbox 1035 4277 1063 4338; x_wconf 90' lang='lat' dir='ltr'>iu</span> <span class='ocrx_word' id='word_1_296' title='bbox 1089 4278 1214 4337; x_wconf 86' lang='lat' dir='ltr'>formam</span> <span class='ocrx_word' id='word_1_297' title='bbox 1238 4275 1325 4354; x_wconf 89' lang='lat' dir='ltr'>hujus</span> <span class='ocrx_word' id='word_1_298' title='bbox 1349 4269 1442 4334; x_wconf 86' lang='lat' dir='ltr'>seculi</span> <span class='ocrx_word' id='word_1_299' title='bbox 1464 4267 1514 4330; x_wconf 91' lang='lat' dir='ltr'>iu·</span> 
     </span>
     <span class='ocr_line' id='line_1_32' title="bbox 166 4379 1516 4465; baseline -0.003 -26"><span class='ocrx_word' id='word_1_300' title='bbox 166 4380 242 4457; x_wconf 86' lang='lat' dir='ltr'>genio</span> <span class='ocrx_word' id='word_1_301' title='bbox 275 4379 375 4461; x_wconf 87' lang='lat' dir='ltr'>magis</span> <span class='ocrx_word' id='word_1_302' title='bbox 407 4398 568 4462; x_wconf 89' lang='lat' dir='ltr'>congruam</span> <span class='ocrx_word' id='word_1_303' title='bbox 600 4383 748 4459; x_wconf 86' lang='lat' dir='ltr'>redactis,</span> <span class='ocrx_word' id='word_1_304' title='bbox 773 4384 841 4446; x_wconf 85' lang='lat' dir='ltr'>Viri</span> <span class='ocrx_word' id='word_1_305' title='bbox 872 4392 996 4465; x_wconf 90' lang='lat' dir='ltr'>propter</span> <span class='ocrx_word' id='word_1_306' title='bbox 1023 4383 1129 4465; x_wconf 89' lang='lat' dir='ltr'>judicii</span> <span class='ocrx_word' id='word_1_307' title='bbox 1163 4382 1362 4445; x_wconf 87' lang='lat' dir='ltr'>subtilitatem</span> <span class='ocrx_word' id='word_1_308' title='bbox 1391 4384 1516 4439; x_wconf 87' lang='lat' dir='ltr'>aeterua</span> 
     </span>
     <span class='ocr_line' id='line_1_33' title="bbox 166 4486 1200 4571; baseline 0.007 -25"><span class='ocrx_word' id='word_1_309' title='bbox 166 4488 298 4550; x_wconf 84' lang='lat' dir='ltr'>memoria</span> <span class='ocrx_word' id='word_1_310' title='bbox 322 4486 406 4566; x_wconf 89' lang='lat' dir='ltr'>digui</span> <span class='ocrx_word' id='word_1_311' title='bbox 428 4506 535 4550; x_wconf 90' lang='lat' dir='ltr'>nomeu</span> <span class='ocrx_word' id='word_1_312' title='bbox 559 4489 589 4551; x_wconf 92' lang='lat' dir='ltr'>iu</span> <span class='ocrx_word' id='word_1_313' title='bbox 614 4490 775 4554; x_wconf 88' lang='lat' dir='ltr'>illustriore</span> <span class='ocrx_word' id='word_1_314' title='bbox 799 4498 989 4554; x_wconf 89' lang='lat' dir='ltr'>monumento</span> <span class='ocrx_word' id='word_1_315' title='bbox 1013 4510 1200 4571; x_wconf 89' lang='lat' dir='ltr'>poneremus.</span> 
     </span>
    </p>

    <p class='ocr_par' dir='ltr' id='par_1_10' title="bbox 166 4588 1513 4786">
     <span class='ocr_line' id='line_1_34' title="bbox 242 4588 1512 4679; baseline 0.004 -23"><span class='ocrx_word' id='word_1_316' title='bbox 242 4593 294 4656; x_wconf 82' lang='lat' dir='ltr'>Ad</span> <span class='ocrx_word' id='word_1_317' title='bbox 318 4592 350 4655; x_wconf 94' lang='lat' dir='ltr'>id</span> <span class='ocrx_word' id='word_1_318' title='bbox 374 4592 561 4658; x_wconf 78' lang='lat' dir='ltr'>efficiendum</span> <span class='ocrx_word' id='word_1_319' title='bbox 584 4606 715 4678; x_wconf 89' lang='lat' dir='ltr'>quantae</span> <span class='ocrx_word' id='word_1_320' title='bbox 738 4597 933 4661; x_wconf 85' lang='lat' dir='ltr'>difficultates</span> <span class='ocrx_word' id='word_1_321' title='bbox 957 4606 989 4660; x_wconf 89' lang='lat' dir='ltr'>et</span> <span class='ocrx_word' id='word_1_322' title='bbox 1012 4598 1225 4679; x_wconf 89' lang='lat' dir='ltr'>impedimenta</span> <span class='ocrx_word' id='word_1_323' title='bbox 1248 4593 1360 4659; x_wconf 91' lang='lat' dir='ltr'>homini</span> <span class='ocrx_word' id='word_1_324' title='bbox 1383 4588 1512 4670; x_wconf 60' lang='lat' dir='ltr'>privam,</span> 
     </span>
     <span class='ocr_line' id='line_1_35' title="bbox 166 4686 1513 4786; baseline -0.002 -27"><span class='ocrx_word' id='word_1_325' title='bbox 166 4700 325 4780; x_wconf 82' lang='lat' dir='ltr'>splendidis</span> <span class='ocrx_word' id='word_1_326' title='bbox 342 4686 463 4764; x_wconf 80' lang='lat' dir='ltr'>auxiliis</span> <span class='ocrx_word' id='word_1_327' title='bbox 477 4701 634 4780; x_wconf 83' lang='lat' dir='ltr'>destituto,</span> <span class='ocrx_word' id='word_1_328' title='bbox 659 4705 829 4786; x_wconf 88' lang='lat' dir='ltr'>superanda</span> <span class='ocrx_word' id='word_1_329' title='bbox 848 4705 972 4781; x_wconf 88' lang='lat' dir='ltr'>fuerint,</span> <span class='ocrx_word' id='word_1_330' title='bbox 997 4724 1083 4767; x_wconf 88' lang='lat' dir='ltr'>nemo</span> <span class='ocrx_word' id='word_1_331' title='bbox 1103 4724 1161 4767; x_wconf 91' lang='lat' dir='ltr'>noo</span> <span class='ocrx_word' id='word_1_332' title='bbox 1181 4703 1341 4783; x_wconf 85' lang='lat' dir='ltr'>intelliget.</span> <span class='ocrx_word' id='word_1_333' title='bbox 1375 4694 1513 4761; x_wconf 88' lang='lat' dir='ltr'>Vicimus</span> 
     </span>
    </p>
   </div>
   <div class='ocr_carea' id='block_1_7' title="bbox 0 0 1703 5482">
    <p class='ocr_par' dir='ltr' id='par_1_11' title="bbox 0 0 1703 5482">
     <span class='ocr_line' id='line_1_36' title="bbox 0 0 1703 5482; baseline 0 0"><span class='ocrx_word' id='word_1_334' title='bbox 0 0 1703 5482; x_wconf 95' lang='lat' dir='ltr'> </span> 
     </span>
    </p>
   </div>
  </div>
 </body>
</html>
