3366 5482
734 267 817 322 lictae
835 274 951 324 aucurh
1452 278 1523 347 *101

164 433 209 487 ille
228 448 303 486 anno
329 431 404 486 1598
425 430 628 500 Witebergam,
644 430 731 484 iturus
753 432 788 484 ad
809 431 1018 502 Imperatorem:
1044 435 1092 489 ubi
1114 453 1174 490 cum
1195 436 1363 507 aliquamdiu
1385 442 1525 497 substitis-

164 520 213 575 set,
239 528 313 565 anno
336 510 462 582 sequenti
480 510 556 564 1599
577 509 605 562 in
619 509 778 564 Bohemiam
800 529 830 564 se
854 514 985 585 contulit3
1007 515 1051 568 cui
1064 515 1202 571 Benatica
1215 533 1267 571 arx
1281 519 1381 590 Regia,
1406 521 1524 592 quinque

163 591 325 646 milliaribus
340 593 437 662 Praga
457 590 570 651 distans,
592 589 747 650 habitanda
761 609 892 647 concessa
906 593 970 654 111111
995 612 1055 648 cum
1069 595 1230 664 liudolphus
1244 597 1312 666 lmp.
1327 599 1439 654 Pilsnue
1452 620 1524 656 ccm-

163 679 325 734 moraretur,
349 673 384 725 ob
407 676 515 740 pestem
527 669 639 739 Pragae
663 678 848 738 grassantem.
890 674 969 726 Haeo
992 675 1083 728 omnia
1106 674 1171 728 mihi
1185 675 1338 731 l'riderious
1351 679 1523 736 Hesusannus

163 753 192 806 h
207 753 239 805 B.
255 751 364 821 Styrus,
389 752 457 820 lmp.
472 749 611 817 Rudolphi
627 748 805 804 Conciliarius
819 752 934 815 aulicus,
960 753 1004 824 qui
1019 761 1084 808 tunc
1097 754 1193 825 Praga
1206 763 1330 821 venerat,
1346 759 1459 814 retulit:
1481 778 1523 815 ms

164 834 196 885 ad
210 833 414 900 capessendum
428 831 482 883 iter
495 828 659 883 adhortatus
674 836 726 891 est,
748 831 808 884 loco
830 832 896 885 mihi
910 834 1006 886 oblato
1020 833 1048 887 in
1062 834 1195 887 comitatu
1209 851 1267 888 suo.
1309 836 1355 891 lta
1368 837 1472 895 iactum
1491 846 1523 894 ut

163 913 195 964 ad
208 911 349 965 Braheum
363 909 485 964 venirem
505 908 584 962 initio
608 908 672 961 anni
695 910 779 972 1600,
802 914 909 981 quando
924 913 1110 967 Ferdinandus
1123 913 1268 968 Archidux
1288 916 1400 986 nuptias
1416 918 1524 974 Grastii

163 990 314 1045 celebravit
337 1007 398 1042 cum
411 988 576 1043 consobrina
590 1004 642 1041 sua
656 990 808 1053 Bavarica;
833 992 963 1062 brevique
986 992 1076 1062 captis
1097 993 1306 1049 Braheanorum
1325 996 1460 1062 laborum,
1483 998 1523 1052 vi·

164 1071 308 1140 cissimque
332 1069 465 1123 exhibitis
489 1067 592 1138 ingenii
614 1067 665 1120 mei
691 1070 902 1139 experimentis,
925 1078 1023 1140 pactus
1045 1072 1213 1127 conditiones
1238 1075 1380 1144 cumipse
1404 1094 1521 1133 commo·

164 1150 248 1213 randi,
271 1166 342 1220 quas
366 1148 477 1218 styriae
497 1164 627 1216 proceres
648 1155 724 1201 ratas
746 1149 891 1213 haberent,
916 1158 981 1220 post
1003 1153 1111 1222 aliquot
1130 1153 1262 1206 mensium
1286 1156 1523 1213 conversationem

163 1246 288 1284 reserans
314 1245 372 1282 snm
388 1227 539 1281 Grastium.
582 1227 713 1295 Receptis
735 1236 828 1282 autem
851 1231 928 1284 brevi
952 1232 1060 1301 aliquot
1072 1230 1177 1285 Brahei
1198 1233 1323 1302 epistolis
1349 1233 1459 1305 (quibus
1474 1238 1521 1292 ille

163 1328 202 1364 me
223 1308 402 1362 vacillantem
425 1308 452 1360 in
474 1307 616 1375 proposito
636 1313 751 1376 propter
772 1309 949 1363 difficultates
972 1317 1049 1365 ortas
1070 1311 1255 1374 confirmavit,
1284 1314 1381 1368 addita
1406 1333 1521 1372 comme·

163 1389 322 1451 moratione,
345 1388 408 1458 quid
430 1387 489 1454 ipse
510 1403 570 1438 cum
592 1387 762 1455 imperatore
783 1390 817 1442 de
838 1406 880 1442 me
902 1391 1061 1444 advocando
1078 1389 1139 1459 jam
1152 1386 1273 1461 egisset)
1295 1394 1412 1464 denique
1426 1413 1520 1450 mensa

163 1469 274 1523 Octobri
288 1467 421 1522 familiam
437 1467 558 1536 Pragam
573 1467 713 1519 transtuli.
743 1468 800 1520 Nec
814 1468 915 1522 diutius
931 1486 1003 1523 anno
1017 1487 1072 1524 uno
1085 1471 1191 1539 potitus
1207 1471 1341 1541 magistro
1357 1475 1518 1543 superstite,

162 1558 223 1619 post
243 1549 306 1616 ejus
328 1547 433 1601 obitum
454 1547 490 1599 ab
511 1546 642 1615 lmperst.
664 1546 811 1616 liudolpho
833 1554 945 1602 curator
965 1551 1056 1618 operis
1078 1550 1254 1612 Tabularum,
1277 1552 1376 1621 quibus
1392 1554 1520 1609 Braheus

163 1629 345 1698 aRudolpho
376 1643 473 1679 nomen
494 1641 556 1677 esse
577 1625 678 1688 voluit,
711 1635 874 1698 surrogatus
896 1645 971 1682 sum:
1003 1630 1030 1682 in
1054 1647 1107 1700 quo
1136 1630 1301 1698 perficiendo
1329 1648 1379 1700 per
1408 1633 1459 1687 hos
1481 1635 1519 1688 20

163 1725 244 1764 annos
267 1706 408 1761 desudavi.
452 1707 496 1758 lta
516 1706 602 1758 omnis
624 1705 688 1758 mihi
710 1706 793 1769 11111,
816 1708 966 1760 studiorum
987 1725 1154 1778 operumque
1175 1725 1294 1762 meorum
1315 1711 1387 1765 ratio
1409 1714 1520 1771 abhoc

163 1808 212 1844 uno
233 1788 330 1842 libello
352 1785 534 1840 consurrexit.
575 1787 615 1838 Et
634 1803 683 1840 cur
703 1802 757 1838 non
785 1786 929 1857 magnifice
959 1805 1001 1840 me
1018 1789 1140 1857 jactem,
1173 1790 1236 1841 dum
1256 1792 1348 1843 recolo
1378 1793 1516 1856 memoria,

163 1871 228 1940 quod
250 1867 446 1920 demonstratis
463 1865 521 1931 jam
543 1866 719 1934 planetarum
741 1867 858 1920 omnium
879 1867 1005 1929 motibus,
1031 1869 1141 1921 tandem
1162 1869 1198 1920 ad
1219 1869 1415 1924 absolvendam
1431 1873 1517 1926 telam

163 1950 208 2005 hoc
229 1948 327 2001 libello
349 1952 489 2014 coeptam,
520 1946 554 1996 ad
584 1962 652 2013 opus
673 1962 710 1997 sc.
733 1947 939 2007 Harmonicum,
971 1947 1019 1999 illo
1050 1947 1110 2016 ipso
1136 1964 1223 2009 anno,
1255 1965 1308 2017 quo
1330 1951 1516 2006 Ferdinandus

162 2028 299 2083 Archidux
322 2027 349 2078 in
371 2042 465 2095 regem
488 2025 636 2077 Bohemiae
658 2032 802 2093 susceptus
824 2033 876 2086 est,
899 2026 1017 2078 animum
1032 2026 1188 2094 adjecerim,
1211 2029 1281 2095 quod
1297 2045 1369 2082 anno
1390 2032 1516 2101 sequenti

165 2108 246 2169 1618,
271 2125 325 2177 quo
347 2121 419 2157 anno
430 2104 617 2157 ferdinandus
639 2104 765 2157 diadema
786 2105 865 2174 regni
887 2105 1027 2175 Ungariae
1050 2106 1179 2174 suscepit,
1202 2124 1256 2177 ego
1280 2107 1380 2162 librum
1394 2111 1427 2163 V.
1442 2111 1515 2164 Har·
1613 2158 1621 2174 ,

162 2188 320 2241 monitorum
342 2184 524 2237 absolverim:
557 2186 626 2252 quod
648 2184 763 2253 denique
786 2201 857 2237 anno
883 2185 972 2246 1619,
996 2203 1049 2254 quo
1071 2184 1241 2238 Perdinando
1263 2203 1370 2240 summa
1390 2189 1512 2258 dignitas

161 2267 306 2336 imperialis
328 2264 457 2322 accessit,
490 2264 672 2316 Harmonicen
701 2263 759 2332 ipse
788 2280 875 2316 meam
897 2265 992 2316 eodem
1021 2272 1050 2317 et
1073 2265 1133 2317 ioco
1165 2273 1308 2319 otmense
1331 2269 1516 2322 coronationis

161 2347 214 2414 ejus
243 2343 453 2415 publicaverim.
496 2343 578 2394 111111-
600 2344 690 2404 Deus,
723 2349 754 2394 ut
775 2343 906 2395 extinctis
939 2344 1110 2397 dissidiorum
1140 2344 1257 2397 civilium
1280 2347 1456 2400 dissonantiis
1488 2348 1516 2402 iu

160 2435 212 2480 toto
233 2425 401 2478 monarchae
433 2423 513 2488 hujus
536 2423 656 2491 imperio,
690 2423 770 2491 inque
792 2423 907 2475 Austria
937 2423 1091 2491 superiore,
1123 2426 1250 2477 moderno
1282 2443 1342 2479 meo
1370 2427 1515 2491 domicilio,

160 2504 319 2559 suavissima
339 2503 416 2572 pacis
439 2503 593 2563 harmonia,
625 2518 696 2572 quae
724 2502 751 2554 in
781 2502 923 2571 aequitate
955 2503 1127 2572 imperiorum
1153 2510 1182 2555 et
1211 2505 1406 2573 promtitudine
1434 2508 1514 2560 obse·

160 2586 278 2654 quiorum
300 2582 437 2643 consistit,
469 2582 505 2633 ab
527 2583 577 2634 boc
599 2582 657 2650 ipso
682 2588 805 2649 tempore
826 2587 1014 2644 restauretur,
1046 2600 1099 2651 quo
1120 2600 1174 2653 ego
1196 2585 1311 2651 primurn
1333 2587 1405 2639 hunc
1425 2603 1515 2641 meum

160 2664 278 2719 libellum
300 2662 372 2716 notis
403 2664 577 2714 emendatum
607 2661 829 2733 integratumque
856 2663 945 2714 denuo
968 2662 994 2714 in
1026 2663 1165 2731 publicum
1187 2665 1248 2718 edo.
1290 2665 1335 2718 sic
1355 2666 1427 2719 enim
1455 2667 1515 2720 11111

160 2744 268 2812 poterit,
300 2749 332 2795 ut
352 2741 478 2794 vastitati
501 2740 703 2808 provinciarum
724 2740 897 2793 cicatricibus
920 2740 1057 2803 obductis,
1089 2749 1120 2794 ut
1141 2742 1252 2796 siccatis
1274 2745 1353 2813 aquis
1383 2745 1513 2801 horrendi

159 2824 261 2885 diluvii,
285 2821 779 2890 1111111111111111111111111111111
808 2820 904 2888 copiae
926 2837 1024 2884 cornu,
1053 2821 1138 2874 etiam
1159 2822 1222 2874 mihi
1244 2824 1397 2879 destinatos
1419 2842 1437 2878 a
1457 2826 1513 2881 Ru·

159 2903 254 2972 doIpho
277 2902 345 2970 lmp.
367 2905 471 2952 sumtus
493 2895 650 2968 (impeditos
673 2916 723 2967 per
743 2900 912 2966 superiorum
933 2907 1086 2969 temporum
1108 2898 1318 2968 turbulentiam)
1340 2903 1457 2973 denique
1477 2907 1514 2960 ad

160 2984 312 3037 tabularum
334 2980 578 3033 astronomicarum
599 2997 667 3049 opus
689 2981 823 3032 edendum
845 2980 978 3033 affundat.

232 3057 265 3129 b)
289 3059 361 3122 Quia
380 3061 481 3128 dogma
501 3061 534 3111 de
556 3060 674 3130 quinque
704 3058 799 3128 liguris
820 3059 995 3128 geometricis
1024 3059 1096 3112 inter
1123 3061 1261 3113 mundana
1281 3076 1398 3130 corpora
1418 3061 1509 3116 distri·

161 3141 225 3195 butis
248 3141 370 3195 refertur
391 3141 424 3191 ad
440 3140 640 3209 Pythagoram,
663 3155 681 3191 a
702 3157 754 3208 quc
771 3138 852 3191 Plato
874 3140 946 3192 hanc
966 3139 1169 3207 philosophiam
1190 3146 1234 3192 est
1254 3147 1405 3195 mutuatus.
1442 3141 1511 3196 Vide

160 3220 334 3276 Harmonices
356 3218 404 3272 lib.
421 3219 441 3272 1.
464 3225 494 3272 et
515 3219 561 3272 lib.
578 3219 610 3271 ll.
653 3219 723 3272 Nam
744 3220 858 3271 eaedem
880 3218 986 3287 quidem
1007 3224 1037 3271 et
1054 3218 1109 3271 illis
1131 3218 1243 3272 etmihi
1264 3220 1371 3291 fignsrae
1393 3220 1511 3292 quinque

160 3310 232 3355 erant
253 3298 424 3370 propositae,
447 3298 516 3352 idem
538 3304 567 3350 et
587 3298 643 3351 illis
664 3304 693 3351 11
714 3297 780 3350 mihi
800 3300 923 3359 mundus,
947 3305 978 3351 at
998 3315 1051 3352 non
1071 3301 1184 3352 eaedem
1198 3299 1326 3370 utrinque
1340 3301 1431 3354 mundi
1446 3317 1510 3370 par·

161 3381 247 3444 11111
270 3379 380 3432 literam
401 3379 489 3432 solam
511 3385 634 3447 spectes:
658 3395 708 3430 nec
728 3379 824 3430 eadem
846 3377 1005 3446 applicandi
1027 3377 1109 3432 ratio.

230 3454 259 3527 c)
282 3459 414 3512 Condona
435 3459 523 3511 lector
543 3457 633 3526 tyroni
655 3457 820 3510 locutionem
835 3457 923 3510 minus
938 3458 1119 3511 emendatam.
1162 3458 1267 3528 Corpus
1282 3459 1406 3529 equidem
1422 3475 1509 3530 agno·

162 3539 203 3594 tu't
222 3538 402 3607 philosophia
422 3529 616 3607 quodammodo
643 3537 779 3590 diversum
800 3536 927 3605 quiddam
957 3539 993 3590 ab
1023 3537 1148 3599 homine,
1180 3538 1245 3608 quia
1273 3538 1341 3593 illud
1362 3539 1509 3594 continuae

131 3628 135 3632 “
163 3617 298 3672 nutationi
318 3625 363 3671 est
383 3617 545 3679 obnoxium,
576 3634 635 3669 cum
656 3616 736 3669 homo
767 3632 875 3684 semper
902 3616 971 3669 idem
993 3617 1037 3670 sit.
1079 3616 1206 3671 Animum
1229 3635 1292 3672 vero
1322 3618 1452 3688 perhibet
1472 3618 1508 3682 id,
1557 3611 1561 3616 ’

164 3713 205 3765 quo
224 3699 307 3752 homo
327 3697 364 3750 sit
384 3696 480 3757 homc;
502 3699 571 3749 adeo
593 3713 646 3749 ncn
666 3703 710 3749 est
731 3691 835 3748 asinius
857 3696 992 3750 diversum
1007 3697 1070 3766 quid
1085 3698 1121 3750 ab
1136 3697 1253 3752 homine.
1296 3700 1398 3752 Verum
1418 3697 1508 3752 illatio

165 3784 244 3831 111111
263 3779 375 3838 eadem,
397 3793 459 3828 esse
480 3793 558 3829 suum
580 3775 664 3829 etiam
686 3775 776 3829 animo
797 3776 944 3842 pabulum,
977 3778 1090 3831 seorsim
1111 3793 1130 3830 a
1150 3778 1253 3846 pabulo
1275 3777 1412 3846 corporis,
1442 3793 1509 3832 suas

166 3857 234 3911 eliam
254 3856 369 3911 seorsim
391 3856 512 3909 delicias.

230 3935 257 4001 d)
279 3938 342 3991 Non
362 3937 487 4006 legeram
508 3934 655 3995 Senecam,
687 3933 733 4004 qui
755 3951 824 4002 pene
846 3936 959 3987 eandem
981 3935 1148 3990 sententiam
1169 3932 1344 4005 eloquentiae
1366 3935 1508 3992 1111111111

169 4013 269 4070 11111111
291 4016 331 4070 111
352 4015 512 4069 exornavit:
542 4014 646 4083 pusilla
672 4030 716 4066 res
737 4015 851 4068 mundus
878 4021 934 4076 est,
966 4015 1019 4069 nisi
1046 4016 1073 4068 in
1104 4032 1137 4068 eo
1171 4015 1241 4084 quod
1263 4018 1392 4083 ,quaerat
1421 4016 1507 4071 omnis

171 4098 265 4150 uundus
287 4095 412 4150 inveniat
433 4090 644 4162 (Nat-Quaest.
660 4093 720 4146 Vll.
738 4090 797 4155 31).

231 4173 257 4240 e)
278 4177 342 4230 Non
360 4174 486 4245 equidem
507 4174 694 4243 cogitaveram
716 4179 799 4235 tunc,
828 4172 886 4226 iore
906 4177 938 4225 ut
961 4171 989 4225 111
1010 4172 1077 4242 [mp.
1099 4174 1238 4243 Rudolphi
1270 4175 1362 4228 aulam
1384 4189 1506 4231 vocarer.

172 4247 273 4324 Namque
303 4257 376 4309 hunc
407 4255 581 4308 monarcham
602 4268 666 4305 vere
687 4253 806 4305 alterum
828 4252 955 4306 carolum
983 4251 1027 4304 hic
1047 4253 1228 4324 deprehendi,
1258 4271 1313 4309 non
1333 4253 1507 4309 abdicatione

173 4331 271 4395 quidem:
293 4341 324 4388 at
344 4335 469 4403 proiecto
491 4333 602 4386 fastidio
623 4331 760 4385 actionum
782 4331 1025 4402 iniquissimamm,
1052 4334 1123 4388 domi
1151 4333 1270 4403 forisque
1298 4334 1506 4398 occurrentium,
1615 4360 1618 4369 =

174 4411 307 4469 1111111111
328 4414 426 4468 mentis
453 4415 490 4466 ab
511 4413 543 4466 iis
565 4419 594 4466 et
614 4414 697 4465 beato
721 4410 863 4481 (quantum
884 4414 919 4465 ad
946 4415 1090 4468 naturales
1111 4410 1374 4482 contemplationes)
1395 4417 1504 4468 111111·

175 4484 253 4547 ionum
272 4493 421 4554 exercitic;
448 4501 480 4546 ut
501 4491 615 4562 aequius
646 4491 742 4554 fuerit,
774 4491 897 4546 subditos
919 4490 975 4544 suis
1005 4493 1098 4560 potius
1126 4492 1394 4562 importunitatibus,
1424 4508 1506 4562 quam

175 4569 229 4638 11111
247 4575 286 4628 sui
308 4572 421 4627 fastidio
442 4572 532 4626 irasci.
1563 4613 1566 4620 .

233 4651 315 4714 1)Δά
335 4654 483 4723 sphaeram
504 4650 588 4706 allusi
608 4651 769 4720 systematis
790 4650 952 4720 planetarii,
980 4658 1164 4706 constructam
1185 4670 1223 4706 ex
1243 4650 1355 4705 orbibus
1375 4651 1504 4720 planeta·

175 4720 256 4789 111’.111
274 4733 433 4807 corporibus
454 4733 573 4803 quinque
592 4729 769 4802 regularibus
791 4730 1002 4802 Pythagoricis,
1024 4730 1080 4786 suis
1102 4747 1210 4802 quoque
1231 4729 1369 4786 coloribus
1389 4746 1409 4786 a
1429 4741 1504 4787 cete·
1560 4792 1568 4806 .
