3366 5482
157 238 203 304 ιι
404 181 405 184 ¹
653 237 915 290 wemno

133 397 316 477 titatibne,
340 417 393 460 ceu
417 418 490 461 suae
513 396 638 477 origini:
663 395 700 458 ab
723 397 781 457 his
794 416 852 478 quo
876 398 992 478 longius
1015 398 1161 479 quidlibet
1183 400 1309 475 recedit,
1335 408 1421 465 tanto
1444 399 1512 480 plus

159 468 351 551 tenebrardm
375 495 407 549 et
428 504 561 551 erromm
585 484 700 548 existit.
739 487 839 548 Affert
862 487 941 549 enim
964 505 1047 549 mens
1070 496 1175 552 nostra
1197 489 1305 570 ιιιριι·
1328 497 1437 551 natura
1460 509 1512 551 se-

152 597 225 642 eum
249 575 289 638 ad
311 575 497 641 divinarum
500 594 598 640 rerum
621 575 723 636 studia
745 576 882 638 notiones
912 596 983 638 snas
1013 577 1041 639 in
1065 578 1307 658 praedicamento
1331 578 1513 660 quantitatis

161 673 333 730 extructas:
365 664 520 746 quibus
495 686 521 728 ιι
545 662 704 745 spolietur,
729 664 802 726 nihil
826 664 884 727 nisi
907 665 997 728 meris
1021 666 1230 746 negationibus
1254 667 1376 731 delinire
1399 673 1511 748 potest.
1537 659 1541 665 ¹

159 757 238 818 Hinc
258 755 310 818 illa
325 752 593 818 Calvinistamm'
578 774 694 825 ιιςασις
717 753 756 814 ad
779 772 884 816 nomen
908 755 1161 834 praesentiae
1157 757 1344 820 illocalis.
1377 757 1458 820 Nam
1481 764 1513 818 et

159 865 219 907 lox
244 844 446 934 (praesentia)
471 853 501 906 et
524 862 571 906 res
596 843 750 904 intellecta
769 843 824 904 sub
842 861 916 904 voce
940 844 1079 910 desumta
1104 852 1152 907 est
1174 864 1211 908 ex
1230 845 1399 908 conditione
1423 846 1511 934 hujus

161 932 263 1008 seculi,
289 933 353 995 loco
378 941 409 994 et
430 943 564 1013 tempore
588 932 779 1002 constantis,
790 930 973 1035 digitumque
997 934 1045 995 vel
1069 932 1250 998 cautissimis
1269 936 1307 997 ad
1327 935 1512 1024 quantitates

156 1014 300 1087 intendit
336 1022 420 1084 Haec
438 1033 470 1084 et
488 1020 598 1084 similia
616 1020 642 1082 si
662 1021 787 1100 quilibet
800 1022 956 1104 occasione
975 1042 1013 1084 ex
1036 1043 1101 1086 meo
1127 1023 1243 1096 libello
1251 1023 1390 1092 desumta
1412 1043 1513 1086 secum

160 1112 375 1192 perpenderet3
399 1112 512 1214 opinor,
536 1129 599 1171 uuo
617 1108 713 1189 gradu
737 1111 857 1190 propios
877 1120 1076 1174 ιοιιιιιιιιι
1098 1122 1202 1193 partes
1226 1115 1269 1176 ιι
1280 1113 1423 1196 religione
1448 1112 1518 1190 dis-¹

161 1201 305 1263 sidentes.
352 1199 413 1262 Sed
438 1201 516 1262 enim
540 1216 577 1261 ex
599 1216 702 1260 musca
729 1200 781 1260 fiet
810 1199 865 1274 hoo
888 1194 978 1295 pacto
1004 1200 1129 1282 denique
1152 1203 1286 1284 elephas.
1332 1201 1400 1284 Ego
1423 1221 1513 1286 qnam

161 1292 218 1353 sim
242 1292 296 1353 hoo
319 1290 422 1351 ιιιιίο
445 1296 607 1362 recreatus,
632 1280 731 1350 dicere
754 1289 865 1360 rectius
888 1290 945 1351 non'
969 1296 1100 1373 possum,
1124 1310 1212 1372 quam
1237 1292 1262 1355 si
1286 1289 1340 1355 tubi
1364 1291 1513 1354 ιοιιίιίιι·-

161 1381 261 1442 dinem
285 1378 384 1442 mariti
406 1398 460 1460 pro
483 1378 617 1460 pariente
641 1394 742 1453 uxore,
767 1375 965 1458 gaudiumque
989 1399 1027 1440 ex
1047 1367 1172 1461 denique
1196 1390 1267 1443 nato
1290 1399 1381 1462 puero
1404 1399 1514 1479 ponam

161 1470 199 1531 ob
214 1468 326 1530 oculos.
365 1465 511 1538 Quamvis
526 1467 604 1528 hand
619 1484 724 1545 parum
738 1486 834 1528 meam
852 1467 1052 1530 festivitatem
1071 1469 1252 1548 interturbat
1273 1489 1399 1545 remora,
1425 1472 1514 1551 quam

35 1558 38 1563 ’
146 1574 245 1636 ,mens
268 1557 327 1618 iste
350 1566 454 1637 partus
478 1564 546 1618 tno
545 1555 666 1638 scripto
691 1555 809 1637 objecit,
834 1556 978 1637 simulque
1004 1558 1095 1658 totins
1113 1556 1253 1639 Europae
1273 1560 1515 1667 expectationem

162 1649 199 1770 de
223 1644 278 1720 illo
299 1646 410 1708 diutius
434 1645 600 1725 suspendit.

232 1733 338 1809 Quod
359 1735 396 1797 de
416 1734 577 1799 offensione
596 1741 720 1796 senatus
734 1732 898 1795 academici
914 1733 1054 1814 quereris,
1079 1734 1192 1815 opinor,
1217 1744 1248 1805 te
1272 1719 1372 1798 tamen
1397 1736 1515 1818 aliquos

162 1843 199 1886 ex
222 1825 274 1887 illo
297 1824 467 1886 habiturum
498 1842 618 1926 aequos
637 1833 753 1885 tuorum
784 1821 918 1885 laborum
946 1841 1094 1887 censores.
1141 1825 1285 1899 Memini,
1319 1825 1447 1887 oumD
1474 1826 1512 1888 D.

162 1913 444 1996 superattendentes
474 1912 619 1992 superiori
649 1919 767 1996 aestate
800 1930 837 1970 ex
869 1930 915 1972 me
944 1921 1141 1991 quaererent,
1176 1872 1285 1996 ecquid
1310 1915 1347 1976 de
1375 1915 1434 1976 isto
1462 1924 1515 1977 tuo

163 2002 275 2083 scripto
302 2001 407 2076 lieret;
435 1996 615 2081 respondere
643 2020 709 2061 me:
740 1998 817 2080 qnod
841 2001 976 2081 equidem
1000 2008 1116 2064 tantum
1146 2003 1256 2065 laboris
1280 2003 1337 2069 tibi
1360 2022 1461 2065 sumas
1484 2004 1515 2065 in

148 2097 231 2152 'mea
261 2110 369 2164 causa,
381 2097 437 2159 ιι
459 2090 578 2192 ’partim
606 2089 714 2168 pudor,
748 2088 857 2166 partim
884 2099 982 2175 metus
1010 2109 1056 2151 me
1085 2092 1275 2171 prohibeat
1266 2113 1295 2155 ιι
1321 2100 1372 2155 ιιι
1395 2092 1517 2173 privata

164 2179 266 2241 stndia
289 2179 433 2240 curiosius
457 2178 614 2258 inquirere,
661 2175 728 2247 Quo
752 2170 795 2238 illi
820 2178 921 2238 audito
945 2166 1103 2242 tacuerunt
1125 2189 1158 2243 et
1179 2182 1282 2260 procul
1306 2182 1394 2244 dnbio
1419 2181 1516 2244 adhuc

163 2267 310 2331 memores
334 2274 412 2329 sunt
459 2268 527 2329 Non
550 2267 642 2345 igitur
663 2273 821 2343 tantopere
845 2266 899 2327 tibi
923 2275 1040 2329 metuas
1064 2269 1102 2330 ab
1126 2269 1179 2331 illa
1202 2279 1325 2348 senatus
1350 2272 1515 2351 reprehen-

166 2359 263 2432 sione,
296 2374 418 2437 eamque
445 2363 565 2435 praeter
593 2353 833 2418 adhortationem
866 2355 978 2417 nihil
972 2374 1000 2417 ιι
1028 2373 1060 2419 ιι
1085 2359 1237 2422 ιοιιιιιιι
1260 2358 1388 2441 cogites.
1435 2359 1514 2432 Quin

166 2466 222 2527 ego
245 2455 298 2509 tuo
320 2445 364 2508 illi
387 2445 522 2527 symbolo
550 2443 629 2505 aliud
654 2448 780 2524 oppono.
801 2518 803 2523 Ι
828 2441 972 2525 Quereris
998 2453 1029 2506 te
1057 2449 1190 2511 consumi
1217 2448 1285 2510 aliis
1314 2449 1514 2512 inserviendo.

167 2541 213 2599 At
235 2535 326 2611 alius,
355 2534 483 2614 regium,
512 2534 567 2607 ait,
597 2532 664 2594 aliis
694 2531 881 2594 inserviendo
904 2535 981 2597 male
1005 2536 1126 2598 audirer
1163 2535 1260 2600 Crede
1283 2538 1370 2612 mihi,
1399 2558 1438 2601 ex
1461 2540 1518 2603 hac

167 2624 370 2705 consumtione
394 2622 449 2685 tibi
473 2630 596 2694 aeterna
619 2622 700 2683 lama
722 2622 873 2684 nascitur:
899 2624 981 2703 culus
996 2625 1115 2703 quidem
1129 2644 1175 2693 me
1190 2634 1275 2688 tanto
1298 2627 1518 2706 diligentiorem

164 2706 396 2777 buccinantem
411 2732 478 2777 esse
503 2711 657 2774 convenit:
683 2713 794 2791 quanto
818 2719 851 2772 tu
873 2711 940 2791 plus
964 2713 1035 2775 mihi
1059 2733 1147 2794 qnam
1170 2715 1248 2790 aliis,
1273 2724 1364 2798 atque
1388 2717 1465 2779 adeo
1488 2717 1519 2778 ln

75 2825 81 2835 ²
167 2805 223 2866 hoc
246 2822 317 2866 casu
331 2798 395 2864 ¹tibi
418 2801 475 2881 ipsi
490 2799 677 2863 benefecisti
715 2799 761 2861 Ao
784 2800 883 2862 hercle
906 2801 1016 2872 nescio,
1041 2822 1098 2883 quo
1116 2812 1206 2883 pacto
1231 2813 1260 2866 te
1283 2805 1380 2886 ipsum
1404 2806 1515 2870 multo-

162 2894 226 2956 ties
247 2891 445 2954 beneficentia
472 2899 503 2951 ιι
525 2890 708 2951 humanitate
731 2889 843 2950 vincas.
890 2888 995 2952 Cum'
987 2910 1092 2971 ingens
1116 2894 1306 2973 praestiteris
1329 2895 1401 2958 mihi
1424 2896 1520 2958 bene-

167 2981 274 3059 lioium,
299 2996 425 3043 excusas
449 2989 479 3042 te
502 2979 583 3055 mihi,
608 2979 685 3058 qnod
709 2977 806 3057 majus
830 2979 902 3040 illud
926 2991 1000 3041 non
1008 2981 1107 3056 inerit,
1131 2983 1268 3063 quodque
1287 2993 1350 3046 tam
1368 2985 1519 3047 dindina

168 3080 232 3135 tum
246 3069 288 3133 ιιι
301 3069 484 3153 opusculum
508 3026 648 3149 cuipiam
649 3088 667 3129 a
689 3075 731 3128 te
741 3083 886 3130 remores.
920 3065 1016 3138 Quasi
1040 3077 1092 3132 aut
1115 3072 1189 3132 haec
1212 3072 1299 3152 culpa
1323 3073 1440 3150 luisset,
1467 3081 1521 3135 ant

169 3180 225 3242 ego
248 3158 462 3224 beneticentiae
486 3168 556 3221 tuae
581 3157 693 3220 arbiter
716 3164 806 3238 atque
829 3156 985 3258 legislator
1009 3158 1186 3234 existerem,
1210 3161 1327 3243 omnino
1352 3163 1438 3245 qnasi
1463 3161 1520 3226 de-

163 3252 263 3314 bitum
277 3251 344 3311 hoo
352 3257 444 3310 esset.
478 3247 620 3327 Agnosco
644 3265 717 3307 sane
740 3254 772 3306 ιι
795 3245 968 3308 reminiscor
990 3249 1082 3309 verba
1104 3235 1246 3311 nonnulla
1259 3269 1345 3313 meae
1360 3251 1520 3331 epistolae,

170 3334 276 3422 quibus
299 3338 416 3400 isthaec
439 3336 594 3399 excusatio
618 3334 797 3416 respondere
826 3334 952 3397 videtur.
1000 3337 1122 3399 Verum
1144 3325 1218 3400 illud
1249 3347 1281 3402 te
1313 3358 1437 3402 moneo.
1472 3342 1521 3422 qni

170 3427 296 3492 candido
310 3426 416 3490 scribit
434 3425 541 3500 animo,
566 3443 632 3508 eum
649 3422 743 3487 multa
765 3423 966 3524 incogitanter
988 3425 1117 3488 scribere
1137 3435 1168 3488 et
1186 3429 1300 3490 semina
1318 3430 1523 3510 suspicionum

170 3537 288 3592 serere;
312 3536 366 3578 neo
389 3523 490 3577 tamen
514 3514 581 3576 ideo
606 3532 706 3575 earnm
729 3511 834 3575 teneri.
868 3511 949 3575 Sane
967 3513 1039 3578 mihi
1057 3535 1140 3577 mens
1164 3516 1235 3580 alibi
1259 3530 1317 3580 non
1341 3528 1407 3581 erat
1429 3538 1465 3582 eo
1489 3518 1522 3582 in

171 3610 255 3681 loco,
289 3625 377 3686 quam
407 3605 437 3666 in
465 3604 611 3666 sumtibus
641 3621 731 3683 parce
764 3600 908 3670 iaciendis
941 3604 1069 3665 emtione
1096 3623 1257 3684 paucorum
1285 3607 1521 3687 exemplarium:

169 3705 259 3778 atque
283 3696 321 3757 ad
345 3696 401 3757 hoc
425 3693 595 3756 institutum
619 3691 718 3753 omnia
741 3691 855 3771 reliqua
877 3691 1035 3754 referenda
1058 3702 1137 3755 sunt.
1181 3692 1262 3767 Quid
1281 3697 1422 3777 quaeris?
1454 3697 1523 3778 Ego

169 3787 300 3854 totidem
318 3783 414 3847 sentio
438 3782 586 3856 stimulos,
610 3781 727 3862 quoties
750 3789 784 3841 tn
806 3780 854 3841 vel
878 3788 995 3861 tempus
1019 3800 1155 3868 excusas,
1179 3784 1228 3846 vel
1244 3795 1387 3866 quantum
1408 3786 1440 3848 in
1464 3805 1521 3847 ex-

159 3874 301 3938 cutione·
316 3873 526 3968 praestiteris,
559 3888 706 3934 recenses.
753 3867 864 3931 Obruis
891 3889 937 3930 me
967 3890 1039 3932 sane
1067 3871 1156 3934 nimio
1185 3873 1244 3936 mei
1271 3875 1390 3937 studio:
1424 3893 1523 3968 neque

169 3966 285 4027 calamo
308 3965 338 4040 id
362 3964 489 4043 aequare
514 3960 641 4040 amplius
664 3974 795 4040 possum
831 3958 897 4021 Neo
920 3958 1016 4022 minus
1037 3970 1156 4039 gratae
1165 3981 1256 4043 quam
1276 3965 1427 4041 salutares
1450 3963 1525 4027 sunt

168 4051 371 4133 intersparsae
405 4049 632 4114 admonitiones.
678 4048 728 4109 Ad
757 4046 875 4110 unicum
902 4049 939 4110 de
970 4049 1061 4111 nimia
1088 4069 1156 4112 mea
1181 4051 1331 4115 breuitate
1365 4060 1396 4114 et
1427 4073 1524 4134 παρα

170 4144 276 4222 βασιιι
298 4141 496 4228 respondeo'
488 4160 517 4202 ιι
540 4155 666 4218 genere;
689 4155 747 4198 non
770 4129 947 4216 obloquendi
972 4139 1094 4214 animo,
1090 4141 1161 4201 ιιι
1185 4151 1218 4214 ut
1242 4141 1346 4204 videas
1370 4143 1525 4206 fortunam

169 4250 277 4294 meam.
325 4224 400 4293 Cum
424 4230 570 4291 neminem
597 4228 690 4289 sciam
719 4226 747 4287 in
775 4226 827 4288 illo
855 4226 1022 4289 clarissimo
1051 4230 1158 4292 lumine
1188 4239 1307 4292 vestrae
1335 4232 1522 4310 academiae,

172 4322 220 4402 qui
243 4340 310 4386 mea
339 4321 481 4400 dogmata
510 4317 584 4380 data
610 4317 773 4396 impeteret
796 4315 911 4397 operia:
940 4317 1078 4379 inventus
1110 4327 1158 4381 est
1190 4320 1218 4380 in
1252 4320 1308 4382 hac
1336 4321 1465 4383 obscura
1490 4331 1525 4390 et

171 4410 333 4473 tenebrosa
355 4408 503 4483 barbarie,
528 4408 587 4487 qni,
611 4425 675 4468 oum
699 4407 766 4486 plns
790 4405 959 4485 intelligere
983 4425 1040 4468 non
1064 4416 1179 4486 posset,
1204 4409 1299 4473 solum
1318 4409 1390 4472 illud
1405 4411 1524 4474 calum-

172 4501 246 4563 niari
270 4500 307 4561 ad
328 4493 469 4578 'proceres
495 4506 670 4570 ansus-est,
695 4497 837 4575 pleraque
862 4515 898 4555 ιιι
923 4494 1087 4574 Copemico
1112 4497 1250 4559 desnmta
1272 4495 1365 4561 stab
1389 4518 1423 4561 eo
1448 4507 1523 4564 ante

170 4591 281 4654 multos
306 4605 400 4650 annos
424 4586 513 4647 dicta.
551 4584 630 4656 Quid
655 4585 767 4663 agam?
798 4585 912 4686 Neque
923 4584 1105 4665 hypotheses
1123 4605 1207 4648 meae
1227 4597 1307 4663 suut,
1332 4607 1427 4670 neque
1452 4609 1523 4653 cor-

170 4702 254 4764 pora
293 4678 427 4741 Tantum
445 4690 505 4757 ego
519 4676 622 4753 Qnexui
660 4675 704 4736 At
727 4672 792 4753 quis
817 4693 855 4736 ex
877 4672 1023 4752 imperitis
1047 4673 1150 4736 harum
1169 4695 1276 4753 rernm,
1300 4678 1424 4740 audiens
1442 4678 1523 4742 hanc

172 4755 351 4841 calumniam
375 4784 414 4828 ex
430 4783 481 4841 eo,
506 4782 592 4848 quem
610 4763 735 4826 doctum
757 4770 904 4860 autumat,
929 4762 985 4826 hoo
1007 4770 1098 4843 pacto
1121 4764 1239 4831 institui
1261 4773 1371 4857 potest,
1397 4775 1433 4829 ut
1454 4786 1523 4833 enm
