3366 5482
657 273 744 318 eonas
761 267 859 319 Ursum.
1371 271 1435 339 257

72 443 127 487 nec
155 425 256 504 ipsum
282 431 396 506 potest.
442 424 523 487 Nam
552 425 596 488 sic
625 426 743 506 quidem
773 428 899 507 planeta
925 427 1120 507 retrogradus
1149 428 1248 505 lieret,
1283 438 1317 493 at
1348 431 1437 496 simul

73 512 267 576 latitudinem
299 513 457 594 aequalem
490 515 625 576 efficeret
656 516 919 596 retrogradationi.
972 517 1037 578 Nec
1070 516 1192 579 tertium
1221 538 1290 580 esse
1321 528 1435 599 potest

72 602 153 665 Nam
180 602 307 682 planeta
334 602 364 663 in
392 602 488 664 latum
510 604 669 665 veheretur
692 605 737 666 cis
768 611 799 665 et
821 605 901 666 ultra
925 605 1105 684 eclipticam.
1150 606 1186 666 In
1215 607 1261 668 his
1285 609 1435 688 angustiis

74 690 165 753 aliter
187 699 328 753 statuere
351 710 411 753 non
430 709 567 772 possum,
593 712 682 773 quam
707 694 786 773 quod
810 701 863 755 aut
885 694 1072 755 Aristoteles
1096 694 1135 755 ad
1157 693 1275 772 Eudoxi
1299 697 1437 760 delinea-

74 779 186 842 tionem
215 780 398 860 respiciens,
433 780 482 860 qui
511 782 622 843 lineam
655 801 692 842 ex
716 783 810 842 Terra
836 801 891 862 per
921 791 1026 845 centra
1049 783 1249 863 epicyclorum
1278 785 1435 862 educebat,

73 869 157 931 illam
186 888 275 930 axem
298 869 446 948 sphaerae
478 889 531 930 sen
555 870 681 951 epicycli
705 869 937 946 existimaverit,
971 872 1097 951 ideoque
1126 871 1212 950 polos
1236 872 1290 934 illa
1312 883 1434 953 puncta,

73 957 181 1037 quibus
205 958 287 1020 linea
309 959 474 1038 epicyclnm
494 961 635 1033 secabat;
659 968 713 1020 aut
726 967 818 1033 certe,
844 960 914 1040 quia
935 961 1053 1022 ratione
1069 959 1171 1039 optica
1193 961 1256 1022 tale
1271 962 1436 1042 episphae-

74 1046 138 1108 riou
164 1045 300 1126 injusto
323 1046 385 1108 situ
408 1047 446 1108 ad
471 1048 592 1126 planum
616 1048 775 1127 eclipticae
790 1048 866 1110 visui
881 1049 1170 1128 perpendiculariter
1184 1049 1336 1128 objectum
1351 1051 1435 1132 pingi

73 1135 192 1215 nequit,
223 1135 293 1216 quin
315 1135 377 1215 poli
401 1144 433 1196 et
456 1144 592 1198 centrum
621 1138 756 1217 adeoque
790 1147 873 1198 totus
896 1138 963 1198 axis
986 1139 1016 1199 in
1041 1156 1129 1222 unum
1151 1148 1296 1217 punctum
1319 1140 1434 1202 coinci-

74 1224 158 1298 dant‚
184 1223 251 1303 ipse
276 1225 368 1287 etiam
381 1225 569 1286 Aristoteles
593 1235 698 1287 centra
721 1233 753 1286 et
775 1226 862 1305 polos
885 1227 1065 1299 confuderit,
1088 1245 1155 1289 cum
1173 1226 1300 1297 videret,
1324 1227 1434 1290 lineam

73 1333 110 1375 ex
135 1312 232 1374 Terra
259 1332 314 1393 per
342 1313 468 1395 epicycli
497 1323 632 1375 centrum
661 1323 761 1376 actam
790 1315 819 1376 in
848 1315 1018 1394 eclipticam
1045 1315 1122 1377 duci.
1169 1316 1276 1395 ltaque
1310 1317 1433 1392 factum,

74 1410 107 1463 ut
130 1401 334 1476 existimaret,
359 1413 473 1463 motum
496 1402 646 1482 sphaerae
670 1406 718 1476 (ut
742 1403 769 1464 is
792 1404 959 1484 epicyclum
982 1405 1132 1484 appellat)
1156 1424 1223 1464 esse
1248 1404 1328 1466 circa
1351 1405 1436 1467 illam

73 1491 194 1553 lineam.
240 1491 434 1553 Necessitate
458 1492 559 1570 itaque
584 1492 686 1553 adacti
711 1492 766 1552 hoc
790 1493 827 1554 de
842 1494 1011 1554 Aristotele
1035 1492 1229 1571 suspicemur,
1254 1494 1353 1555 etsie
1377 1513 1434 1555 ex-

73 1580 221 1658 plicemus
244 1577 412 1650 Eudoxum,
437 1580 545 1642 tertiae
570 1581 720 1660 sphaerae
744 1583 836 1660 (quae
852 1582 1003 1664 epinyclus
1023 1581 1114 1642 fuerit
1136 1601 1199 1654 seu,
1226 1589 1259 1642 ut
1272 1581 1435 1646 Aristoteli

72 1669 259 1748 placeamus,
285 1668 520 1748 episphaerium)
545 1681 679 1731 centrum
703 1680 735 1731 et
767 1671 889 1749 planum
916 1669 1046 1732 medium
1076 1670 1106 1730 in
1129 1671 1251 1749 planum
1275 1671 1434 1750 eclipticas

75 1757 283 1838 competiisse,
316 1765 351 1819 ut
373 1758 471 1819 lineae
494 1778 532 1819 ex
556 1759 651 1821 Terra
673 1776 727 1836 per
750 1768 884 1820 centrum
915 1758 1004 1837 hujus¹
1027 1758 1152 1838 epioycli
1177 1759 1291 1838 ejectae
1315 1759 1344 1820 in
1369 1759 1435 1821 sin-

73 1846 152 1926 gulis
180 1845 315 1926 planetis
346 1846 483 1926 singulae
508 1847 632 1920 suerint,
668 1848 697 1909 in
729 1846 753 1920 Q
783 1866 853 1908 vero
882 1854 913 1908 et
937 1849 958 1923 d
986 1847 1182 1908 coinciderint
1209 1856 1241 1908 et
1267 1867 1328 1909 una
1356 1848 1436 1910 linea

75 1936 200 1998 fuerint.
247 1935 282 1996 In
306 1935 456 1997 hervero
480 1936 572 1998 tertia
596 1936 675 1998 aliud
701 1936 921 2017 episphaerium
936 1936 1029 1996 fuisse
1044 1936 1251 2009 constitutum,
1276 1937 1359 2016 cujus
1374 1934 1436 2015 poli

73 2046 92 2086 a
120 2025 202 2105 polis
232 2023 343 2085 tertiae
372 2025 553 2086 declinarint
584 2033 669 2086 tanto
700 2026 814 2104 spatio,
849 2031 992 2105 quantum
1015 2024 1185 2085 sufficiebat
1214 2024 1434 2088 latitudinibus.

72 2112 115 2176 Et
144 2112 245 2195 quarti
275 2112 395 2194 quidem
424 2123 507 2175 motu
538 2113 569 2174 in
598 2115 813 2194 consequentia
839 2114 992 2192 planetam
1025 2121 1057 2173 et
1087 2113 1115 2173 in
1147 2113 1241 2174 latum
1264 2113 1380 2191 digredi
1404 2120 1438 2176 et

75 2202 288 2282 retrogradum
311 2201 341 2263 in
365 2203 424 2264 imo
449 2203 574 2283 epicycli
597 2203 674 2276 lieri,
708 2203 791 2263 tertii
814 2221 884 2262 vero
908 2210 990 2263 motu
1014 2202 1045 2261 id
1069 2201 1160 2274 effici,
1192 2210 1226 2263 ut
1248 2202 1373 2280 planeta
1396 2202 1438 2264 sit

74 2291 104 2352 in
127 2290 263 2353 maxima
285 2290 462 2366 latitudine,
488 2292 553 2371 jam
577 2292 656 2371 apud
680 2290 797 2364 Solem,
821 2292 884 2370 jam
909 2291 938 2352 in
963 2291 1028 2370 ejus
1052 2291 1206 2371 opposito,
1226 2290 1344 2370 jamin
1367 2298 1436 2353 ste-

75 2379 209 2443 tionibus
233 2379 288 2442 dcc.

164 2466 309 2549 Sequitur
332 2466 362 2528 in
376 2467 561 2529 Aristotele:
586 2465 754 2547 „Calippns
777 2476 877 2529 autem
902 2464 1083 2546 positionem
1106 2466 1225 2547 quidem
1240 2467 1437 2546 sphaerarum

76 2557 205 2621 eandem
228 2576 295 2618 cum
318 2555 445 2618 Eudoxo
468 2557 578 2635 posuit,
604 2565 666 2617 turn
690 2564 722 2618 et
746 2556 907 2618 intervalla
930 2556 1050 2617 eadem:
1079 2574 1168 2634 porro
1192 2555 1229 2626 ei,
1255 2575 1331 2636 quae
1349 2555 1436 2619 Jovis

76 2656 107 2709 et
139 2665 219 2727 qnae
247 2644 387 2717 Saturni,
419 2646 546 2707 eandem
574 2645 770 2723 sphaerarum
801 2645 1023 2707 multitudinem
1055 2644 1287 2725 (quantitatem)
1319 2645 1437 2707 dedit.“

76 2736 110 2798 In
134 2731 156 2815 ij
180 2743 215 2797 et
236 2733 267 2808 il
289 2733 410 2813 penitus
433 2734 507 2796 nihil
531 2734 667 2808 mutavit,
692 2754 763 2796 nam
786 2734 1020 2814 inaequalitates
1040 2751 1142 2796 eorum
1165 2753 1259 2795 causa
1282 2734 1328 2795 sni
1343 2734 1436 2809 orbis,

75 2833 200 2904 propter
218 2823 339 2885 tardum
362 2841 462 2883 eornm
486 2823 624 2898 reditum,
650 2842 706 2884 nec
728 2824 793 2904 ipse
817 2822 946 2902 quidem,
972 2816 1106 2902 quamvis
1130 2822 1317 2901 professione
1332 2831 1436 2884 astro-

77 2932 193 2987 nomus,
219 2912 460 2973 animadvertere
483 2919 614 2991 poterat.
661 2911 749 2987 „Soli
773 2930 844 2972 vero
867 2920 898 2972 et
916 2911 1021 2971 Lunae
1046 2911 1121 2972 duas
1144 2910 1266 2989 iusuper
1289 2911 1435 2990 adjicien-

77 3002 131 3065 das
157 2999 360 3075 existimavit,
385 2999 411 3060 si
435 3001 682 3079 quis-praestare
707 3002 810 3073 debet,
835 3019 911 3081 quae
935 3006 1100 3077 apparent:
1126 2998 1248 3077 reliquis
1273 3017 1343 3060 vero
1366 3000 1437 3078 pla-

78 3083 158 3154 netis
180 3089 340 3170 unicuique
364 3089 487 3152 unam.“
534 3087 679 3168 Calippus
703 3109 761 3151 nou
785 3087 1029 3169 philosophorum
1057 3087 1147 3149 alicui
1170 3096 1272 3148 sectae
1297 3088 1437 3150 addictus

78 3181 152 3254 (non
176 3187 350 3241 recensetur
374 3178 453 3238 enim
476 3198 495 3239 a
517 3179 645 3239 Laertio
668 3178 747 3240 inter
770 3178 994 3258 philosophos),
1024 3176 1079 3237 sed
1107 3185 1142 3237 ut
1165 3175 1226 3237 dixi
1249 3177 1436 3255 professione

79 3279 287 3344 astronomus,
315 3267 519 3328 astronomica
552 3268 698 3328 tractavit
726 3285 820 3346 eaque
849 3264 1019 3327 accuratius
1048 3283 1137 3345 quam
1160 3265 1304 3326 Eudoxus
1337 3266 1439 3344 philo·

79 3358 208 3439 sophus,
237 3374 385 3436 quaereus
410 3355 640 3418 concinnitates.
687 3356 914 3421 AnInradvertit
941 3354 1032 3434 igitur
1056 3353 1267 3416 observatione
1291 3353 1436 3433 diligenti,

81 3444 133 3524 Θ,
157 3449 198 3520 (‚
223 3453 266 3519 d,
289 3443 368 3522 M
401 3444 501 3523 plures
525 3444 624 3505 inesse
648 3444 894 3523 inaequalitates,
920 3462 1008 3524 qnam
1021 3442 1141 3505 Eudoxi
1164 3445 1265 3504 ferunt
1286 3443 1438 3523 hypothe-

79 3554 140 3599 ses:
167 3553 236 3598 eam
259 3552 302 3595 sc.
328 3552 404 3613 quae
428 3542 597 3612 respectum
621 3533 714 3595 lr'abet
742 3533 780 3594 ad
799 3541 904 3613 partes
927 3533 1052 3606 zodiaci,
1078 3551 1167 3613 quam
1181 3532 1439 3593 eccentricitatem

80 3624 214 3688 dicimus.
261 3624 368 3702 ltaque
398 3622 500 3683 orbem
528 3640 617 3684 nnnm
644 3621 771 3702 singulis
799 3622 933 3695 addidit,
962 3621 1012 3701 qui
1043 3629 1140 3683 utrum
1170 3619 1320 3701 epinyclus
1349 3618 1440 3681 suerit

81 3734 115 3776 en
139 3714 281 3775 deferens
304 3710 504 3772 eccentricum
524 3712 696 3790 (utrumque
720 3711 798 3772 enim
822 3710 885 3772 fieri
908 3709 1020 3789 potuit,
1052 3709 1148 3788 magis
1180 3717 1280 3770 tamen
1305 3709 1376 3782 hoc)
1400 3725 1439 3769 ex

81 3801 123 3864 his
145 3800 249 3866 verbis
272 3799 392 3861 decerni
416 3798 527 3878 nequit.

165 3890 226 3953 Hie
253 3888 347 3968 igitur
374 3887 569 3967 incongruam
593 3889 811 3949 Fracastoreus
845 3887 933 3948 affert
961 3883 1256 3965 interpretationem
1285 3883 1380 3962 primo
1407 3884 1438 3946 in

64 3979 149 4060 *Sole
173 3988 207 4041 et
229 3978 329 4050 Luna,
353 3976 406 4051 sit,
432 3976 518 4037 binos
543 3976 680 4056 utrinque
705 3976 827 4036 additos
851 3995 870 4035 a
894 3973 1032 4054 Calippo,
1057 3975 1200 4053 quisunt
1223 3972 1343 4052 singuli,
1368 3991 1439 4035 eos-

83 4089 133 4149 que
159 4069 205 4130 sic
229 4073 490 4144 comparatosut
512 4066 689 4126 tarditatem
713 4073 745 4125 et
768 4064 971 4137 velocitatem,
997 4082 1072 4143 quae
1096 4062 1126 4123 in
1149 4070 1274 4141 utroque
1299 4069 1438 4140 apparet,

82 4175 227 4238 quamque
258 4153 410 4235 positione
442 4153 678 4215 eccentricitatis
709 4172 763 4214 nos
796 4153 956 4226 efficimus,
990 4151 1146 4216 inveheret
1179 4150 1374 4212 luminaribus
1407 4157 1441 4213 et

83 4246 199 4309 ordinet
221 4245 369 4324 sphaeras
393 4241 432 4302 ad
455 4242 574 4303 modum
603 4243 863 4303 homocentrorum
883 4260 1013 4302 suorum.
1062 4236 1157 4307 Quasi
1177 4238 1266 4301 modo
1289 4247 1351 4299 tam
1377 4239 1438 4302 uit-

83 4334 146 4399 hcili
160 4334 284 4397 ‘neunt
305 4331 351 4392 usi
373 4340 504 4405 veteres,
529 4331 614 4410 isque
638 4329 759 4392 silentio
783 4351 802 4391 a
825 4329 1039 4391 recentioribus
1063 4327 1154 4388 fuerit
1177 4329 1324 4406 sepultus.
1371 4328 1438 4388 Ve-

82 4443 141 4486 rum
163 4430 225 4498 est,
247 4419 337 4482 orbes
359 4419 417 4480 hos
439 4438 508 4480 esse
531 4427 656 4500 propter
679 4418 946 4491 eccentricitatem,
972 4417 1025 4478 sed
1041 4415 1150 4495 singuli
1173 4414 1333 4490 sufficiunt,
1360 4414 1440 4496 quod

83 4511 197 4575 videtur
226 4510 390 4590 desperare
412 4509 647 4582 Fracastoreus,
680 4507 791 4587 singuli
815 4525 858 4568 sc.
884 4505 1009 4587 epicycli
1038 4512 1092 4567 sut
1118 4503 1232 4566 circelli
1260 4504 1340 4565 circa
1363 4521 1436 4565 cen·

82 4609 167 4677 unm,
191 4599 220 4663 si
242 4595 332 4669 simul
353 4613 547 4676 progressum
561 4614 764 4675 apogaeomm
784 4596 904 4657 efficere
917 4594 1062 4656 Eudoxus
1077 4592 1182 4653 voluit.
1224 4592 1289 4653 Nec
1308 4592 1345 4652 de
1359 4590 1439 4652 binis

82 4689 225 4770 uinisque
252 4683 433 4751 Aristotelis
459 4684 556 4748 verba
586 4693 707 4748 sonant.
756 4683 874 4746 Deinde
907 4683 992 4745 illum
1024 4681 1054 4742 in
1082 4680 1196 4771 ceteris
1218 4681 1438 4742 Fracastoreus

79 4784 167 4860 putat
186 4775 337 4848 additum
358 4779 484 4856 propter
506 4791 610 4837 earum
632 4774 671 4836 ab
694 4779 859 4855 aequatore
883 4769 1123 4844 declinationem,
1149 4768 1189 4831 ad
1206 4785 1342 4831 normam
1355 4767 1439 4832 Solis

128 4876 335 4934 mml-
1192 4868 1226 4925 17
