3366 5482
165 259 232 331 348
441 264 500 350 '.
594 229 1107 332 remaque-samm

117 412 122 422 ’
167 426 297 506 Opticis.
344 427 387 487 Tn
412 436 518 488 contra
542 427 603 487 ais:
631 425 664 500 l)
686 427 836 507 puriorem
861 429 921 489 illis
944 448 1013 489 esse
1036 434 1147 490 aerem.
1193 430 1238 490 Ar
1261 446 1320 488 non
1344 427 1528 508 seqnituret

165 515 360 578 humiliorem.
409 513 504 579 Calor
525 525 688 590 extenuat,
722 517 860 578 tenuiora
881 517 1014 595 puriora
1061 515 1154 580 Calor
1177 536 1264 596 ergo,
1298 516 1350 596 qni
1372 516 1525 597 puritatis,

164 605 245 666 idern
260 604 428 667 altitudinis
442 626 545 678 causa,
562 605 631 686 quia
645 615 736 683 auget
751 613 873 667 aerem:
898 607 927 667 in
943 614 1015 668 aere
1036 606 1115 668 enim
1129 606 1264 686 quotidie
1279 605 1424 684 gignitur,
1447 607 1526 686 qnod

165 693 196 755 in
221 702 309 754 nocte
332 695 440 755 iterum
464 695 582 774 cogitur
606 697 634 755 in
654 712 737 755 rores
760 714 815 772 per
839 695 932 771 frigus
956 714 1127 773 supernum.
1174 693 1211 767 2)
1236 694 1313 755 Ais:
1338 694 1400 756 cito
1413 713 1526 773 perva-

166 783 237 845 dere
261 791 477 864 tempestates,
507 803 577 844 esse
601 783 693 861 igitur
715 783 856 844 humilem
881 784 920 844 ibi
945 791 1057 844 aerem.
1104 785 1221 844 Bonum
1245 792 1471 861 argumentum,
1500 784 1526 844 si

166 872 275 933 bonnm
298 880 382 934 esset
406 880 580 934 assumtum.
619 873 698 933 Nam
721 892 787 933 cum
810 872 839 933 in
864 873 995 934 borealis
1020 872 1125 934 oceani
1141 871 1335 950 navigatione
1356 875 1425 952 lego
1440 871 1525 934 subi-

165 970 216 1021 tas
239 969 450 1041 tempestates,
475 970 667 1040 argumentor
690 960 755 1040 ipse
779 981 905 1042 quoque,
931 961 1070 1022 humilem
1095 981 1163 1022 esse
1187 968 1297 1033 aerem,
1322 955 1418 1023 it'ant
1432 980 1527 1041 vapor

166 1062 311 1111 exterra
334 1051 500 1112 ascendens
524 1051 624 1111 subito
649 1050 676 1110 in
703 1050 994 1128 frigus·aetbereuur
1019 1051 1166 1122 incurrat,
1201 1059 1345 1130 superato
1370 1049 1452 1112 airis
1477 1051 1525 1110 fa·

167 1138 268 1216 stigio.
313 1139 355 1201 Et
378 1147 411 1200 tu
433 1139 588 1220 pulchram
616 1139 858 1200 observationem
889 1140 989 1212 addis,
1018 1140 1208 1201 utilissimam
1238 1139 1440 1217 speculationi
1464 1139 1518 1200 fnl-

166 1227 288 1296 minum‚
313 1229 390 1308 qnod
414 1229 494 1308 apud
519 1248 572 1288 vos
597 1247 654 1288 non
678 1228 722 1288 ita
746 1229 939 1288 fulminentur
961 1236 1055 1301 tecta,
1079 1229 1156 1289 utin
1173 1226 1341 1288 Germania
1360 1229 1523 1308 superiore.

167 1314 270 1378 Causa
301 1327 403 1378 tamen
435 1317 525 1396 panlo
554 1317 642 1377 aliter
675 1316 867 1396 accipienda,
901 1336 1007 1396 nempe
1041 1336 1099 1378 non
1132 1324 1186 1377 aer
1209 1324 1329 1389 terrae,
1364 1318 1420 1377 sed
1444 1327 1526 1378 terra

166 1405 229 1466 aeri
253 1414 301 1466 eet
324 1407 452 1484 propior.
498 1407 590 1467 Aeris
615 1425 727 1485 aequor
749 1406 899 1485 aequabili
923 1406 1095 1484 superficie,
1124 1407 1237 1466 Terrae
1265 1415 1336 1465 sunt
1363 1405 1523 1485 profundi·

164 1502 263 1566 tates,
298 1504 332 1555 ut
359 1502 503 1556 montana
526 1496 589 1555 sint
612 1494 698 1574 qnasi
727 1495 860 1572 scopuli,
889 1503 920 1555 et
944 1495 1080 1573 superior
1109 1493 1275 1555 Germania
1303 1495 1389 1573 quasi
1414 1504 1521 1576 syrtes.

163 1583 205 1643 Et
227 1583 311 1642 soleo
334 1583 403 1644 hinc
426 1583 639 1662 argumentari,
664 1602 756 1662 qnare
780 1584 936 1644 cacumina
961 1581 1171 1644 fulminantur:
1201 1583 1325 1660 spiritus
1348 1584 1429 1644 enirn
1453 1602 1522 1662 per-

164 1672 274 1750 rumpit
298 1671 449 1733 humidnm
474 1679 588 1745 aerem,
623 1691 682 1751 qua
704 1673 908 1732 tenuissimus.
957 1671 1017 1732 Sed
1043 1683 1144 1732 tamen
1169 1672 1244 1730 haec
1267 1673 1392 1732 obstare
1418 1672 1521 1733 videu-

163 1770 230 1823 tur:
271 1760 305 1832 1)
329 1761 475 1822 Bohemia
498 1780 555 1821 non
579 1762 683 1822 crebro
708 1761 820 1838 petitur
844 1761 1026 1833 fulminibus,
1052 1762 1225 1820 esttamen
1250 1761 1333 1832 alra,
1359 1762 1399 1821 ad
1424 1760 1521 1822 fontes

162 1868 206 1911 sc.
231 1849 335 1924 Albis;
360 1850 389 1910 id
413 1849 590 1931 praesertim
605 1850 686 1910 circa
701 1849 840 1928 Pragam.
888 1848 924 1922 2)
948 1849 1090 1911 Secunda
1109 1869 1210 1921 causa,
1235 1866 1288 1910 cur
1302 1858 1450 1911 montana
1465 1849 1521 1910 fnl-

161 1938 320 2013 minentur,
345 1949 402 2012 est,
428 1939 498 2019 quia
520 1947 639 2000 montes
664 1945 734 1998 sunt
757 1938 895 1999 officinae
920 1947 1131 1999 meteororum.
1178 1935 1216 2010 3)
1241 1936 1321 1998 Sunt
1335 1949 1441 2000 certae
1456 1958 1521 1999 nra-

162 2027 269 2099 teriae,
294 2047 369 2105 quae
393 2029 498 2089 crebro
524 2028 727 2089 fulminantur.
775 2029 873 2106 lgitnr
894 2028 1035 2088 videntur
1058 2028 1196 2087 emittere
1221 2027 1419 2106 spirituosum
1442 2027 1520 2090 bali-

162 2125 235 2189 tnm,
260 2116 308 2196 qui
334 2116 487 2178 fulminum
511 2117 655 2196 impetum
678 2116 708 2175 in
732 2135 800 2176 sese
825 2116 1018 2177 similitudine
1034 2115 1180 2177 materiae
1201 2116 1342 2176 invitant.
1389 2113 1427 2189 l)
1452 2117 1521 2177 Ful·

162 2203 273 2266 minnm
297 2215 406 2266 natura
429 2205 546 2277 eadem,
571 2225 647 2286 qnae
672 2204 736 2266 auri
761 2205 893 2266 fulminei
918 2203 1153 2284 (Scblaggold);
1185 2203 1339 2264 incensum
1363 2207 1444 2268 enim
1468 2224 1521 2265 non

163 2312 281 2354 sursum
306 2293 420 2367 nititur,
446 2295 498 2354 sed
524 2295 673 2365 deorsum,
698 2292 727 2354 in
748 2293 907 2354 adversum
927 2294 1012 2372 qnasi
1031 2293 1155 2353 humori.
1202 2293 1244 2352 Et
1266 2293 1296 2353 in
1314 2293 1426 2354 fodinis
1442 2293 1520 2355 anri-

165 2382 236 2442 feris
266 2383 366 2443 solent
393 2403 431 2443 ex
456 2383 593 2461 fuligine,
628 2401 703 2462 quae
738 2382 882 2443 lateribus
915 2384 1092 2463 abyssorum
1126 2381 1333 2456 adhaerescit,
1368 2384 1520 2462 ingruente

163 2471 286 2532 humida
310 2480 489 2550 tempestate
514 2471 645 2533 existere
669 2491 759 2532 casus
783 2471 937 2533 fulminum
961 2470 1112 2538 similium,
1137 2470 1186 2550 qui
1202 2478 1312 2531 necant
1335 2471 1475 2534 homines
1495 2471 1520 2530 in

162 2567 319 2639 puteorum
343 2559 509 2634 (Schacbt)
534 2561 644 2622 fundis.
693 2558 828 2622 Censent
851 2559 1022 2633 metallarii,
1048 2559 1201 2638 fuliginem
1218 2559 1299 2620 illam
1324 2579 1448 2621 auream
1469 2561 1522 2620 hu·

163 2648 243 2709 mido
266 2655 337 2710 aere
360 2649 498 2722 incendi,
532 2668 625 2729 quare
649 2650 697 2712 hic
728 2667 844 2729 quoque
873 2648 985 2710 fulmen
1019 2648 1087 2708 hoc·
1109 2666 1232 2709 aureum
1259 2649 1409 2728 profunde
1438 2650 1520 2729 petit

164 2737 229 2798 Hae
253 2738 438 2816 objectiones
461 2739 586 2819 ancipiti
619 2748 650 2799 et
682 2757 774 2799 caeca
806 2757 908 2816 pugna
943 2738 1079 2797 feruntur
1111 2736 1140 2797 in
1164 2756 1287 2798 causam
1311 2745 1415 2809 tuam,
1450 2756 1522 2817 quac

163 2825 241 2887 aliris
264 2827 334 2887 milri
359 2846 474 2907 qnoque
497 2847 556 2888 non
580 2827 728 2904 displicet.
777 2825 837 2885 Sed
863 2836 930 2886 utut
953 2827 1003 2898 sit,
1029 2837 1105 2895 esto,
1130 2826 1179 2886 ubi
1205 2826 1284 2886 citae
1309 2834 1521 2905 tempestates,

164 2924 198 2976 ut
220 2916 259 2975 ibi
285 2917 404 2975 humilis
429 2925 491 2988 aer,
517 2916 583 2976 dico
607 2917 672 2979 tibi.
697 2915 752 2975 sub
776 2917 891 2976 torrida
916 2934 972 2974 non
997 2914 1076 2974 citas
1090 2924 1301 2991 tempestates.
1343 2916 1422 2976 Nam
1447 2915 1521 2977 unde

162 3012 194 3064 tu
217 3004 348 3084 probas?
384 3003 465 3075 Quia
488 3006 638 3066 adortum
660 3004 824 3065 nubeculae
848 3004 953 3064 statim
968 3003 1057 3063 adest
1082 3003 1162 3063 furor
1185 3012 1353 3066 ventorum.
1392 3005 1521 3066 Pulchra

163 3092 350 3164 observatio:
374 3094 485 3155 similia
507 3094 537 3156 in
560 3093 657 3155 sacris
681 3094 836 3167 habemus,
862 3111 928 3153 cnm
951 3091 1037 3154 Elias
1061 3091 1177 3153 coelum
1191 3091 1364 3154 recluderet
1378 3093 1520 3155 imbrem·

164 3201 219 3261 que
244 3183 273 3242 in
297 3182 417 3244 Achabi
440 3191 532 3263 caput
555 3182 780 3263 praecipitaret.
828 3180 891 3242 Sed
919 3199 977 3240 non
1000 3180 1094 3240 vincit
1121 3181 1319 3258 propositum.
1365 3181 1523 3243 Nubecula

50 3340 56 3352 ι
163 3270 282 3349 signum
305 3280 355 3332 est
377 3272 603 3352 copiosissimae
623 3271 779 3341 materiae,
799 3271 863 3348 jam
887 3269 916 3330 in
931 3269 1086 3347 procinctu
1109 3269 1231 3343 stantis,
1257 3289 1314 3329 non
1337 3289 1444 3344 causa
1469 3291 1523 3332 nou

162 3369 270 3422 nrater.
318 3358 370 3420 Sic
394 3360 424 3421 in
448 3359 566 3443 Styria,
591 3380 658 3421 cum
682 3377 768 3420 mons
792 3358 922 3419 Schekel
945 3358 1026 3437 pileo
1050 3358 1181 3435 tegitur,
1215 3358 1319 3436 phrasi
1347 3359 1522 3432 incolarum,

162 3455 301 3509 manente
324 3448 404 3528 pileo
427 3470 482 3511 nec
506 3468 655 3531 quoquam
670 3448 795 3523 dimoto,
819 3447 926 3508 existit
939 3446 1052 3526 pluria,
1076 3446 1211 3507 oriuntur
1234 3447 1273 3508 ad
1288 3448 1410 3510 oculum
1431 3448 1523 3510 nubes

162 3536 191 3598 in
214 3537 351 3617 partibus
375 3539 450 3600 coeli
474 3539 598 3610 serenis,
623 3535 759 3599 collectis
783 3556 826 3598 sc.
851 3544 884 3598 et
906 3535 945 3596 ad
968 3535 1087 3596 oculum
1111 3534 1248 3597 densatis
1272 3536 1447 3617 vaporibus.

231 3644 422 3695 Fabricius:
448 3644 512 3695 Solia
536 3651 562 3694 et
587 3644 675 3694 Lunae
698 3642 802 3706 eclipses
825 3642 1001 3706 utplurimum
1027 3640 1149 3691 inducunt
1176 3641 1235 3692 illae
1263 3648 1362 3699 aestus.
1388 3645 1524 3700 nccitates,

161 3714 210 3765 bae
228 3714 396 3764 humiditates.
434 3715 472 3764 Tu
490 3718 515 3764 in
535 3717 613 3765 Terra
630 3716 789 3779 praecipuam
808 3728 912 3763 causam
930 3714 1041 3778 quaene.
1068 3712 1111 3761 red
1130 3711 1202 3761 valde
1222 3713 1336 3762 absurde.
1375 3714 1456 3764 Terra
1473 3716 1522 3780 qui·

162 3787 217 3836 rlern
235 3801 338 3850 vapores
358 3793 384 3836 et
401 3787 452 3836 alia
470 3794 548 3843 creat,
568 3787 611 3836 red
631 3801 647 3835 a
665 3786 783 3850 singulan'
802 3788 891 3834 virtute
910 3785 1003 3834 Terrae
1021 3783 1066 3832 illa
1084 3785 1179 3832 exuunt
1198 3799 1248 3833 non
1267 3784 1358 3842 credor
1378 3786 1477 3835 eoelum
1495 3799 1524 3835 aa

161 3857 236 3907 elicit.
272 3856 409 3907 Ventorum
428 3873 523 3922 quoqne
548 3859 622 3908 datus
641 3858 729 3907 diversi
752 3859 834 3906 irritas
852 3870 927 3920 saepe
950 3855 1057 3904 reddunt
1081 3863 1227 3918 aspectuum
1246 3857 1414 3919 operationes.
1452 3857 1524 3911 Vide,

161 3943 193 3978 ne
212 3942 300 3979 noram
320 3930 491 3979 constituendo
510 3930 712 3993 meteorologiam
736 3929 805 3979 coelo
824 3929 938 3990 iniuriam
956 3927 1052 3984 facias,
1071 3941 1114 3989 pro
1133 3926 1240 3989 planetis
1258 3928 1365 3977 inducas
1381 3927 1525 3993 Neptunum

161 4007 189 4049 et
207 4000 269 4050 alios
288 3999 364 4050 Deos.

249 4089 454 4170 Keplerns:
478 4089 712 4150 Absurditatem
726 4088 867 4168 Neptuno
891 4105 957 4148 meo
981 4085 1145 4165 e'nonrporp
1161 4086 1303 4167 imputas,
1328 4105 1427 4150 cansa
1445 4091 1525 4152 nulla

161 4178 277 4252 allata;
302 4179 452 4240 tacuisses
467 4179 573 4240 eodem
588 4179 718 4239 foenore.
758 4176 854 4256 Igitur
876 4176 969 4237 verba
985 4184 1037 4236 tua
1052 4176 1213 4254 usurpabo,
1239 4178 1397 4240 sententia
1416 4199 1524 4242 versa:

161 4267 277 4329 coelum
301 4268 421 4347 quidem
445 4267 583 4329 stimulat
604 4268 738 4339 Terram,
763 4267 817 4327 sed
841 4286 860 4326 a
883 4265 1029 4344 singulari
1054 4265 1183 4344 quadam
1208 4264 1321 4328 virtute
1345 4267 1426 4329 coeli
1450 4269 1527 4330 citra

161 4356 290 4419 Telluris
315 4374 438 4434 operam
460 4374 589 4436 vapores
614 4375 650 4417 ex
675 4356 770 4416 Terra
792 4353 862 4416 elici
885 4372 942 4415 non
967 4354 1074 4427 credo;
1089 4354 1194 4415 ‘Terra
1217 4373 1270 4415 eos
1295 4357 1447 4419 extrudit

249 4445 297 4506 De
328 4452 486 4506 ventorum
515 4445 640 4524 imperio
668 4444 696 4506 in
726 4438 928 4525 tempestates
957 4443 1055 4503 sentio
1084 4451 1194 4505 tecum.
1241 4445 1287 4506 At
1310 4445 1473 4510 circuitum
1496 4457 1526 4509 et

160 4533 243 4597 vices
258 4552 360 4596 eorum
386 4553 490 4595 omnes
514 4534 707 4613 inquirendas
731 4533 933 4613 relinquamus
958 4531 1070 4593 nostris
1094 4531 1236 4612 posteris.
1284 4533 1391 4596 Pauca
1414 4537 1526 4600 scimus

162 4622 198 4685 de
223 4622 446 4685 universalibus
471 4643 508 4683 ex
534 4621 629 4684 Costa
642 4622 773 4684 Jesuita.

230 4731 414 4781 Fabricius:
443 4728 591 4789 Quaeritur.
619 4743 651 4778 an
670 4728 753 4779 lumen
771 4727 810 4777 rel
835 4727 903 4777 calor
922 4727 986 4776 Solis
1012 4733 1038 4777 et
1056 4726 1183 4776 stellarum
1208 4728 1241 4774 sit
1267 4727 1412 4778 reluiculunr
1430 4731 1527 4780 virtutis

159 4799 224 4851 illius
242 4799 341 4851 attulit
359 4800 397 4849 rel
417 4799 563 4850 influentiae
582 4799 755 4865 astrologicae.
794 4797 860 4848 Sunt
877 4799 997 4856 nonnulli,
1017 4798 1058 4863 qui
1077 4803 1180 4863 negant.
1200 4805 1300 4863 praeter
1311 4798 1378 4850 loeis
1395 4805 1425 4852 et
1438 4802 1528 4853 caloris
