3366 5482
761 254 845 322 Caput
861 256 931 309 m
999 223 1001 227 ι
1469 260 1531 341 149

165 415 333 473 extremam
361 419 394 473 et
420 412 550 474 mediam
577 414 725 475 rationem
753 417 829 478 secti
862 418 958 497 majus
986 428 1175 497 segmentum
1202 420 1263 483 AD
1345 446 1391 494 ru.
1409 442 1441 488 re.

165 506 212 559 est
239 498 322 560 latus
350 500 523 580 decanguli‚
555 504 630 580 quod
661 503 757 565 eidem
786 505 842 566 AB
867 507 977 568 circulo
1000 507 1121 568 inscribi
1144 518 1257 587 potest.

163 586 293 650 Juuctae
317 588 409 668 igitur
430 591 586 669 potentiae
606 590 661 653 AC
681 592 757 653 radii
781 595 873 655 totius
898 603 929 655 et
956 595 1013 656 AD
1036 595 1159 675 majoris
1184 617 1257 678 seg·
1291 631 1307 677 p

164 676 255 737 menti
278 676 381 757 hujus,
408 679 521 740 faciunt
547 680 712 757 potentiam
735 681 788 742 EF
812 683 916 744 lateris
940 684 1203 763 quinquangularis
1228 686 1257 746 iu

1305 526 1527 961 (Q

1462 941 1479 986 r

164 764 214 826 illo
248 766 360 829 circulo
394 766 498 846 (Eucl.
529 767 624 842 XIII,
666 764 729 842 10).
777 769 865 839 Quod
900 792 965 832 cum
1000 772 1041 833 sit
1073 773 1152 834 iuter
1184 775 1258 836 duos

164 854 322 1006 icosaedrg3
345 857 486 976 quesguloe,
523 856 581 918 erit
615 858 715 937 utique
749 858 828 919 latus
861 861 1009 922 icosaedri
1043 861 1144 932 (Eucl.
1170 862 1257 935 XIII,
1324 895 1337 936 ι

167 941 199 1004 lt
223 951 257 1005 et
281 942 294 1005 l
322 946 348 1016 ).
389 942 404 1022 l

249 1032 407 1093 Habemus
440 1031 539 1092 latera
567 1032 696 1094 omnium
725 1035 885 1113 figurarum
915 1035 943 1093 iu
973 1038 1164 1113 proportione
1194 1039 1232 1097 ad
1263 1034 1332 1094 axin
1362 1035 1443 1098 urbis
1468 1033 1529 1097 cir-

163 1121 346 1198 cumscripti.
394 1119 538 1199 Sequitur
565 1128 598 1180 ut
621 1122 723 1182 radios
747 1122 923 1184 clrculorum
946 1123 996 1201 qui
1020 1124 1144 1185 basibus
1174 1121 1457 1187 circumscribuntur
1479 1122 1528 1184 in·

163 1209 347 1287 vestigemus
381 1228 419 1269 ex
444 1209 510 1287 jam
543 1208 622 1269 notis
648 1211 808 1271 lateribus:
850 1211 880 1270 id
914 1211 991 1292 quod
1026 1212 1206 1274 adminiculo
1240 1211 1355 1274 sinuum
1385 1211 1527 1273 facillime

163 1305 340 1376 assequetur
359 1296 496 1377 quilibet,
516 1297 566 1376 qui
589 1299 752 1375 reputabit,
778 1299 824 1360 hic
849 1299 1095 1378 exquisitissimis
1120 1303 1252 1362 numeris
1278 1320 1335 1360 uon
1351 1319 1426 1378 opus
1446 1319 1528 1361 esse.

163 1385 195 1448 Si
217 1393 321 1446 tamen
346 1385 435 1447 alicui
458 1387 559 1465 placet
582 1386 773 1448 artificiosius
798 1387 951 1461 laborare,
987 1389 1013 1448 ei
1038 1390 1235 1451 fundamenta
1265 1388 1307 1451 rei
1339 1407 1376 1448 ex
1400 1387 1527 1450 Euclide

165 1493 320 1554 apponam.
361 1471 437 1535 Cum
452 1473 542 1553 igitur
557 1482 620 1535 tres
636 1476 744 1537 saltem
761 1477 873 1537 formae
895 1477 956 1536 sint
971 1476 1097 1547 basium,
1122 1478 1282 1554 triangula,
1310 1473 1529 1556 quadrangula,

165 1563 405 1643 quinquangula:
438 1563 465 1622 in
496 1562 730 1640 triangularibus
759 1565 876 1643 quidem
908 1566 986 1625 latus
1013 1564 1071 1625 GH
1096 1567 1161 1645 (lig.
1187 1566 1251 1639 18.)
1275 1572 1377 1644 potest
1405 1564 1526 1642 triplum

165 1651 290 1731 quaesiti
315 1650 390 1712 radii
415 1651 475 1725 HI,
500 1671 553 1731 per
580 1651 591 1712 i
600 1650 628 1712 2.
655 1672 745 1730 saepe
770 1653 911 1730 allegati;
941 1655 970 1714 in
996 1654 1142 1731 quadrato
1168 1657 1247 1716 latus
1277 1660 1380 1733 potest
1406 1652 1526 1730 duplum

165 1738 290 1819 quaesiti
315 1740 405 1801 radii:
431 1741 459 1801 iu
485 1739 704 1819 quinquangulo
721 1741 846 1820 denique
863 1740 920 1801 GH
943 1743 1047 1802 lateris
1072 1754 1103 1803 et
1118 1744 1176 1804 KH
1200 1744 1274 1804 sub·
1352 1765 1398 1815 ru.
1414 1759 1450 1804 ao.

165 1829 314 1890 tendentis
339 1829 493 1900 (datarum
517 1828 676 1902 linearum)
696 1830 821 1907 junctae
846 1831 999 1907 potentiae
1027 1841 1155 1909 possunt
1178 1833 1266 1912 quin·
1406 1831 1430 1875 u
1505 1886 1510 1901 ,

149 1918 276 1999 ¹tuplum
299 1916 376 1978 radii
391 1917 435 1978 HI
460 1918 599 1996 quaesiti,
625 1938 677 1997 per
692 1914 722 1979 4.
748 1919 978 1996 decimiquarti
996 1921 1157 1981 secundum
1173 1919 1266 1983 Cam-
1293 1886 1411 2008 fis
1424 1888 1509 2025 N

165 2021 279 2084 panum.
333 2006 486 2066 Habemus
524 2007 624 2067 radios
658 2008 832 2068 circulorum
871 2009 899 2067 in
938 2008 1061 2068 basibus
1100 2010 1127 2069 in
1164 2011 1268 2070 eadem

165 2095 363 2173 proportione,
389 2114 447 2174 qua
470 2096 576 2155 latera.
1304 2022 1338 2249 κ

247 2182 423 2245 Subtractis
457 2184 547 2262 igitur
579 2184 722 2264 potentiis
755 2184 905 2244 radiorum
943 2186 978 2243 de
1016 2186 1152 2263 potentia
1185 2187 1268 2246 sinus
1344 2260 1462 2308 ν

166 2273 262 2347 totius,
296 2273 345 2352 qui
379 2283 427 2332 est
456 2273 611 2351 quantitas
640 2272 856 2333 semidiametri
889 2273 952 2332 sive
981 2274 1057 2334 radii
1080 2274 1109 2334 in
1139 2275 1267 2334 clrcum-
1333 2275 1337 2308 ²

165 2361 288 2444 scripto,
325 2361 481 2423 restabunt
510 2371 542 2422 ut
573 2381 664 2438 supra
696 2361 854 2439 probatum
887 2370 934 2420 est
968 2363 1123 2440 potentiae
1152 2363 1301 2423 radiorum
1328 2383 1400 2442 quos
1426 2382 1521 2443 quae-

165 2449 266 2520 rimus,
296 2449 506 2527 inscriptorum
536 2450 652 2511 scilicet
681 2449 805 2510 orbium.
855 2447 1047 2511 Commodius
1081 2460 1180 2512 tamen
1211 2462 1242 2512 et
1271 2452 1387 2512 facilius
1417 2451 1520 2524 uteris,

148 2548 193 2599 .ut
214 2539 291 2610 dixi,
311 2538 449 2599 sinubus.

246 2626 309 2688 Sed
335 2627 382 2687 hle
407 2645 501 2705 neque
526 2627 587 2687 alia
608 2629 756 2705 quaedam
781 2627 1000 2705 praetereunda
1024 2627 1215 2707 compendia,
1241 2651 1276 2692 ne
1300 2628 1421 2689 nimium
1445 2646 1526 2706 ope·.

166 2735 225 2778 rose
248 2715 431 2777 laboremus.
479 2715 609 2775 Primum
634 2716 721 2777 orbes
745 2715 883 2793 inscripti
907 2715 1095 2776 dodecaedro
1121 2724 1152 2776 et
1170 2716 1326 2779 icosaedro
1348 2724 1418 2777 suut
1437 2716 1520 2795 ejus-

164 2805 223 2866 dem
253 2803 477 2884 amplitudinis,
507 2804 532 2863 si
560 2805 672 2882 figurae
702 2805 797 2864 eidem
821 2803 884 2864 orbi
913 2802 1124 2866 inscribantur.
1173 2806 1295 2866 Habent
1318 2807 1396 2866 enlm
1428 2807 1520 2866 bases

163 2893 309 2973 utriusque
338 2893 451 2972 figurae
480 2893 604 2954 eundern
635 2893 750 2954 radium
775 2893 874 2966 (Eucl.
900 2892 988 2963 XIV,
1013 2890 1058 2966 2).
1107 2893 1189 2953 Idem
1216 2895 1362 2974 judicium
1391 2901 1456 2954 esto
1482 2893 1519 2954 de

164 2982 228 3042 cubo
253 2991 286 3042 et
309 2981 464 3043 octaedro.
512 2982 589 3042 Nam
615 2982 680 3042 axis
703 2990 807 3060 potest
830 2981 951 3059 triplum
976 2982 1070 3042 cubici
1100 2983 1223 3056 lateris,
1256 2992 1286 3043 et
1315 2979 1369 3041 hoc
1394 2981 1522 3059 duplum,

163 3069 231 3130 radii
255 3070 285 3130 iu
311 3069 391 3143 basi,
422 3089 494 3148 ergo
518 3071 584 3129 axis
610 3078 712 3147 potest
734 3070 904 3149 sextuplum
929 3070 1004 3130 radii
1034 3070 1063 3131 in
1087 3070 1168 3131 basi:
1199 3071 1227 3131 in
1252 3070 1397 3132 octaedro
1422 3068 1516 3131 vicis-

164 3157 303 3219 eim'axis
328 3168 430 3237 potest
453 3158 574 3236 duplum
600 3159 717 3231 lateris,
748 3167 780 3220 et
803 3159 859 3219 hoc
884 3158 1002 3235 triplum
1029 3157 1105 3219 radii
1134 3158 1160 3219 in
1189 3159 1267 3220 basi
1314 3158 1422 3220 Potest
1446 3175 1518 3237 ergo

163 3246 246 3308 etiam
279 3247 328 3308 bic
357 3247 423 3307 axis
453 3248 621 3325 sextuplum
647 3248 732 3309 radii.
781 3245 857 3309 Cum
881 3266 952 3325 ergo
985 3247 1026 3306 sit
1050 3267 1086 3307 ex
1119 3248 1279 3329 hypothesi
1308 3247 1385 3308 idem
1414 3244 1521 3313 radius

163 3335 446 3413 circumscriptorum
477 3337 539 3396 sive
570 3335 627 3396 ΗΟ
652 3337 716 3414 (fig.
747 3333 800 3409 18)
825 3336 923 3415 sitque
956 3335 1033 3395 idern
1062 3336 1153 3397 etiam
1183 3337 1284 3397 radius
1315 3335 1432 3395 basium
1461 3334 1516 3408 HI,

164 3433 188 3484 et
205 3422 279 3486 HlO
304 3443 422 3503 semper
445 3434 560 3484 rectus:
586 3443 657 3502 ergo
683 3426 773 3485 etiam
798 3425 900 3506 radius
925 3423 1142 3503 inscriptorum,
1170 3427 1290 3486 tertium
1311 3442 1416 3502 nempe
1437 3423 1517 3484 latus

163 3509 213 3586 01,
240 3514 320 3574 idem
345 3513 402 3572 erit
427 3512 527 3583 (Eucl.
549 3514 571 3586 I,
598 3511 640 3574 26
664 3523 777 3587 conia).
827 3511 928 3583 Quare
953 3513 1064 3573 habitis
1085 3514 1151 3574 cubi
1177 3523 1208 3574 et
1233 3512 1380 3575 icosaedri
1406 3510 1515 3572 inscri-

162 3601 224 3678 ptis,
250 3602 289 3660 de
313 3602 457 3661 octaedro
482 3610 514 3660 et
538 3603 726 3663 dodecabdro
752 3601 826 3662 nihil
850 3620 924 3679 opus
948 3600 1105 3681 inquirere.

242 3689 359 3751 Deinde
390 3690 419 3750 iu
444 3689 519 3749 cubo
548 3710 613 3751 cum
645 3691 740 3768 ipsurn
766 3690 846 3751 latus
870 3689 911 3751 sit
934 3690 1063 3750 altitudo
1091 3690 1218 3769 figurae,
1254 3687 1407 3750 dimidium
1432 3687 1512 3749 latus

162 3776 277 3839 dimidia
300 3778 359 3838 erit
382 3777 524 3851 altitudo,
560 3798 665 3859 nempe
689 3779 768 3839 linea
792 3787 972 3839 connectens
996 3787 1101 3839 centra
1131 3780 1243 3857 figurae
1268 3785 1300 3837 et
1323 3776 1413 3838 basis.
1460 3773 1513 3836 Nil

161 3865 245 3945 igitur
268 3886 344 3947 opus
368 3867 561 3946 inquisitione
586 3868 662 3928 radii
688 3869 715 3927 in
742 3867 817 3927 basi.

240 3955 344 4016 Tertio
368 3956 504 4016 octaedri
528 3963 560 4016 et
582 3956 748 4037 pyramidis
772 3955 941 4035 aequalium
971 3955 1095 4015 laterum
1129 3962 1177 4014 est
1201 3953 1306 4013 eadem
1332 3952 1513 4032 altiqud0.⁸)

161 4040 275 4112 Quanto
301 4045 398 4123 majus
423 4045 515 4123 igitur
540 4044 619 4105 latus
643 4045 822 4125 pyramidis,
848 4051 933 4104 tanto
959 4043 1048 4104 altior
1078 4043 1169 4103 otiam
1194 4040 1260 4118 ipsa
1283 4042 1388 4119 ligura.
1437 4041 1515 4102 Item

160 4133 316 4195 octaedron
341 4142 372 4193 et
394 4134 527 4214 pyramis
548 4134 637 4210 duplo
661 4134 806 4212 majorum
836 4134 961 4193 laterum
991 4131 1102 4192 habent
1126 4129 1252 4191 eundem
1277 4129 1379 4190 orbem
1402 4128 1513 4190 iuscri-

159 4227 245 4296 ptum.
294 4222 373 4282 Nam
396 4220 529 4302 pyramis
554 4222 579 4281 si
604 4230 722 4282 secetur
746 4222 852 4281 mediis
873 4220 1031 4290 lateribus,
1058 4218 1189 4280 concidit
1213 4219 1242 4280 iu
1267 4225 1395 4299 quatuor
1417 4236 1514 4298 pyra·

159 4309 249 4370 midas
281 4318 313 4370 et
344 4310 507 4370 octaedrou
539 4328 627 4370 unum
660 4310 749 4388 duplo
778 4311 923 4370 minorum
949 4310 1088 4370 laterum.
1137 4306 1272 4386 Cumque
1295 4305 1429 4386 pyramis
1453 4306 1511 4365 ha··

160 4396 224 4459 beat
252 4405 379 4477 quatuor
412 4398 526 4470 facies,
562 4399 633 4459 nulli
663 4418 764 4459 earunr
793 4407 912 4458 resecta
941 4397 1072 4477 pyramis
1101 4397 1197 4456 minor
1230 4395 1336 4456 adimit
1366 4401 1512 4463 centrum,

160 4493 256 4566 utpote
285 4487 363 4566 quod
388 4487 522 4547 sectione
557 4486 643 4565 louge
667 4486 790 4547 inferius
816 4495 879 4546 est:
911 4494 1013 4546 manet
1042 4485 1132 4559 igitur
1160 4484 1189 4544 in
1218 4482 1362 4544 octaedro
1387 4487 1510 4541 exsecto

160 4575 234 4635 orbis
252 4574 429 4653 inscriptus,
456 4574 579 4654 antiqua
603 4582 730 4654 quatuor
754 4584 859 4635 centra
881 4583 913 4635 et
927 4593 981 4653 per
995 4572 1198 4634 definitionem
1213 4569 1361 4650 regularis
1376 4567 1512 4645 corporis

160 4664 245 4724 etiam
268 4681 347 4724 nova
369 4672 497 4742 quatuor
521 4682 556 4723 ex
582 4664 715 4724 sectione
739 4663 915 4724 accedentia
943 4662 1029 4723 simul
1054 4669 1192 4739 tangens.
1240 4658 1312 4721 Sive
1336 4656 1428 4735 igitur
1451 4672 1529 4749 py-⁸
