3366 5482
196 253 263 323 436
715 253 792 329 ‚nr
815 253 994 304 Vnt-¹¹³¹

196 419 224 481 si
247 422 390 496 aspectus
413 413 530 474 0011000
553 429 700 490 geneseos
724 411 884 472 familiaris
907 413 948 473 sit
971 413 1123 473 individuo
1146 414 1204 489 illi,
1233 415 1313 495 qnod
1336 411 1555 476 consideratur.

195 508 264 570 lion
289 513 338 566 est
359 503 422 563 ista
439 500 612 581 sympathia
633 508 757 578 propter
779 507 1050 579 temperamentum
1063 503 1207 581 corporis,
1231 512 1266 564 01
1279 503 1398 565 caelum
1411 501 1445 562 in
1459 505 1556 561 aerem

196 603 282 674 agat,
304 592 352 654 bic
375 591 406 651 in
429 598 700 667 temperamentum
722 589 870 666 corporis,
904 599 936 649 et
959 589 1015 651 boc
1038 590 1068 649 in
1092 591 1238 665 animnm3
1262 592 1317 654 sed
1340 598 1452 653 000100
1473 604 1555 650 eom-

193 682 311 763 patitur
333 680 450 740 animus
472 677 557 737 coelo
581 695 634 755 per
657 695 700 747 se,
726 676 796 754 quia
818 678 1028 755 cognationem
1053 676 1145 739 babet
1168 697 1235 740 cnm
1258 679 1324 742 luce
1344 688 1376 740 et
1390 675 1554 750 harmonia,

195 779 267 850 post
290 769 382 829 etiam
405 784 514 844 corpus
538 784 624 826 snum
647 765 854 826 0000100001
900 766 948 827 Ac
978 785 1044 826 cnm
1073 765 1162 828 bomo
1189 768 1231 829 sit
1263 767 1376 830 animal
1401 764 1554 840 sociabile,

197 858 326 920 maxime
349 855 440 934 igitur
463 854 618 914 sociantur
641 853 730 912 animi
755 856 795 913 ad
817 854 968 933 publicum
992 874 1085 932 epus,
1113 856 1241 918 sociatis
1270 857 1299 917 in
1323 855 1411 917 00010
1434 871 1554 934 geome-

197 948 272 1007 trice
295 945 485 1023 planetarum
510 941 614 1001 radiis.
656 941 722 1000 Hoc
746 953 845 1003 antem
870 943 1023 1021 negotium
1044 953 1133 1004 tanto
1155 945 1268 1006 rectius
1290 943 1422 1006 tractari
1444 949 1554 1022 potest

195 1035 224 1095 si
247 1052 348 1094 eornm
373 1049 501 1109 geneses
525 1029 554 1088 in
578 1037 697 1108 promtu
719 1031 795 1105 sint,
826 1030 875 1110 qni
904 1034 953 1101 (nt
976 1032 1148 1111 Tycbonico
1176 1033 1271 1094 uerbo
1301 1034 1388 1107 ntar)
1414 1031 1481 1093 tara
1501 1044 1554 1111 pu·

196 1122 276 1183 blica
298 1121 475 1200 gnbemant.

737 1205 871 1266 110010
895 1204 1009 1267 ant

284 1298 329 1358 At
351 1295 487 1373 00010010
511 1292 721 1354 stultissimum
745 1303 810 1364 est,
845 1293 914 1354 hinc
941 1294 1087 1374 specialia
1109 1304 1233 1373 petere,
1264 1303 1297 1356 et
1324 1293 1422 1367 talia,
1458 1291 1555 1374 qualia

195 1386 304 1448 0001001
328 1385 357 1444 10
383 1382 563 1444 calendariis
587 1390 744 1460 quaerunt.
775 1380 864 1450 Quod
888 1383 1020 1443 enimin
1044 1383 1261 1462 meteorologia
1283 1383 1355 1457 dixi,
1376 1382 1426 1444 hic
1442 1399 1554 1462 qnoque

195 1473 377 1544 tenendum
399 1472 475 1533 nihil
498 1471 537 1531 ab
560 1471 727 1548 astrologia
751 1471 813 1548 peti
838 1489 943 1549 posse,
976 1491 1064 1550 qnam
1093 1491 1250 1533 excessum
1274 1473 1405 1551 aliquem
1427 1472 1555 1549 impetus

195 1564 376 1624 animorum:
401 1559 450 1638 qni
474 1558 586 1638 quain
610 1579 642 1620 re
667 1559 860 1631 interrasit,
889 1578 983 1638 00000
1003 1560 1187 1621 liberrimum
1214 1561 1244 1620 in
1272 1560 1406 1640 politicis
1428 1558 1555 1621 bominis

196 1650 368 1721 arbitrium,
393 1647 450 1708 Dei
474 1646 646 1724 imaginem,
682 1667 739 1706 000
763 1657 889 1708 0010000
913 1648 1059 1722 sobolem,
1084 1667 1236 1727 penesque
1260 1668 1370 1710 causas
1394 1648 1475 1709 alias
1499 1653 1554 1709 est.

195 1739 261 1799 Pax
283 1738 376 1816 igitur
398 1756 437 1796 an
461 1736 572 1796 bellum
595 1736 624 1795 in
650 1737 784 1815 qnalibet
808 1736 930 1814 regione
954 1737 1084 1798 iutnmm
1109 1737 1163 1810 sit,
1189 1738 1328 1816 judicent
1351 1756 1452 1800 rerum
1475 1735 1553 1816 poli·

195 1828 322 1888 ticarnm
355 1825 463 1903 periti,
498 1823 604 1903 quibus
636 1843 694 1885 non
727 1825 825 1885 minns
858 1825 959 1904 aliqua
991 1825 1183 1905 praedicendi
1209 1826 1338 1886 facultas
1369 1833 1433 1900 est,
1468 1843 1553 1905 qnam

195 1914 363 1993 astrologo.
410 1913 490 1974 b'am
514 1920 546 1972 et
569 1912 676 1990 politia
699 1932 784 1974 suum
809 1913 901 1973 babet
925 1932 1055 1981 merem,
1089 1923 1123 1973 ut
1150 1914 1194 1973 ita
1217 1914 1334 1988 dicam,
1368 1932 1427 1974 non
1460 1913 1554 1974 minus

195 2022 286 2083 qnam
309 2002 386 2063 coeli
410 2001 548 2061 influxus.
595 2001 640 2062 At
664 2001 690 2061 si
715 2001 826 2080 quain
851 2002 972 2080 regione
996 2003 1107 2063 bellum
1132 2003 1203 2075 erit,
1232 2003 1428 2082 sequentibus
1456 2002 1553 2082 00110-

195 2093 301 2153 simum
316 2089 421 2151 diebus
436 2089 526 2149 animi
542 2088 669 2150 militnm
685 2090 853 2170 ducumque
877 2091 915 2149 ad
931 2098 1162 2170 strategemata,
1177 2109 1304 2170 pugnas,
1321 2091 1405 2152 rixas
1420 2091 1553 2171 aliosque

195 2188 295 2240 motus
318 2177 428 2256 promti
452 2188 539 2237 00001
568 2174 614 2238 12.
638 2175 709 2238 Jan.
743 2176 774 2239 5.
804 2175 853 2240 11.
879 2174 931 2240 24.
952 2180 1040 2241 Febr.
1072 2177 1102 2240 5.
1132 2174 1180 2239 14.
1203 2180 1295 2240 Mart.
1330 2178 1361 2241 5.
1378 2176 1432 2240 25.
1456 2178 1552 2258 April.

193 2263 225 2329 1.
259 2264 307 2328 12.
339 2262 508 2343 31111011,
541 2261 763 2339 92010011,
805 2265 836 2329 8.
866 2264 1100 2340 1111910111,
1142 2269 1167 2328 l.
1193 2264 1222 2329 9.
1246 2266 1296 2329 15.
1321 2266 1374 2330 25.
1398 2265 1453 2330 30.
1473 2270 1551 2346 Aug.

194 2352 247 2418 20.
264 2353 315 2415 21.
333 2351 420 2434 Sept.
446 2351 599 2416 3.00101).
623 2353 654 2415 5.
675 2352 722 2417 18.
738 2352 792 2417 30.
808 2356 934 2416 Novem
963 2355 1014 2418 25.
1035 2357 1178 2417 Decemb.
1223 2357 1303 2419 liam
1327 2356 1359 2418 id
1378 2356 1553 2437 experentia

193 2444 361 2505 confirmat.

748 2530 878 2591 Thesis
902 2531 1000 2592 LXX.

281 2619 384 2679 Motus
409 2624 508 2677 antem
532 2618 719 2678 universales
743 2637 796 2679 seu
821 2620 979 2680 admodum
1008 2619 1172 2693 notabiles,
1207 2626 1259 2681 aut
1288 2621 1379 2699 plane
1403 2619 1491 2694 nori,
1516 2639 1551 2680 ex

192 2707 277 2770 00010
305 2706 425 2785 quidem
454 2720 512 2765 000
542 2707 681 2768 videntur
709 2706 886 2785 significari;
918 2727 985 2768 cnm
1009 2706 1158 2770 Saturnus
1191 2716 1222 2769 et
1244 2708 1366 2787 Jupiter
1394 2709 1452 2769 hnc
1475 2703 1550 2769 anno

191 2815 250 2857 non
274 2795 507 2873 configerentur,
531 2797 668 2872 quamvis
692 2796 807 2856 coelum
831 2817 890 2857 nna
913 2804 1030 2856 1001010
1060 2805 1091 2858 01
1113 2797 1343 2876 generalissima
1370 2816 1466 2858 cansa
1488 2797 1551 2876 sig-

191 2903 319 2964 numque
343 2883 386 2944 sit
409 2901 584 2960 magnorum
608 2892 750 2944 motuum.

278 2973 357 3034 Nam
382 2972 411 3031 in
436 2971 524 3032 rebus
548 2971 758 3035 sublunaribus
782 2974 931 3033 accedunt
955 2972 1016 3032 alia
1030 2973 1128 3052 magis
1147 2972 1343 3050 particularia
1358 2981 1391 3036 et
1405 2974 1548 3053 genuina,

190 3080 267 3141 qnae
298 3059 474 3139 praevidere
503 3079 560 3119 non
589 3069 638 3120 est
666 3061 821 3138 astrologi.
861 3059 1076 3123 consideretur
1108 3061 1200 3139 igitur
1226 3062 1276 3123 ille
1301 3063 1415 3124 Terrae
1444 3070 1548 3131 motus,

190 3150 237 3228 qni
262 3147 408 3226 superiori
423 3145 594 3225 Septembri
619 3150 688 3208 anni
716 3145 809 3210 1601.
835 3157 932 3210 totum
955 3148 1054 3209 Rheni
1080 3158 1210 3211 tractum
1233 3158 1265 3211 et
1282 3150 1399 3222 vicinas
1414 3151 1548 3232 regiones

188 3238 310 3299 insolite
344 3237 509 3316 quassavit.
557 3236 635 3297 liam
667 3247 699 3297 et
728 3236 897 3298 Insubriam
929 3256 995 3298 enm
1023 3238 1108 3298 aiunt
1139 3238 1281 3301 sensisse.
1330 3239 1417 3301 Haeo
1445 3257 1548 3301 moneo

100 3374 105 3380 .
188 3344 246 3387 non
270 3345 308 3386 ex
332 3324 507 3403 astrologia,
533 3344 599 3386 cnm
624 3327 734 3387 Terrae
759 3333 857 3386 metus
881 3336 995 3387 astrum
1014 3345 1072 3387 non
1092 3326 1142 3400 sit,
1163 3328 1217 3389 sed
1241 3347 1279 3388 ex
1295 3329 1547 3408 contemplatione

188 3415 305 3483 mundi,
334 3422 367 3474 et
395 3413 525 3475 omnium
555 3399 735 3494 temp’orum,
760 3433 798 3473 ex
822 3434 880 3493 qua
902 3415 1005 3475 videre
1035 3423 1100 3489 001,
1134 3423 1234 3478 motus
1258 3436 1409 3478 armornm
1433 3417 1547 3479 animo·

188 3520 310 3582 rumque
335 3502 432 3563 solere
456 3503 551 3582 sequi.

725 3589 860 3650 Thesis
884 3589 1000 3652 LXXI.

277 3678 412 3757 Adjungi
445 3697 482 3739 er
512 3677 679 3757 astrologia
712 3686 839 3757 quatuor
861 3678 1050 3756 potissimum
1074 3687 1211 3758 possunt,
1248 3697 1325 3758 qnae
1355 3680 1547 3760 praecipuam

186 3766 300 3827 babent
322 3766 489 3844 emphasin,
514 3767 636 3844 eclipsis
660 3766 741 3828 Solis
765 3767 795 3828 in
819 3762 858 3828 3⁰
880 3771 914 3841 6
924 3814 932 3840 ,
958 3766 1076 3828 sextilis
1100 3767 1223 3831 Saturni
1247 3776 1280 3828 et
1301 3769 1413 3830 Martis
1437 3770 1548 3830 statio-

186 3854 276 3927 narii,
302 3856 351 3934 qui
375 3873 428 3933 per
451 3862 545 3915 totum
570 3856 632 3916 fere
655 3855 832 3917 Januarium
857 3863 888 3916 01
910 3855 1105 3918 Februarium
1128 3858 1235 3929 durat,
1270 3865 1302 3916 et
1323 3856 1416 3918 Junio
1446 3876 1547 3920 mense

184 3943 364 4005 revertitur:
391 3943 560 4021 conjunctio
583 3944 670 4004 Jovis
695 3952 727 4004 et
749 3944 860 4005 Martis
884 3945 940 4004 1100
953 3941 1037 4019 Jnlii,
1061 3945 1231 4023 conjunctio
1246 3942 1371 4007 Saturni
1390 3954 1424 4006 et
1437 3946 1549 4008 Martis

180 4049 284 4113 mense
309 4029 493 4112 Septembri.
539 4032 682 4105 Primum,
706 4033 894 4112 experientia
917 4040 1048 4095 testatur
1072 4034 1100 4095 in
1125 4052 1234 4113 genere
1258 4034 1355 4096 solere
1377 4053 1447 4096 esse
1462 4043 1544 4097 atto÷

183 4119 284 4193 nites,
319 4121 447 4199 pavidos
480 4129 533 4182 ant
565 4129 682 4182 erectos
715 4121 744 4182 10
774 4122 1015 4199 expectationem
1048 4141 1147 4182 rernm
1172 4140 1315 4183 novarum
1339 4122 1457 4184 animos
1490 4123 1545 4184 sub

182 4210 238 4271 has
261 4208 349 4271 binas
373 4209 609 4287 conjunctiones.
657 4208 742 4280 Quae
767 4228 816 4270 res
840 4209 869 4270 in
892 4209 1044 4271 hominum
1063 4229 1175 4288 magna
1193 4209 1384 4273 multitudine
1405 4211 1548 4273 0001000

181 4305 378 4376 congregata,
403 4297 452 4357 vel
476 4297 514 4357 ad
537 4299 717 4376 patrandum
741 4298 868 4378 aliquid,
893 4299 940 4359 vel
965 4299 1002 4359 ad
1027 4299 1143 4373 clades,
1169 4308 1203 4360 ut
1226 4298 1416 4379 experientia
1437 4299 1549 4362 belbas

180 4393 321 4457 testatur,
348 4404 489 4464 magnum
512 4386 606 4448 habet
629 4395 821 4448 momentum.
869 4386 979 4448 Incidit
1011 4388 1113 4448 clades
1143 4387 1303 4465 Agriensis
1328 4407 1407 4450 0000
1436 4384 1490 4451 96.
1512 4386 1543 4448 10

181 4475 351 4554 oppositum
374 4472 461 4535 Jovis
485 4483 517 4534 et
539 4475 665 4536 Martis:
696 4476 818 4553 nuptiae
843 4475 1025 4536 Lutetianae
1050 4476 1078 4536 10
1102 4475 1341 4556 conjunctionem
1364 4474 1489 4540 Saturni
1511 4483 1541 4536 01

179 4562 289 4624 Martis
321 4561 426 4624 itidem
459 4563 489 4624 in
518 4561 682 4642 Scorpione
706 4583 783 4624 anno
811 4560 905 4624 1512.
920 4559 962 4637 ¹⁵)
1009 4561 1079 4633 Qua
1110 4565 1139 4625 10
1169 4564 1414 4627 consideratione
1441 4563 1538 4646 pop'uli

180 4652 342 4730 magistros
365 4665 397 4713 et
420 4659 552 4713 rectores
576 4652 709 4713 exerceri
733 4651 870 4733 equidem
894 4671 951 4714 000
975 4652 1081 4714 1001110
1106 4652 1284 4715 existimem.
1331 4655 1413 4717 Nam
1427 4652 1534 4718 ‘adre-
