3366 5482
632 239 665 290 rs
683 239 757 291 aaa.
776 239 940 308 ιιιωιοςιιιι
1130 305 1139 312 ,
1400 238 1463 307 361

107 418 177 461 nam
191 397 323 477 trigono.
371 395 460 468 Quod
474 397 538 460 fieri
562 399 646 462 nulla
659 399 775 460 ratione
790 400 912 478 poterit,
938 401 964 462 si
979 399 1008 461 in
1023 399 1146 462 zodiaco
1166 400 1222 462 hos
1236 408 1379 481 aspectus
1393 419 1468 463 con·

106 488 236 561 sidereo,
262 487 376 547 nonin
400 497 577 565 aequatore,
610 487 770 568 praecipue
794 488 820 548 si
842 488 887 549 Μ.
913 487 948 551 C.
974 490 1001 550 iu
1027 490 1136 550 circulo
1165 489 1329 551 meridiano
1353 489 1468 552 consti-

105 576 207 638 tuas.“
254 575 401 636 Producit
423 595 498 636 sane
522 575 571 636 hic
595 576 692 637 locum
716 575 856 650 Stadios,
891 578 940 656 qui
964 579 1001 638 de
1025 599 1128 648 ιοιιοις
1155 598 1208 639 seu
1233 577 1368 641 domibus
1391 577 1465 657 agit,

108 664 163 726 sed
187 672 307 725 tantum
332 664 435 738 abest,
471 672 504 725 ut
532 663 704 725 institutum
733 664 884 739 obtineat,
918 666 1127 728 Ptolemaeum
1156 666 1330 746 inaequales
1362 667 1468 728 domus

106 756 216 826 lacere,
240 760 275 815 ιιι
298 771 354 830 ego
378 752 479 832 potius
504 753 571 814 hinc
595 754 716 814 inverso
741 763 917 832 argumento
943 754 1159 835 aequalitatem
1183 754 1346 829 obtineam,
1371 763 1402 817 et
1417 773 1469 816 se·

107 842 180 904 riem
204 850 450 919 argumentorum
475 861 567 920 supra
589 849 729 920 coeptam
754 842 801 903 hic
826 843 1006 905 continuem.
1053 843 1132 906 Illud
1156 843 1422 924 praemittendum,
1443 842 1470 903 si

106 932 149 992 Μ.
174 928 222 1003 C„
248 938 280 991 ut
305 930 358 1002 ait,
382 930 412 991 iu
437 929 547 991 circulo
571 931 735 992 meridiano
759 931 939 1005 constituas,
963 951 1020 991 uon
1046 932 1216 993 habituram
1242 933 1470 1011 locumaequa-

109 1021 229 1082 litatem
253 1019 402 1093 domuum,
427 1027 461 1079 at
485 1019 510 1079 si
535 1019 718 1081 contrarium
743 1020 806 1098 ejus
831 1020 936 1094 facias,
962 1021 1041 1100 quod
1056 1030 1163 1082 auctor
1177 1021 1371 1082 Ptolemaeus
1387 1019 1469 1093 fecit,

107 1109 210 1187 utique
235 1115 333 1168 totam
356 1107 423 1186 ejus
446 1107 595 1169 rationem
620 1107 673 1169 tibi
696 1108 839 1187 perverti,
865 1110 939 1170 nihil
961 1108 1066 1170 mirum
1092 1118 1148 1170 est.
1196 1108 1390 1170 Ptolemaeus
1414 1108 1471 1169 hoc

109 1198 175 1258 loco
200 1195 244 1257 M.
271 1193 308 1257 C.
339 1214 397 1256 non
429 1196 459 1257 in
483 1196 649 1258 meridiano
681 1197 855 1268 constituit,
894 1199 948 1258 sed
977 1196 1005 1257 in
1033 1207 1144 1276 puncto
1172 1197 1289 1259 zodiaci
1322 1195 1472 1258 altissimo

110 1304 200 1364 snper
224 1284 365 1356 Terram,
399 1285 536 1364 quodque
568 1286 742 1364 plerumque
775 1286 865 1346 altius
899 1295 948 1346 est
975 1305 1010 1347 eo
1042 1285 1156 1347 zodiaci
1180 1294 1306 1364 puncto,
1336 1283 1468 1365 quodiu

110 1373 277 1435 meridiano
302 1372 422 1445 haeret,
453 1373 563 1435 circulo
587 1373 726 1452 verticali
750 1392 803 1451 per
826 1375 926 1453 polum
950 1373 1066 1435 zodiaci
1090 1375 1241 1436 traducto.
1289 1373 1389 1434 Probo
1414 1373 1470 1435 hoc

108 1483 144 1523 ex
172 1460 249 1541 ipsis
277 1460 389 1521 verbis.
437 1460 487 1522 Sit
519 1462 612 1542 igitur
635 1461 831 1540 aequalitatis
856 1464 992 1524 domuum
1018 1472 1226 1542 argumentum
1260 1461 1471 1536 secundum,

107 1551 186 1631 qnod
208 1549 404 1611 Ptolemaeus
427 1550 490 1623 hic,
520 1551 569 1611 ubi
599 1550 664 1630 agit
692 1550 728 1611 de
752 1550 906 1624 domibus,
936 1570 1010 1613 voce
1045 1550 1340 1613 dodecatemorii
1369 1557 1473 1612 utatur

105 1657 158 1718 pro
182 1658 259 1700 voce
283 1638 424 1699 domus.
471 1639 584 1701 Notum
610 1648 712 1700 autem
736 1647 797 1713 est,
830 1659 887 1700 non
913 1641 1010 1703 solere
1034 1649 1229 1719 aequaturum
1254 1639 1347 1701 dividi
1371 1638 1470 1713 aliter,

105 1728 162 1790 nisi
186 1727 217 1789 in
241 1735 379 1806 tempora
402 1722 481 1801 360,
514 1729 611 1789 solum
634 1746 706 1788 vero
730 1727 886 1790 zodiacum
910 1729 938 1790 iu
963 1729 1224 1802 dodecatemoria,
1250 1736 1281 1789 et
1306 1727 1472 1789 dodecats·

104 1817 235 1879 morium
259 1816 288 1876 in
312 1837 420 1894 μοιρας
446 1811 497 1890 30,
523 1835 581 1877 ιιοιι
605 1839 739 1896 χροιους,
766 1825 797 1876 et
820 1817 867 1877 hic
883 1836 999 1897 quoque
1023 1837 1082 1878 vox
1105 1840 1197 1896 μοιρα
1217 1816 1356 1878 occurrit.
1395 1813 1473 1878 Cum

103 1925 180 1986 ergo
204 1905 399 1966 Ptolemaeus
423 1926 635 1983 mcoopampm
659 1904 708 1966 hic
732 1905 867 1984 appellet
890 1907 1180 1978 dodecatemorium‚
1211 1905 1349 1985 appellat
1377 1903 1469 1984 igitur

101 2002 226 2074 partem
249 1993 365 2054 zodiaci
387 2016 612 2072 peooopanpm,
638 2001 670 2054 et
693 1993 733 2068 id,
759 1995 812 2063 ait,
837 1995 972 2074 aspicere
997 1997 1145 2075 quadrato
1168 1994 1299 2065 unciam,
1325 1997 1473 2073 quaeest

101 2085 189 2146 circa
214 2083 422 2161 horoscopum.
460 2083 556 2162 Atqui
579 2082 680 2153 uncia,
704 2102 780 2163 quae
804 2083 886 2145 circa
908 2083 1104 2145 meridianum
1124 2091 1181 2157 est,
1208 2080 1380 2162 bpartibus
1400 2087 1472 2143 ante

100 2182 135 2235 et
160 2169 205 2234 25
231 2178 315 2251 post,
349 2189 406 2231 non
431 2172 603 2250 frequenter
632 2171 741 2250 aspicit
769 2171 1018 2251 horoscopantem
1044 2173 1202 2252 quadrato.
1249 2170 1331 2249 Ergo
1355 2167 1473 2231 zodiaci

99 2279 192 2340 pars,
219 2279 295 2341 quae
319 2258 367 2321 hic
382 2260 557 2321 Ptolemaeo
582 2260 692 2321 dicitur
705 2283 908 2339 percuperem,
932 2261 1053 2340 saepius
1078 2261 1135 2322 erit
1160 2269 1249 2321 extra
1263 2257 1470 2320 meridianum.

98 2349 275 2413 Tertium
300 2355 526 2427 argumentum:
562 2349 698 2427 aspicere
722 2369 754 2408 se
780 2350 918 2411 dicuntur
941 2351 1013 2410 illae
1037 2348 1138 2411 circuli
1162 2358 1283 2427 partes,
1315 2365 1390 2426 quae
1415 2345 1473 2407 ha-

99 2440 183 2501 bent
207 2436 321 2499 subse
346 2445 502 2498 currentes
526 2436 667 2516 planetas
692 2437 890 2516 aspicientes:
926 2446 1068 2517 aspectus
1092 2438 1170 2499 enim
1193 2457 1252 2497 non
1277 2442 1326 2497 est
1348 2442 1474 2515 proptor
1517 2492 1527 2510 ,

97 2529 206 2591 locum
228 2526 282 2587 sed
296 2534 421 2605 propter
435 2526 598 2604 planetam.
638 2528 684 2587 At
703 2527 732 2587 in
752 2534 915 2606 aequatore
936 2526 1008 2589 nulli
1023 2528 1174 2607 planetae,
1198 2525 1227 2586 iu
1243 2525 1367 2586 zodiaco
1383 2521 1474 2602 igitur

94 2615 312 2698 quaerendum
336 2615 391 2676 hoc
407 2623 636 2693 ‘prcooparqpm
662 2615 809 2693 quadrato
834 2615 984 2694 aspiciens
1008 2616 1215 2693 horoscopum,
1240 2623 1271 2674 et
1288 2614 1331 2674 sic
1350 2621 1385 2674 ut
1401 2612 1472 2692 plu·-

92 2708 214 2769 rimum
245 2711 333 2764 extra
362 2703 567 2765 meridianum.
616 2701 797 2772 Quartum
830 2704 991 2765 coincidit:
1030 2706 1094 2783 agit
1122 2703 1163 2765 ibi
1191 2702 1249 2765 loci
1276 2701 1472 2763 Ptolemaeus

93 2797 137 2858 de
166 2791 246 2855 locis
270 2791 428 2870 apheticis.
475 2791 617 2870 Aphetae
643 2811 714 2852 vero
739 2811 796 2853 non
821 2802 891 2854 sunt
922 2793 950 2854 iu
976 2803 1153 2873 aequatura,
1184 2810 1256 2870 ergo
1282 2790 1310 2850 iu
1335 2788 1474 2850 zodiaco.

92 2882 188 2956 Quid
213 2881 294 2942 onim
312 2881 403 2959 juvat
427 2880 568 2959 aphetam
593 2889 623 2941 et
648 2880 848 2959 horoscopum
872 2881 901 2942 in
925 2882 1050 2942 zodiaco
1074 2881 1272 2952 constitutos,
1306 2877 1331 2937 si
1356 2896 1473 2957 aequa·

91 2973 183 3036 toris
207 2969 309 3049 portio
333 2969 571 3047 correspondens
600 2969 846 3048 correspondeuti
871 2970 996 3031 orientis
1019 2968 1148 3048 portioni
1179 2965 1374 3046 aequatoriae
1398 2982 1474 3026 con·

91 3058 277 3142 figuratur?
321 3057 390 3119 Nou
416 3076 489 3118 sane
514 3059 625 3136 magis,
661 3077 749 3136 quam
774 3058 800 3118 si
825 3058 953 3137 alicujus
978 3058 1158 3136 tropicorum
1183 3063 1235 3116 ant
1258 3053 1474 3132 parallelorum

92 3145 383 3227 correspondentes
406 3145 560 3225 portiones
585 3147 789 3225 configuratae
813 3146 981 3207 exhiberes.
1029 3144 1185 3216 Quinto:
1220 3142 1312 3203 verbu
1335 3142 1390 3203 illa
1418 3141 1477 3217 („a

93 3240 242 3321 quinque
264 3234 402 3314 partibus
426 3235 791 3313 praeascendentihus“)‚
826 3254 901 3315 quae
926 3235 1021 3313 rigide
1046 3233 1172 3296 Stadios
1197 3241 1230 3294 et
1254 3230 1413 3294 Cardauus‘
1437 3227 1478 3291 nd

93 3332 308 3408 aequatorem
330 3322 467 3396 trahunt,
502 3324 569 3384 sola
592 3342 652 3383 vox
675 3322 907 3402 draqepopsror
929 3323 1052 3385 zodiaco
1076 3322 1222 3384 vindicat.
1268 3320 1349 3382 Nam
1372 3326 1474 3381 astro-

93 3414 190 3479 nomi
216 3410 330 3474 Graeci
363 3411 400 3471 de
424 3410 540 3472 zodiaci
563 3412 700 3491 partibus
733 3422 879 3490 usurpant
909 3412 1117 3474 ascensionem
1151 3410 1275 3490 ejusque
1308 3424 1478 3469 mensuram

91 3503 127 3568 in
155 3507 331 3581 aequatore
354 3499 559 3574 constituunt,
585 3500 733 3561 id'multo
757 3502 869 3580 magis,
895 3501 935 3576 si,
960 3510 994 3563 nt
1016 3501 1075 3573 hic,
1096 3501 1265 3580 jungantur
1286 3520 1377 3575 μοιρα
1401 3493 1476 3557 dra·

93 3607 281 3672 φιρομιτης
305 3596 376 3649 tuuc
400 3588 484 3649 nulla
506 3589 624 3650 ratione
648 3597 784 3667 tempora
808 3590 986 3669 aequaturia
1000 3597 1127 3667 possunt
1150 3586 1288 3664 intelligi.
1337 3585 1472 3646 Sexto:

93 3676 342 3745 distinctissime
376 3676 507 3756 loquitur
540 3678 577 3739 de
611 3674 653 3739 30
678 3677 724 3738 his
748 3678 886 3756 partibus
911 3679 1075 3758 (μοιραις),
1110 3673 1310 3755 οοιιιὶςιιιιιιίε,
1329 3671 1477 3753 quadrato

92 3774 201 3854 (puta
226 3765 331 3827 itidem
356 3760 399 3826 30
421 3768 569 3844 purpura),
602 3786 678 3845 quae
703 3775 773 3827 suut
797 3767 878 3828 illius
902 3768 1021 3839 domus,
1058 3785 1133 3846 quae
1158 3763 1290 3825 Medium
1317 3760 1404 3824 Coeli
1427 3759 1476 3821 di-

92 3863 198 3922 uitur.
249 3853 320 3916 Jam
337 3872 409 3915 vero
433 3854 570 3932 partibus
595 3854 713 3915 zodiaci
737 3855 901 3917 orientibus
926 3863 1065 3932 tempora
1088 3852 1261 3934 aequaturis
1280 3847 1480 3912 culmiuantia

91 3965 162 4012 non
192 3945 363 4023 figurantur
386 3942 554 4022 quadratis.
602 3942 682 4005 Sunt
704 3943 796 4022 igitur
826 3944 918 4005 etiam
949 3945 1029 4005 circa
1061 3964 1097 4003 το
1124 3961 1338 4018 μισουρατημα
1361 3936 1478 4000 iutelli-

91 4034 233 4116 gendae
257 4039 362 4110 partes
385 4031 518 4105 zodiaci,
552 4040 583 4093 et
607 4033 652 4093 sic
676 4039 764 4093 extra
788 4032 996 4094 meridianum.
1044 4030 1237 4111 Septimo:
1272 4047 1339 4088 cum
1364 4034 1479 4093 certum

91 4129 154 4201 sit,
186 4122 260 4184 loca
283 4118 424 4198 aphetica
448 4139 515 4182 esse
539 4120 569 4180 in
594 4120 735 4193 zodiaco,
767 4121 835 4183 vide
861 4141 937 4183 nunc
962 4120 1022 4182 ista
1044 4120 1153 4181 verba:
1192 4115 1223 4179 dr
1246 4138 1308 4186 τοις
1330 4114 1480 4187 ἀποκεκλι-

88 4233 171 4279 ιιοσι
196 4231 254 4272 τον
276 4229 541 4286 μισουρανηματος
565 4231 677 4279 zonae.
726 4210 800 4271 Tale
825 4218 873 4271 est
896 4210 1025 4271 medium
1050 4209 1135 4281 coeli,
1160 4227 1180 4267 a
1199 4226 1256 4286 quo
1272 4205 1390 4266 zodiaci
1403 4221 1477 4284 por-

89 4304 211 4366 tiones
234 4297 374 4376 utrinqne
398 4296 561 4372 declinant,
587 4305 621 4358 at
644 4318 662 4358 a
686 4307 797 4376 puncto
822 4299 947 4372 zodiaci,
974 4299 1052 4377 quod
1077 4298 1105 4357 in
1129 4295 1299 4357 meridiano
1324 4291 1477 4365 culminat,

89 4407 163 4455 non
192 4406 269 4468 pnre
302 4385 435 4448 declinat
464 4386 611 4448 alteruter
640 4406 781 4461 arcuum,
817 4388 870 4448 sed
906 4396 1052 4465 exparte
1082 4403 1195 4463 magua
1218 4383 1310 4443 etiam
1335 4379 1477 4452 acclinat,

90 4485 257 4558 quantum
281 4493 325 4536 sc.
360 4482 409 4534 est
439 4494 458 4535 a
490 4483 601 4554 puncto
633 4475 744 4553 gradus
775 4474 963 4554 nonagesimi
994 4475 1031 4535 ad
1055 4472 1262 4535 meridianum.
1311 4469 1477 4530 Octavo:

91 4562 235 4648 trigoni,
259 4561 410 4640 hexagoni
434 4569 465 4623 et
488 4563 641 4642 tetragoni
674 4563 721 4624 hic
745 4583 804 4625 uon
827 4570 956 4643 possunt
978 4561 1107 4641 intelligi
1131 4561 1169 4622 de
1192 4565 1373 4639 aequatura,
1409 4553 1481 4634 quia

93 4671 213 4719 eorum
243 4650 297 4713 alii
326 4649 466 4712 dicuntur
494 4671 562 4712 esse
587 4652 762 4731 longarum,
797 4652 849 4713 alii
873 4650 1008 4713 brevium
1039 4649 1259 4711 ascensionum.
1307 4647 1351 4707 Aa
1374 4660 1479 4706 omncs

96 4739 288 4828 aequaturis
311 4738 423 4824 trigoni
445 4747 517 4801 sunt
540 4740 711 4825 aequalium
735 4741 955 4807 ascensionum.
1001 4740 1031 4807 N
1038 4757 1124 4802 ono:
1150 4735 1224 4800 alibi
1244 4732 1399 4800 consentit
1421 4728 1480 4794 sibi
