3366 5482
164 332 225 400 146
274 304 277 310 ¹
672 328 783 391 Mysterii
802 326 1002 391 Comognphici

161 495 327 557 niscendum,
353 510 406 562 quo
431 492 516 546 stella
540 489 729 561 octangularis
752 489 937 542 associaretur
959 487 1102 549 diametro,
1127 487 1178 540 suh
1197 489 1291 541 eodem
1313 485 1393 558 quasi
1411 492 1526 558 genere,

161 575 332 630 reclamante
346 578 459 626 natura.
501 571 588 623 Recte
604 569 690 639 igitur
705 569 816 630 factum,
839 568 910 638 quod
926 585 979 619 non
995 566 1118 636 acquievi
1134 566 1197 620 huic
1212 565 1411 620 distributioni.

241 646 282 722 w)
303 653 364 706 Hoc
387 653 471 720 plane
487 668 545 702 sum
561 656 672 702 secutus
697 649 723 700 in
747 648 795 700 lib.
811 649 845 701 l'.
862 646 1019 700 Harmonia.
1042 647 1089 699 sed
1117 645 1142 699 in
1168 646 1296 699 instituto
1315 645 1435 699 diverso.
1477 642 1529 698 Hic

162 735 233 789 enim
257 733 424 803 quaerebam
451 736 540 783 ortum
561 727 764 782 harmoniarum
779 728 964 798 singnrlarum
987 735 1016 779 at
1042 727 1087 779 lib.
1104 726 1137 779 V.
1153 726 1381 780 Harmonicornm
1403 725 1529 778 delectus

162 816 234 868 inter
254 811 313 881 jam
338 818 414 864 ortas
429 818 482 887 ¹est
506 809 658 870 institutus,
683 823 755 876 quae
775 806 919 860 harmonia
938 806 1035 874 quibus
1056 805 1185 874 planetis,
1209 821 1264 876 qua
1286 805 1425 860 mediante
1438 804 1531 877 figura

163 893 252 948 solida
266 891 481 944 consociaretur.
526 890 601 942 Cubo
624 888 710 957 igitur
729 887 781 939 etsi
802 905 855 939 non
870 895 945 939 recte
965 885 1010 938 hic
1024 886 1189 939 adscribitur
1209 885 1270 955 ipse
1285 891 1362 938 ortus
1377 898 1528 939 consonan-

164 974 221 1026 tiae
244 971 386 1039 diapason,
408 976 484 1023 recte
508 975 600 1021 tamen
624 968 696 1019 dicto
721 967 767 1019 lib.
789 968 821 1019 V.
843 965 1069 1019 Harmonicoium
1093 965 1248 1020 associatur
1272 964 1360 1035 ipsum
1379 965 1530 1035 diapason;

163 1069 217 1105 non
241 1066 327 1104 causa
350 1058 436 1112 ortus,
462 1049 508 1100 sed
532 1063 619 1101 causa
642 1043 857 1099 cohabitationis
881 1045 954 1098 inter
976 1045 1107 1114 planetas
1128 1046 1252 1107 eosdem;
1273 1051 1350 1099 recte
1374 1043 1531 1099 associum

163 1133 302 1191 octaedro,
325 1130 396 1200 quod
412 1127 473 1182 cubi
488 1127 610 1195 conjunx
624 1135 676 1187 est,
693 1125 877 1194 disdiapason,
901 1125 943 1176 cui
966 1124 991 1176 in
1007 1125 1167 1179 harmonica
1181 1124 1302 1178 sectione
1322 1124 1461 1179 adhaeret
1473 1121 1530 1176 dia·

165 1217 301 1264 tessarou.
344 1209 413 1261 Vide
435 1207 483 1261 lib.
507 1208 540 1259 V.
564 1221 624 1274 cap.
648 1207 674 1259 9.
697 1223 773 1274 prop.
797 1205 814 1259 8
836 1211 866 1257 et
889 1204 933 1257 12.

244 1285 276 1353 x)
298 1288 352 1342 Hic
366 1287 465 1345 iterum
481 1287 594 1339 fortuito
610 1281 726 1355 (quippe
749 1285 774 1337 in
790 1283 979 1353 speculatione
995 1301 1048 1335 non
1064 1281 1187 1352 propria)
1209 1285 1236 1338 in
1251 1301 1344 1338 verum
1367 1281 1449 1336 incidi
1463 1294 1531 1352 qua·

164 1372 318 1423 damtenus.
360 1369 430 1422 Nam
444 1383 524 1435 prop.
544 1366 577 1418 15
593 1372 623 1417 et
637 1364 685 1418 27,
710 1364 775 1417 dicti
790 1363 889 1433 capitis
906 1364 931 1416 9.
955 1363 1125 1415 dodecaedro
1144 1364 1251 1433 quidem
1270 1363 1402 1433 diapente
1417 1358 1530 1433 obtigit,

164 1450 307 1503 icosaedro
322 1463 387 1502 vero
403 1455 519 1516 utraque
537 1452 688 1506 sext-amm,
711 1443 800 1496 tertiis
816 1444 904 1496 locum
918 1443 1022 1496 nullum
1037 1459 1098 1495 esse
1113 1445 1248 1511 probatur
1262 1460 1340 1514 prop.
1357 1443 1384 1497 6.

243 1524 275 1600 y)
298 1528 341 1580 De
363 1528 417 1580 hac
438 1525 558 1579 materia
578 1532 622 1577 est
642 1541 719 1577 meus
740 1524 811 1576 liber
831 1523 877 1577 IV.
899 1522 1133 1576 Harmonicorum.

243 1602 273 1675 a)
294 1607 395 1660 Parum
420 1605 524 1674 aliquid
544 1605 571 1657 in
593 1605 647 1657 hac
661 1603 866 1673 comparatione
881 1604 1086 1663 emendandum,
1111 1603 1171 1656 side
1187 1603 1233 1657 lib.
1250 1602 1296 1656 IV.
1310 1602 1408 1656 Herna
1424 1616 1485 1671 cap.
1503 1600 1530 1656 6.

242 1699 290 1767 aa)
312 1703 492 1772 Nequaquam
517 1718 582 1754 vero
604 1701 721 1753 debilem
746 1700 921 1768 experientia
951 1705 1081 1759 testatur.
1115 1702 1162 1753 sed
1194 1699 1334 1754 fortiorem
1361 1716 1447 1770 saepe
1471 1698 1531 1768 ipso

163 1782 252 1844 trino;
279 1797 390 1836 causam
414 1799 451 1834 ex
476 1780 543 1834 meis
566 1780 707 1849 principiis
731 1782 764 1832 do
787 1779 836 1834 lib.
861 1779 908 1832 IV.
934 1779 1028 1832 Harm.

243 1859 292 1926 hb)
316 1861 390 1914 Puta
410 1860 437 1913 in
452 1860 614 1914 Tetrabihlo
638 1861 671 1912 de
690 1859 854 1929 Astrologia
868 1859 978 1928 scripto.
995 1851 1034 1926 ⁴²)
1075 1858 1155 1912 Atin
1169 1858 1352 1923 Harmonicis,
1377 1873 1449 1929 quae
1465 1864 1532 1912 tunc

163 1943 282 1997 nondum
296 1941 426 2002 videram,
449 1955 562 1993 causam
579 1940 651 1992 hanc
667 1939 766 2008 tangit,
785 1940 831 1990 sed
853 1938 934 2001 male,
958 1946 989 1990 ut
1003 1955 1038 1990 ex
1053 1938 1121 1991 meis
1135 1937 1208 1992 notis
1223 1940 1259 1992 ad
1272 1938 1465 1992 Ptolemaeum
1479 1951 1530 2009 pa·

164 2021 247 2075 tebit:
272 2019 380 2073 omnino
404 2019 475 2072 enim
499 2027 529 2071 et
552 2025 642 2071 unum*
655 2025 685 2070 et
699 2017 817 2087 quinque
842 2018 924 2087 signa
948 2023 1077 2087 aspectus
1106 2016 1278 2074 constituunt
1300 2017 1438 2082 efficaces,
1461 2032 1531 2088 quoe

164 2090 279 2170 appello
303 2098 484 2152 semisextum
508 2105 537 2151 et
558 2097 745 2167 quincuncem.

245 2174 287 2242 cc)
308 2178 369 2232 Hoc
384 2179 419 2230 ad
437 2177 547 2230 literam
562 2177 662 2229 falsum
678 2182 730 2228 est.
773 2176 842 2228 Nam
862 2174 934 2228 inter
949 2176 1064 2231 chordas
1082 2178 1093 2230 l
1112 2185 1142 2230 et
1158 2176 1193 2231 12
1211 2186 1255 2231 est
1269 2175 1460 2246 trisdiapaacn
1473 2174 1531 2245 epi·

164 2259 304 2328 diapente,
330 2257 369 2309 sic
391 2257 465 2310 inter
489 2256 605 2310 chordas
622 2255 638 2308 5
654 2262 684 2307 et
701 2253 736 2307 12
761 2263 805 2308 est
828 2255 913 2309 tertia
936 2256 1023 2309 minor
1044 2273 1129 2326 supra
1150 2256 1294 2327 diapason.
1335 2255 1420 2311 Aliud
1444 2255 1533 2327 igitur

164 2338 305 2392 habebam
318 2336 347 2388 in
362 2336 452 2390 animo
467 2353 527 2389 cum
541 2336 612 2388 haec
623 2335 709 2387 verba
723 2334 878 2396 scriberem,
895 2335 1009 2399 scilicet,
1025 2337 1128 2390 nullam
1143 2354 1205 2411 esse
1220 2336 1370 2390 sectionem
1384 2335 1533 2407 tripliciter

163 2416 360 2479 harmonicam,
385 2432 457 2486 quae
477 2415 645 2484 respondeat
664 2414 740 2467 hisce
764 2414 941 2469 divisionibus
961 2416 1063 2479 circuli,
1088 2416 1154 2486 quia
1174 2417 1228 2470 etsi
1246 2418 1270 2470 l.
1290 2414 1338 2480 12,
1355 2416 1422 2470 item
1438 2416 1467 2470 5.
1486 2412 1530 2469 12.

160 2503 319 2559 consonent,
345 2502 375 2548 at
394 2495 505 2548 residua
523 2497 553 2547 ll
572 2494 633 2547 et'l
654 2494 806 2548 abhorrent
828 2495 863 2547 ab
885 2495 1008 2566 utrisque
1028 2497 1159 2550 terminis.
1202 2500 1240 2550 At
1262 2513 1316 2549 non
1337 2513 1400 2550 csse
1416 2496 1532 2550 eandem

160 2576 296 2631 rationem
312 2581 475 2644 aspectuum
499 2591 570 2645 quae
593 2581 638 2626 est
651 2575 900 2639 consonantiarum,
924 2576 1008 2628 doceo
1031 2593 1081 2644 per
1102 2584 1189 2631 totum
1207 2576 1306 2630 librum
1321 2575 1369 2629 lV.
1384 2574 1531 2630 Harmoni-

162 2672 264 2718 corum,
286 2655 436 2724 praecipue
459 2670 519 2724 cap.
542 2656 569 2708 6.

242 2729 290 2802 dd)
312 2734 423 2787 Minime
451 2752 487 2787 ex
515 2733 572 2797 his,
613 2741 644 2786 at
671 2734 741 2786 bene
770 2748 807 2787 ex
834 2733 930 2804 figuris
957 2733 1062 2803 planis,
1097 2751 1210 2805 quarum
1238 2753 1293 2790 non
1321 2733 1525 2806 ignobilissimis

163 2816 233 2868 dode
308 2831 367 2867 nus.

234 2830 374 2959 ο3οΗοε
397 2891 474 2945 initio
500 2884 574 2945 facto
598 2892 676 2961 coepi
698 2909 803 2964 augere
827 2909 967 2946 numerum
988 2901 1164 2962 aspectuum:
1188 2893 1242 2948 etsi
1260 2896 1334 2949 male
1352 2892 1459 2950 adscivi
1475 2909 1532 2949 aes·

165 2975 307 3046 quadrum,
330 2989 378 3026 seu
392 2973 497 3043 gradus
515 2970 580 3034 135,
601 2973 673 3025 male
688 2972 765 3026 omisi
780 2972 958 3026 semisextum
978 2989 1026 3026 seu
1041 2990 1085 3044 gr.
1101 2972 1147 3027 30.
1190 2975 1259 3029 Vide
1274 2992 1360 3045 saepe
1374 2974 1532 3045 allegatum

164 3069 227 3122 cap.
251 3055 279 3108 6.
303 3053 351 3106 lib.
374 3053 420 3104 IV.
445 3052 576 3104 Harmon.

243 3148 275 3216 a)
300 3152 428 3204 Frustra:
452 3165 515 3202 nam
539 3149 680 3203 confirmat
701 3150 877 3217 experientia
899 3150 1042 3219 quintilem
1063 3160 1093 3203 et
1111 3151 1298 3221 biquintilem;
1321 3154 1356 3205 de
1379 3151 1534 3222 sesquadrc

163 3248 237 3294 vero,
263 3247 312 3284 cur
334 3229 383 3283 illc
397 3228 485 3282 minus
509 3228 546 3282 sit
569 3228 678 3291 efficax,
704 3245 785 3299 quam
808 3229 906 3298 reliqui
930 3247 1032 3292 omnes,
1057 3246 1161 3284 causae
1185 3231 1233 3286 lib.
1247 3233 1296 3287 IV.
1310 3232 1408 3286 Harm.
1424 3246 1488 3302 cap.
1504 3229 1532 3283 5.

164 3312 312 3364 traduntur
336 3310 420 3379 longe
444 3309 579 3361 diversae.
631 3309 706 3362 Istae
731 3325 795 3360 vero
827 3309 871 3362 hic
893 3310 1048 3363 recensitae
1077 3310 1196 3382 quinque
1219 3328 1322 3366 causae
1356 3317 1423 3366 sunt
1453 3307 1534 3365 nobie

163 3391 263 3443 iterum
284 3390 457 3450 refutandae,
485 3406 519 3440 ne
541 3395 657 3441 teneant
679 3387 822 3458 quintilem
844 3395 873 3440 et
894 3388 1075 3458 biquiutilem.

243 3469 314 3522 Nam
329 3469 400 3538 quod
416 3483 528 3520 causam
543 3467 660 3535 primam
675 3467 785 3530 attinet,
811 3467 883 3520 sicut
901 3485 960 3521 cum
976 3469 1048 3523 trino
1064 3469 1174 3523 sextilis
1194 3469 1292 3540 implet
1305 3468 1448 3533 circulum,
1474 3486 1535 3525 cnm

163 3550 300 3619 quadrato
316 3549 468 3617 quadratus
483 3547 563 3609 alius,
589 3547 630 3600 sic
643 3547 728 3600 etiam
743 3563 803 3600 cum
817 3546 926 3617 quintili
949 3549 1089 3611 tridecilis,
1112 3566 1172 3603 cum
1191 3549 1331 3620 biquintili
1344 3548 1451 3614 decilia,
1473 3567 1536 3606 cum

163 3631 315 3699 sesquadro
337 3629 490 3697 sequadrus
511 3626 627 3694 implent
641 3625 848 3689 semicirculum,
875 3620 1072 3697 neo'repudiat
1090 3629 1140 3682 hos
1155 3630 1268 3684 musica.
1310 3628 1373 3683 Non
1387 3636 1433 3684 cst
1448 3629 1537 3704 igitur

163 3708 290 3761 eilicacia
312 3709 348 3760 ab
369 3708 423 3760 hac
445 3706 648 3777 adaequatione
670 3705 840 3760 semicirculi.
1018 3766 1021 3773 ¹

243 3787 370 3842 Secunda
394 3802 480 3839 causa
505 3786 539 3838 ad
562 3802 618 3840 rem
633 3793 692 3839 est:
714 3794 745 3839 at
769 3786 818 3839 illa
840 3804 894 3839 non
914 3787 1024 3857 penitus
1046 3788 1176 3857 repudiat
1192 3789 1344 3859 quintilem,
1368 3792 1417 3844 sed
1432 3792 1536 3847 solum·

164 3868 242 3921 modo
258 3866 489 3936 imperfectiorem
511 3865 579 3918 facit
602 3867 673 3919 trino
688 3873 717 3919 et
731 3866 835 3928 sextili,
860 3874 993 3936 quantum
1008 3868 1115 3938 quidem
1129 3868 1192 3937 ipsa
1206 3869 1304 3938 pollet,
1327 3887 1387 3924 cum
1402 3871 1467 3925 sola
1481 3889 1536 3927 non

162 3948 207 4000 sit.
250 3947 419 4001 irrationale
451 3953 545 3998 autem
569 3946 608 3999 sic
630 3963 757 4015 nuncupo
780 3963 840 3999 cum
863 3948 962 4017 vulgo,
996 3950 1067 4017 quod
1090 3947 1118 4000 in
1141 3948 1314 4003 Harmonicis
1344 3949 1411 4004 mibi
1435 3951 1538 4007 dicitrrr

163 4028 312 4081 ineffabile.

241 4106 338 4160 Tertia
357 4122 444 4160 causa
462 4106 591 4159 coincidit
604 4121 664 4157 cum
680 4104 779 4173 primm
803 4105 888 4157 omnis
908 4106 979 4158 eninr
1002 4104 1028 4157 in
1044 4107 1215 4161 semicirculo
1230 4109 1352 4179 angulus
1371 4114 1467 4164 rectus
1481 4116 1536 4165 eat.

162 4186 201 4240 ht
214 4187 237 4238 si
259 4186 343 4238 aliter
358 4187 520 4238 informetur
534 4187 603 4238 haec
619 4200 713 4245 causa,
739 4187 809 4254 quod
830 4184 884 4237 bini
903 4201 1011 4254 semper
1031 4193 1161 4255 aspectus
1176 4187 1300 4241 efficiant
1320 4204 1456 4245 summam
1468 4193 1536 4245 duc·

162 4281 221 4318 rum
243 4273 388 4326 rectorum,
411 4282 482 4317 nuno
503 4265 690 4317 semicirculus
713 4264 811 4316 iterum
832 4272 876 4316 est
897 4282 991 4318 eorum
1012 4282 1149 4319 mensura.

243 4345 351 4405 Quarta
366 4360 452 4398 causa
466 4344 553 4398 futilis
568 4352 620 4406 est,
645 4344 668 4397 si
683 4344 754 4396 enim
770 4344 855 4398 tertia
869 4345 958 4397 mollis
974 4346 1034 4398 ideo
1049 4353 1093 4398 est
1106 4348 1302 4416 quodammodo
1316 4349 1454 4418 perfecta,
1470 4350 1537 4421 qnia

161 4425 250 4478 utitur
264 4424 360 4477 eadem
375 4424 508 4478 divisione
523 4441 583 4477 cum
598 4424 737 4493 perfectis,
759 4424 818 4477 scil.
833 4425 1013 4487 duodenaria,
1035 4441 1103 4479 sane
1117 4433 1147 4478 et
1161 4426 1257 4480 divisio
1276 4427 1418 4483 vicenaria
1432 4429 1536 4485 conati·

161 4505 250 4560 tuitur
264 4503 424 4571 adjumento
440 4504 645 4574 quaternariae,
671 4511 701 4556 et
714 4504 905 4573 sexagenaria
920 4505 1068 4558 ternariae.
1111 4506 1139 4559 Si
1159 4506 1245 4560 tertia
1258 4510 1329 4562 dura
1344 4525 1401 4562 non
1415 4512 1537 4580 quadrat

160 4587 195 4639 ad
217 4583 424 4647 duodenarium,
441 4584 537 4653 majori
553 4583 670 4639 termino
682 4584 708 4646 5,
735 4600 801 4636 sane
826 4601 914 4653 neque
939 4585 1025 4637 tertia
1047 4586 1138 4639 mollis
1158 4587 1280 4656 quadrat
1301 4589 1336 4641 ad
1354 4581 1556 4655 vicenarium,⁸

159 4664 257 4733 majori
273 4664 389 4717 termino
405 4667 432 4719 6.
455 4666 593 4720 Rursum
613 4664 636 4716 si
656 4662 742 4716 tertia
761 4663 850 4716 mollia
874 4664 934 4716 ideo
950 4665 1071 4718 habetur
1089 4683 1140 4734 pro
1159 4667 1294 4735 perfecta,
1318 4667 1386 4738 quia
1399 4677 1446 4724 est
1459 4669 1536 4724 dimi·

159 4744 232 4799 dium
246 4745 332 4814 ipsius
347 4744 489 4816 diapente,
513 4743 604 4814 magis
619 4743 706 4797 tertia
720 4745 789 4796 dura
803 4743 954 4797 habebitur
975 4761 1025 4813 pro
1040 4747 1176 4814 perfecta,
1199 4746 1265 4817 quia
1278 4753 1309 4801 et
1322 4747 1386 4818 ipsa
1400 4755 1446 4804 est
1459 4749 1536 4804 dimi·

159 4823 233 4878 dium
246 4823 333 4893 ipsius
348 4824 480 4896 diapente
496 4838 633 4894 superans
648 4828 766 4886 tantum
788 4830 921 4899 quantum
937 4824 1023 4878 tertia
1037 4825 1128 4880 mollis
1143 4826 1235 4881 deficit
1248 4845 1267 4882 a
1279 4826 1399 4885 dimidio.
1436 4830 1538 4903 Itaque
