3366 5482
765 182 928 242 θιιιιιιιιι.
1170 223 1175 232 .
1475 179 1518 251 39

816 250 821 259 ,
899 238 906 253 0

794 263 799 273 .

159 359 225 404 meo
254 341 385 405 nomine.
435 342 521 407 Idem
548 344 640 407 otiam
667 361 733 406 meo
761 336 880 406 nomine
908 363 1006 409 meam
1034 366 1083 417 ιι..
1107 344 1358 412 officiosissimam
1389 344 1519 413 salntem

160 430 290 510 collegio
314 431 523 512 philosophico
545 432 650 499 dicas.
686 433 768 494 Dens
792 432 848 494 tibi
872 433 1066 497 domesticum
1091 453 1254 501 moerorem
1277 434 1384 529 majori
1399 424 1519 502 laetitia

160 518 245 581 brevi
268 530 455 601 compenset
501 522 592 598 Vale,
618 530 650 582 et
671 521 864 584 Ludovicum
871 522 972 599 lilium,
996 524 1046 606 qni
1056 524 1122 603 J'am
1136 524 1241 604 procul
1257 518 1346 587 dubio
1359 522 1517 603 patrissat,

160 630 178 669 a
203 608 342 671 studioso
365 611 539 673 matheseos
559 610 671 672 saluta.
716 610 861 678 Nostram
883 611 969 672 vobis
993 613 1129 676 omnibus
1152 613 1312 702 ecclesiam
1335 612 1519 685 commando,

160 698 332 780 uestrisque
355 701 542 783 precibus.
556 698 585 762 1,
612 698 647 762 11
674 683 758 762 Junii
780 719 829 761 an.
857 686 951 766 1598

621 788 744 852 ..Hum
769 789 804 852 Τ.
830 787 919 853 Grat.
943 791 1027 856 Diso

1178 878 1280 964 mir.
1302 841 1445 1008 repre.
1502 907 1504 911 .

112 1078 115 1083 ·
231 1055 323 1106 Paucis
341 1009 398 1119 port
415 1054 547 1108 monulus
558 1054 624 1105 ιιιιι
645 1054 781 1140 Keplorum
799 1022 931 1107 ιιιιιιιιιι
948 1055 1104 1120 theologicas
1129 1056 1302 1117 calamitates,
1320 1057 1452 1123 ptoloms
1472 1014 1520 1115 ιιι.

162 1143 224 1194 quar
240 1129 268 1177 in
286 1127 426 1191 praemissis
445 1127 543 1191 tangit
562 1132 605 1187 ιι,
625 1129 695 1190 quari
710 1129 765 1191 jam
782 1128 928 1199 ingruentes
943 1127 1112 1194 praesagienti
1131 1129 1213 1178 animo
1233 1123 1361 1187 ιιιιιιιιι.
1374 1125 1520 1183 concludit:

164 1207 290 1256 ιιιιιιιιιι
308 1200 375 1248 robis
394 1199 504 1250 omnibus
523 1198 654 1248 amieriam
673 1198 842 1248 commendo!
905 1239 908 1242 .

178 1268 411 1322 calamitatem
429 1275 599 1333 erumpentem
616 1260 654 1320 hir
672 1271 776 1325 ιιιιιιι
793 1268 941 1320 Maestlino:

250 1413 382 1475 Pandite
406 1432 482 1474 nuuc
505 1411 653 1485 Helicona
666 1412 761 1487 Deae,
786 1419 951 1493 cantusque
967 1419 1095 1474 movete.
1134 1411 1195 1474 Sed
1210 1412 1280 1494 qnid
1296 1421 1404 1476 cantus
1409 1431 1520 1518 posco.

162 1503 208 1566 cni
232 1504 306 1564 fletu
330 1520 403 1581 opus
428 1501 495 1563 est?
531 1500 609 1563 Rern
638 1501 771 1564 breviter
793 1500 908 1582 accipe.
954 1500 1018 1563 vix
1040 1501 1175 1566 redierat
1198 1522 1235 1564 ex
1258 1503 1350 1565 ltalia
1358 1502 1523 1583 princeps,

162 1612 228 1655 cum
252 1592 383 1660 accidit,
408 1599 448 1658 nt
461 1590 596 1681 picturas
617 1592 768 1671 quaedam
790 1610 903 1652 aeneae
925 1590 955 1652 in
978 1609 1077 1671 papae
1100 1592 1323 1654 contumeliam
1334 1577 1381 1653 hic
1404 1592 1520 1657 distra-

163 1685 317 1745 herentur.
355 1669 510 1760 Princeps
521 1686 630 1742 vocato
654 1680 868 1745 ordinariomm
891 1680 1042 1760 praeside,
1065 1700 1180 1762 pacem,
1203 1681 1309 1770 inquit,
1334 1681 1401 1744 etsi·
1408 1682 1519 1760 darem,

163 1772 220 1876 ipsi
244 1770 397 1850 respuitis.
443 1769 491 1832 Ex
516 1789 551 1831 eo
570 1769 745 1849 bibliopola,
769 1770 907 1852 quamvis
925 1769 1152 1848 provincialium
1166 1771 1311 1845 minister,
1333 1791 1422 1850 Jussu
1435 1788 1520 1851 prm·

163 1862 239 1941 cipis
262 1862 294 1922 in
318 1878 469 1921 carcerem
492 1858 549 1922 fuit
572 1859 737 1939 conjectus.
784 1859 819 1921 ld
844 1859 955 1926 factum
979 1878 1082 1921 mense
1099 1859 1192 1923 Julio.
1238 1859 1352 1921 Eodem
1372 1868 1519 1940 tempore,

164 1970 229 2014 oum
262 1958 386 2012 nostrae
424 1948 623 2012 consessionis
652 1948 873 2042 Elemosynarii
904 1944 1109 2030 premerentur
1144 1949 1194 2012 vel
1225 1949 1460 2052 praeterirentur
1491 1947 1521 2011 ιι

165 2038 312 2102 communi
336 2038 490 2119 hospitali,
515 2046 547 2101 et
568 2045 752 2100 mortuorum
775 2056 901 2118 corpora
919 2056 973 2119 pro
996 2037 1152 2118 sepultura
1173 2038 1262 2100 nimis
1285 2056 1425 2119 magnum
1445 2056 1521 2099 ·-veo

165 2130 237 2208 tigal
262 2129 393 2209 pendere
417 2127 608 2189 viderentur:
633 2128 859 2208 promulgarunt
873 2127 978 2191 nostri
1002 2127 1039 2189 de
1058 2135 1218 2210 suggestu,
1244 2146 1367 2190 novum
1376 2126 1520 2201 coemite·
1530 2129 1533 2136 ’

165 2220 249 2292 rium,
274 2236 384 2279 novum
408 2216 558 2297 hospitale
582 2235 637 2295 pro
660 2217 861 2292 nostratibus,
885 2194 1121 2281 contributiones
1145 2214 1320 2299 Christiano
1345 2235 1426 2278 more
1449 2236 1520 2277 sua·

161 2316 278 2370 serunt.
326 2308 371 2370 At
394 2326 470 2384 cum,
491 2313 678 2385 praestemus
710 2325 847 2381 numero,
881 2324 1023 2385 magnum
1050 2306 1121 2387 quid
1139 2306 1522 2387 ‘pontificiisdecessurum

168 2405 239 2460 erat
289 2394 419 2458 Sublata
441 2396 542 2475 itaque
571 2405 620 2459 est
652 2395 814 2458 autoritate
837 2395 980 2476 principis
1003 2396 1058 2458 illa
1079 2395 1205 2475 molitio.
1251 2395 1358 2458 Mense
1383 2394 1521 2473 Augusto

168 2486 390 2567 praeambulum
413 2485 587 2563 tragoediae
612 2485 678 2546 luit.
716 2485 971 2566 semipresbyter
991 2485 1075 2546 urbis
1094 2502 1151 2564 pro
1175 2485 1265 2547 officii
1280 2485 1395 2546 ratione
1409 2482 1522 2546 nostr-is
1633 2486 1640 2498 ‘

168 2574 426 2638 concionatoribus
450 2574 528 2640 omui
562 2573 705 2636 exercitio
737 2574 892 2654 religionis
929 2573 1249 2653 etadmlnistratione
1268 2578 1523 2636 sacramentorum

169 2664 467 2744 benedictionumque
490 2663 701 2743 conjugialium
724 2663 890 2738 interdixit,
914 2670 1074 2742 praetenso
1093 2657 1178 2743 jure',
1202 2663 1280 2742 quod
1304 2662 1417 2725 habent
1440 2661 1521 2724 anti-

170 2753 265 2834 quitus
291 2752 341 2834 qni
365 2752 422 2815 loci
442 2760 490 2814 est
513 2752 774 2834 archipresbyter,
799 2752 884 2831 cujus
906 2752 1070 2832 vectigalia
1088 2752 1274 2826 minuantur,
1300 2752 1441 2814 aliorsum
1463 2751 1521 2812 ab·

170 2843 290 2905 stractio
315 2841 397 2903 bisce
421 2842 516 2904 saeris
540 2841 805 2921 negotiationibus.
845 2840 1045 2922 Respondete
1064 2843 1119 2922 pro
1141 2841 1285 2904 ministris
1305 2841 1416 2903 nostris
1439 2839 1522 2901 ordi-

170 2933 250 2995 narii.
299 2930 474 3011 Replioavit
496 2927 591 2993 semel
615 2940 704 3011 atque
728 2929 845 3004 iterum,
872 2940 903 2992 et
927 2930 1053 3013 denique
1077 2930 1232 2994 brachium
1255 2930 1409 2993 saeculare
1432 2929 1520 2991 invo-

172 3022 256 3083 cavit.
291 3020 447 3100 Princeps,
471 3020 580 3081 debere
604 3039 638 3082 se
662 3020 789 3081 tutelam
812 3038 870 3081 non
894 3019 981 3082 nobis
1004 3028 1124 3082 tanturn
1146 3019 1252 3081 sedet
1275 3019 1337 3091 suis
1361 3017 1518 3099 religiosis,

171 3109 273 3191 itaque
291 3110 373 3191 quod
395 3115 487 3182 antea
510 3110 643 3170 facturus
666 3116 735 3170 erat
756 3103 876 3190 propria
900 3109 1075 3183 devotione,
1104 3109 1134 3171 id
1158 3128 1234 3170 nuuc
1257 3108 1447 3189 imploratum
1471 3108 1520 3168 la·

172 3219 251 3273 cere,
288 3208 322 3261 et
353 3198 510 3272 mandare,
542 3207 578 3259 nt
605 3176 746 3261 ordinarii
778 3198 859 3259 iutra
893 3193 934 3260 14
962 3198 1026 3259 dies
1049 3199 1173 3261 mittant
1195 3216 1297 3260 omnes
1319 3196 1465 3259 ecclesiae
1489 3202 1520 3256 et

173 3249 289 3351 scholae
307 3286 408 3350 Gratii
423 3295 453 3347 et
466 3286 658 3368 Judeburgae
673 3287 835 3361 ministros,
861 3306 971 3367 eosque
995 3287 1024 3349 in
1048 3287 1202 3350 aeternnm
1225 3285 1433 3371 haereditariis
1456 3284 1519 3345 suis

171 3378 329 3456 provinciis
360 3376 515 3438 abstinere
548 3375 603 3437 sub
640 3395 738 3479 poena
768 3376 878 3456 capitis
905 3376 1064 3456 jubeant.
1098 3378 1225 3442 Factum
1259 3375 1308 3440 10.
1347 3373 1400 3438 20.
1431 3372 1518 3456 Sept.
1601 3421 1609 3441 ,
1660 3387 1680 3459 J

172 3466 410 3549 Responderunt,
433 3484 519 3527 sunm
543 3484 610 3526 esse
633 3465 710 3528 tueri
732 3482 878 3544 personas
901 3465 957 3528 has
981 3474 1088 3529 contra
1110 3466 1186 3543 viru,
1211 3466 1330 3528 mittere
1352 3483 1411 3527 non
1434 3468 1519 3525 sunm

113 3614 115 3623 .
173 3575 242 3631 esse,
267 3557 323 3619 sed
347 3555 440 3618 totins
464 3562 639 3616 conventus.
686 3555 783 3616 Erant
805 3562 868 3618 tum
882 3555 939 3618 ·hio
962 3541 1101 3636 Hispani,
1125 3575 1275 3638 sponsam
1291 3553 1372 3637 regis
1389 3552 1517 3616 comita·

173 3647 233 3721 tori,
260 3654 292 3708 et
305 3651 376 3726 post
388 3641 510 3709 biduum
526 3643 687 3706 discessuri
701 3662 768 3706 cnm
783 3642 923 3725 Styriaoo
938 3645 1082 3708 comitatu
1106 3646 1170 3726 (qni
1193 3654 1276 3708 totus
1300 3664 1338 3706 ex
1359 3640 1518 3724 pontificiis

173 3735 271 3798 debuit
302 3734 458 3805 constare)
485 3733 678 3812 putabantur.
724 3733 868 3813 Princeps
895 3730 943 3796 lt.
969 3730 1022 3796 24.
1047 3732 1134 3814 Sept.
1167 3734 1253 3797 nobis
1284 3719 1357 3815 ipsis
1378 3732 1518 3812 imperat,

173 3833 201 3887 nt
230 3826 312 3887 intra
343 3832 484 3885 octavum
516 3822 593 3883 diem
626 3821 786 3902 provinciis
819 3822 880 3884 suis
914 3822 1062 3886 abiremns
1094 3823 1150 3885 sub
1172 3842 1270 3904 poena
1293 3822 1451 3902 eapitis·
1444 3812 1518 3880 ·Din

173 3914 289 3997 scriptis
303 3918 508 3975 concertatum
521 3911 684 4014 principem
699 3911 777 3974 inter
791 3920 822 3974 et
836 3911 1012 3986 ordinarios,
1036 3913 1143 3994 (qui
1115 3912 1228 3976 viciuos
1242 3931 1382 3995 proceres
1405 3926 1519 3973 ιοιιι-

174 4011 322 4078 caverant,
347 4002 401 4064 sed
425 4019 568 4080 aquarum
591 4001 728 4068 maximis
751 4009 783 4064 et
801 4000 930 4065 insolitis
943 4001 1195 4075 inundationibus,
1219 4021 1296 4082 quae
1310 4000 1404 4065 otiam
1417 4015 1519 4075 mensa

175 4094 308 4174 Angusto
332 4093 425 4163 inere,
448 4090 590 4170 impediti,
615 4088 777 4154 ιιιιιίιιιιι
800 4088 842 4154 30
865 4093 1094 4166 convenerunt).
1140 4092 1274 4155 Tandem
1295 4090 1345 4155 17.
1361 4087 1414 4152 27.
1430 4087 1517 4168 Sept.

175 4192 237 4244 ante
261 4181 345 4244 Solis
368 4197 505 4244 occasum
528 4180 683 4241 universos
706 4198 761 4253 nos
783 4179 922 4263 princeps
945 4181 1017 4243 urbe
1041 4181 1169 4257 migrare
1194 4187 1227 4242 et
1244 4183 1318 4262 'post
1339 4180 1439 4251 finitos
1452 4175 1517 4258 pri·

175 4291 232 4333 nos
255 4270 275 4331 7
300 4271 366 4355 dies
390 4269 470 4332 exire
492 4267 653 4352 provinciis
677 4268 817 4331 atrociori
840 4269 1096 4342 commendatione
1111 4269 1218 4349 jussit.
1266 4272 1371 4352 Itaque
1392 4267 1428 4329 de
1443 4284 1517 4329 cou-

94 4364 96 4369 ’
175 4361 247 4423 silio
258 4361 322 4423 et
308 4379 397 4442 Jussu
419 4376 573 4439 procemm
595 4357 759 4433 exivimus,
790 4358 903 4421 relictis
927 4359 1123 4439 conjugibus,
1153 4361 1220 4423 hinc
1244 4359 1312 4421 inde
1336 4352 1497 4438 dispersi
1489 4373 1518 4415 ru

174 4449 321 4554 Ungarlae
345 4457 377 4511 et
400 4445 543 4511 Oroatiae
566 4448 649 4522 fines,
673 4447 724 4510 nbi
748 4445 863 4510 Caesar
879 4448 1026 4553 imperat.
1060 4447 1181 4512 Salaria
1203 4449 1384 4512 obtinuimus
1407 4443 1517 4507 nihilo-

175 4541 277 4614 minus,
310 4537 425 4601 viatica
447 4537 569 4616 insuper
591 4537 779 4618 accepimus,
808 4537 888 4618 J'ussi
915 4536 1006 4600 banc
1026 4539 1069 4599 ιιι
1093 4539 1224 4602 ιιιιιιιι
1249 4539 1415 4603 fortunam,
1448 4532 1517 4592 dum

94 4656 96 4667 ·
175 4637 333 4693 conventus
357 4621 515 4690 habeatnr.
560 4627 591 4689 Is
616 4626 712 4689 adhuc
735 4635 883 4706 speratur.
916 4626 994 4708 Ego
1018 4637 1088 4708 post
1106 4633 1245 4692 inensem
1267 4625 1351 4700 redii,
1371 4623 1518 4703 ιιιιιιιι

176 4718 312 4800 principis
335 4713 494 4810 ministris,
519 4715 570 4805 qui
591 4730 639 4780 me
661 4725 811 4789 ‚exeuntum
834 4716 985 4797 dicebant,
1032 4714 1207 4798 Supplicavi
1228 4725 1338 4789 tamon,
1353 4708 1424 4787 ιιι,
1448 4707 1518 4792 qnia
