3366 5482
106 280 108 285 ⁴
159 313 224 395 242
714 312 835 377 nauus
852 311 975 374 cyaneus

148 472 467 548 sermocinantes,
499 472 556 546 ait,
595 490 663 532 esse
694 471 823 532 effictam
849 469 1123 531 delineationem
1116 469 1314 549 imaginariae
1343 489 1403 531 non
1434 489 1526 535 verae

159 571 192 625 et
212 563 357 643 genuinae
387 562 500 623 formae
524 560 701 640 systematis
725 558 877 620 mundani
925 555 1041 627 Quibus
1076 557 1177 619 verbis
1208 565 1314 637 aperte
1342 567 1440 637 negat
1468 561 1530 657 hy·

157 651 297 732 pothesin
321 669 406 718 esse,
440 669 516 731 quae
541 668 598 709 non
623 649 665 709 sit
689 648 774 709 falsa.
823 646 989 708 Confirmat
1013 648 1089 707 hanc
1114 666 1198 708 suam
1222 646 1411 709 seutentiam
1434 628 1530 729 paulo

107 748 109 752 ’
159 747 242 821 post,
272 738 322 799 ubi
346 738 403 812 ait,
434 737 506 799 nihil
532 736 705 798 aliudesse
730 736 930 838 hypotheses,
965 755 1053 814 quam
1078 736 1437 815 commentaquaedam.
1486 735 1526 798 Et

158 827 282 891 inferius
306 826 358 900 ait,
384 846 441 888 uon
467 827 529 886 fore
553 825 737 904 hypotheses
761 826 786 885 si
811 843 900 884 verae
927 824 998 884 sint.
1052 825 1142 885 ltem:
1169 824 1321 904 proprium
1340 844 1412 887 esse
1427 826 1526 907 hypo-

160 916 307 984 thesium,
338 935 376 974 ex
399 914 477 975 falso
502 934 605 975 verum
630 914 790 975 sciscitari.
837 911 938 983 Quare
970 914 1133 974 secuudum
1158 913 1234 975 hanc
1259 914 1448 978 sententiam
1472 933 1526 976 nec

161 1004 327 1066 movebitur
351 1003 445 1065 Terra
478 1022 532 1063 nec
556 1003 700 1081 quiescet.
748 1002 914 1080 Utramque
939 1002 1017 1062 enim
1042 1002 1224 1081 hypothesin
1246 1002 1343 1064 Ursus
1369 1003 1526 1066 fatebitur.

160 1092 202 1155 Et
224 1093 305 1154 mille
329 1091 414 1153 talia.
462 1090 523 1153 Sed
548 1091 604 1153 hoc
628 1100 794 1152 monstrum
819 1090 999 1151 delinitionis
1026 1090 1089 1168 jam
1114 1099 1206 1152 antea
1229 1091 1307 1152 satis
1331 1100 1383 1153 est
1406 1092 1527 1154 reluta-

160 1190 222 1243 tum
254 1200 309 1243 nec
332 1179 435 1242 verbis
460 1180 580 1258 dignum
606 1189 662 1240 est.
711 1180 789 1239 Tota
812 1180 907 1240 series
928 1199 1061 1240 errorum
1085 1189 1132 1241 est
1156 1199 1193 1240 ex
1218 1180 1343 1242 sinistro
1369 1180 1528 1243 intellectu

161 1269 270 1354 etymi:
296 1264 514 1341 ὑποτιθισθαι,
547 1269 626 1347 quod
651 1269 728 1330 Urso
748 1268 867 1328 videtur
896 1268 973 1329 idem
999 1287 1065 1328 esse
1091 1269 1169 1348 quod
1194 1270 1316 1347 fingere.
1365 1269 1412 1331 At
1435 1289 1529 1350 supra

160 1359 298 1432 diximus,
325 1358 390 1437 quis
415 1359 479 1438 ejus
503 1357 545 1418 sit
568 1357 755 1435 significatus
779 1357 857 1434 apud
882 1365 1062 1435 geometras.

248 1446 365 1507 Deinde
390 1446 582 1527 hypotheses,
604 1446 656 1516 ait,
680 1444 807 1523 confingi
832 1445 870 1505 ad
892 1445 1097 1506 observandos
1117 1454 1214 1506 motus
1230 1446 1392 1507 coelestes.
1441 1447 1526 1509 Haec

160 1536 312 1598 sententia
336 1535 515 1596 ediametro
530 1543 645 1615 pugnat
668 1553 734 1595 cum
767 1534 905 1594 veritate.
953 1534 1056 1594 Motus
1089 1534 1239 1595 coelestes
1263 1534 1428 1597 observare
1451 1555 1526 1615 pos-

80 1644 89 1653 ·
160 1644 279 1697 sumus,
313 1623 397 1684 nulla
429 1624 517 1703 plane
551 1622 656 1684 imbuti
680 1622 817 1701 opinione
849 1622 937 1683 ullius
962 1623 1170 1702 dispositionis
1194 1624 1356 1687 coelorum.
1403 1623 1526 1687 Etenim

161 1712 333 1775 observatio
358 1720 490 1773 motuum
514 1711 690 1774 coelestium
719 1720 908 1772 astronomos
932 1712 1096 1773 manducat
1119 1712 1157 1772 ad
1182 1711 1368 1793 hypotheses
1392 1713 1528 1793 legitime

160 1801 399 1876 constituendas,
425 1820 482 1862 non
498 1821 514 1862 e
530 1800 691 1862 contrario.
739 1798 827 1870 Quod
852 1800 929 1860 enim
955 1801 983 1860 in
1008 1802 1087 1863 omni
1102 1801 1273 1878 cognitione
1299 1802 1341 1876 tit,
1368 1812 1403 1864 ut
1427 1803 1467 1864 ab
1490 1803 1527 1864 iis

161 1909 237 1972 qnae
260 1890 290 1950 in
315 1909 422 1951 sensus
453 1889 605 1950 incurrunt
637 1888 751 1962 exorsi,
786 1891 895 1949 mentis
919 1889 1086 1968 agitatione
1115 1890 1316 1969 provehamur
1339 1892 1379 1953 ad
1404 1891 1526 1964 altiora,

162 1999 238 2061 quae
266 1979 347 2040 nullo
376 1996 483 2038 sensns
517 1978 651 2039 acumine
685 1977 895 2056 comprehendi
929 1986 1054 2056 queunt,
1088 1979 1167 2039 idem
1201 1986 1233 2039 et
1264 1979 1291 2039 in
1322 1981 1528 2043 astronomica

161 2067 281 2146 negotio
306 2067 402 2127 locum
426 2066 531 2151 habet,
567 2066 615 2126 ubi
639 2065 764 2144 primum
793 2066 892 2128 varios
925 2068 1116 2145 planetarum
1145 2068 1223 2128 situs
1251 2068 1380 2130 diversis
1405 2077 1526 2149 tempo-

161 2155 242 2217 ribus
267 2155 360 2216 oculis
385 2162 537 2228 notamus,
569 2153 674 2232 quibus
699 2154 959 2216 obseruationibus
984 2156 1175 2217 ratiocinatio
1199 2156 1415 2235 superveniens
1442 2177 1528 2220 men·

161 2251 222 2306 tem
245 2243 274 2305 in
299 2242 499 2322 cognitionem
524 2244 638 2303 formae
663 2242 829 2303 mundanae
855 2244 991 2317 deducit,
1020 2245 1105 2324 cujus
1121 2244 1240 2326 quidem
1265 2247 1379 2308 formae
1394 2248 1526 2320 munda·

160 2352 217 2395 nae
241 2333 284 2393 sic
308 2350 346 2392 ex
370 2331 630 2392 observationibus
655 2330 813 2392 conclusae
839 2332 1002 2394 delineatio
1019 2334 1230 2413 hypothesium
1255 2336 1526 2399 astronomicarum

160 2421 352 2522 postmodum
376 2440 480 2482 nomen
506 2420 693 2499 adipiscitur.

247 2509 329 2570 Tert
308 2517 349 2570 tro
382 2517 570 2570 astronomos
604 2509 632 2569 in
662 2508 693 2569 id
722 2510 831 2570 saltem
864 2509 1019 2571 elaborare
1052 2511 1130 2584 uult,
1164 2518 1198 2571 nt
1227 2530 1265 2571 ex
1290 2515 1439 2576 assumtis
1463 2516 1526 2578 suis

161 2598 379 2702 hypothesibus
404 2597 549 2659 rationem
573 2598 703 2659 reddant
725 2605 859 2659 motuum
878 2598 1053 2661 coelestium
1077 2600 1280 2679 doceantque,
1313 2602 1420 2681 quales
1442 2604 1525 2666 tntu·

161 2688 203 2750 ris
236 2670 444 2789 temporibus
455 2687 620 2766 apparituri
652 2689 724 2749 siut.
781 2687 886 2788 Neque
915 2688 964 2749 hic
1001 2687 1064 2748 siue
1099 2689 1275 2769 exceptione
1304 2709 1408 2754 verum
1441 2694 1525 2756 dicit.

161 2776 241 2840 Nam
266 2775 324 2837 etsi
349 2777 415 2848 hoc,
440 2776 519 2855 quod
542 2776 625 2849 dicit,
651 2776 816 2837 astronomi
839 2777 1011 2855 primarium
1037 2778 1243 2852 estotlicinm,
1268 2797 1327 2840 non
1352 2788 1527 2845 esttamen

162 2872 356 2928 astronomus
381 2884 396 2924 e
422 2876 510 2927 coetu
534 2864 794 2945 philosophorum,
825 2864 935 2943 quide
961 2884 1057 2927 rerum
1090 2873 1198 2927 natura
1221 2876 1384 2946 quaerunt,
1421 2872 1523 2934 exclu-

162 2952 288 3016 dendus.
336 2956 420 3015 Bene
445 2955 578 3034 fungitur
601 2953 699 3015 officio
725 2954 898 3028 astronomi,
924 2953 973 3032 qui
998 2956 1243 3033 quamproxime
1267 2964 1368 3019 motus
1393 2968 1426 3021 at
1449 2961 1527 3023 situs

162 3044 318 3106 stellarum
342 3042 508 3122 praedicit:
534 3044 640 3104 melius
666 3053 765 3103 tamen
792 3042 866 3103 l'acit
891 3052 921 3103 et
944 3044 1052 3122 majori
1076 3044 1164 3105 laude
1184 3045 1292 3125 dignus
1314 3046 1452 3123 habetur,
1478 3049 1527 3131 qui

161 3141 284 3214 praeter
314 3131 370 3192 hoc
402 3131 493 3192 etiarn
518 3151 607 3192 veras
638 3132 675 3192 de
706 3132 806 3193 mundi
835 3131 931 3191 forma
961 3133 1130 3194 sententias
1159 3133 1292 3197 adhibet.
1339 3137 1397 3198 llle
1420 3156 1527 3218 nempe

163 3220 266 3282 v'ernm
296 3220 393 3301 quoad
421 3219 517 3280 visum
552 3220 719 3281 concludit:
751 3220 880 3281 hicnon
912 3229 1028 3282 tantum
1053 3221 1129 3282 risui
1154 3223 1336 3285 concludens
1360 3226 1526 3301 satisfacit,

163 3310 217 3372 sed
242 3309 335 3370 etiam
361 3318 488 3370 naturae
511 3309 731 3388 penitissimam
757 3310 880 3370 formam
904 3310 1107 3371 concludendo
1136 3311 1347 3391 amplectitur,
1376 3325 1527 3396 utsupra

163 3398 220 3460 fuit
253 3398 446 3477 explicatum.
499 3399 604 3478 h'eque
635 3398 682 3458 hic
716 3398 902 3460 solummodo
935 3399 1058 3460 ideam
1091 3400 1222 3480 aliquam
1255 3401 1326 3465 boni
1359 3404 1527 3467 astronomi

163 3487 318 3548 describo:
354 3486 492 3567 exempla
520 3496 691 3567 suppetunt.
737 3488 806 3550 h'on
841 3489 897 3548 fuit
920 3489 1122 3550 necessarium
1147 3491 1185 3551 ed
1209 3498 1308 3552 motus
1336 3493 1527 3571 planetarum

164 3576 392 3657 praedicendos,
419 3584 452 3636 ut
475 3575 669 3637 Ptolemaeus
695 3577 731 3636 de
756 3577 860 3637 ordine
887 3576 1083 3657 sphaerarum
1109 3578 1289 3657 disputaret,
1318 3589 1351 3642 et
1370 3582 1402 3643 id
1425 3591 1525 3645 tamen

164 3666 189 3727 is
214 3665 375 3743 diligenter
399 3664 481 3725 iecit.
529 3664 596 3727 Non
623 3665 678 3727 ruit
702 3666 905 3727 necessarium
929 3666 967 3726 ad
992 3675 1093 3728 motus
1115 3669 1305 3746 planetarum
1330 3671 1447 3735 calculo
1471 3692 1525 3734 ex·

162 3755 342 3833 promendus
367 3763 398 3813 et
421 3753 656 3833 praedicendos,
688 3765 721 3815 ut
746 3753 929 3834 Copernicus
959 3766 990 3816 et
1024 3764 1096 3835 post
1120 3757 1202 3818 illum
1224 3757 1263 3818 D.
1289 3759 1392 3840 'lycho
1417 3780 1526 3823 causas

164 3843 356 3922 inquirerent,
382 3862 434 3903 cun
458 3844 598 3922 planetae
624 3841 791 3924 ἀκροιυχιοι
815 3845 888 3904 liant
904 3844 1004 3905 Terris
1027 3845 1165 3924 proximi.
1212 3847 1361 3910 Poterant
1375 3850 1456 3911 enim
1479 3850 1526 3911 uel

162 3931 351 3992 Ptolemaiou
387 3934 482 3992 l'orma
524 3932 674 3992 coelorum
704 3934 747 3992 usi
786 3933 928 3994 correctis
967 3933 1201 3995 dimensionibus
1241 3936 1320 3998 idem
1353 3948 1524 4018 praestare.

162 4018 223 4080 Sed
244 4020 317 4082 lecit
341 4039 423 4083 amor
447 4021 675 4099 cognoscendae
701 4030 836 4096 naturae,
863 4030 896 4083 ut
920 4023 1085 4083 astronomi
1109 4023 1319 4087 astronomicis
1339 4027 1526 4106 argumentis

162 4108 238 4170 hanc
262 4108 402 4189 physices
426 4117 543 4187 partem
563 4110 782 4188 explorandam
808 4121 968 4183 sumerent,
996 4130 1049 4173 uec
1074 4112 1184 4191 injuria
1198 4114 1366 4192 gloriantur
1389 4117 1428 4178 de
1451 4137 1526 4180 sna·

160 4216 224 4258 runt
247 4197 457 4298 hypothesium
490 4217 556 4259 cum
581 4219 679 4260 rerum
704 4208 816 4260 natura
843 4201 1064 4260 conformitate
1113 4199 1192 4269 Quid
1219 4200 1428 4282 Copernicus?
1461 4225 1527 4269 cum

160 4286 454 4347 animaduerteret
448 4307 476 4347 ιιι
501 4287 677 4348 Ptolemaeo
709 4288 858 4368 quandam
883 4289 1136 4379 inaequalitatem
1160 4302 1259 4353 motus
1293 4293 1434 4376 epicycli,
1469 4313 1526 4358 non

160 4373 231 4455 quia
258 4374 284 4435 is
313 4381 412 4435 motus
437 4374 513 4436 visui
546 4385 577 4437 et
606 4376 811 4453 experientiae
843 4396 897 4438 seu
925 4363 1130 4440 obseruatioui
1163 4381 1335 4457 stellarum,
1369 4384 1426 4446 sed
1458 4383 1528 4466 qnia

158 4483 256 4527 rerunt
286 4473 412 4524 naturae
446 4474 644 4544 repugnaret,
679 4466 745 4526 ideo
770 4466 837 4526 hine
862 4467 1051 4527 occasionem
1075 4488 1109 4530 se
1133 4469 1275 4570 adeptum
1303 4472 1526 4573 profitetur‚a

159 4554 335 4616 Ptolemaeo
366 4553 551 4615 discedendi.
599 4554 640 4615 Et
668 4556 850 4617 orniserum
874 4556 1086 4631 Aristotelem,
1123 4558 1265 4620 miseram
1295 4559 1362 4640 ejus
1389 4563 1526 4642 philoso-

158 4642 273 4722 phiam,
299 4662 357 4721 qua
379 4651 468 4722 parte
493 4642 683 4706 divinissima
707 4653 864 4718 censetur,
889 4645 913 4705 si
939 4646 1103 4707 astronomi
1125 4654 1190 4711 tam
1213 4648 1312 4710 malae
1336 4650 1406 4713 lidei
1428 4660 1527 4715 testes

157 4728 188 4790 in
212 4729 428 4808 philosophicis
457 4732 671 4793 controversiis
696 4735 780 4797 liunt.
828 4733 857 4794 Is
882 4736 969 4806 euim,
995 4753 1061 4796 cum
1086 4755 1121 4797 eo
1146 4736 1330 4812 devenisset,
1355 4749 1389 4802 ut
1411 4750 1526 4804 certum

158 4815 426 4902 intelligentiarum
464 4820 642 4884 coelestium
670 4840 823 4885 numerum
856 4831 888 4931 et
916 4823 1052 4885 ordinem
1080 4826 1249 4909 exprimere
1278 4845 1407 4895 necesse
1433 4838 1526 4909 esset
