3366 5482
459 215 562 269 htterse
580 215 684 283 Keplssi
707 219 863 320 chorumque
880 231 986 277 mutuae
1009 225 1041 279 de
1058 227 1132 280 rebus
1150 132 1311 295 umolegleb.
1499 230 1566 307 Μ

202 373 297 451 elegit
323 374 460 438 modurn:
494 375 521 438 si
544 374 600 439 Sol
628 377 676 439 die
707 379 877 443 nativitatis
911 384 1066 463 cujusdam
1099 376 1226 448 hominis
1255 398 1372 452 certum
1404 390 1501 452 locum
1533 391 1580 461 in·

201 462 328 524 zodiaco
353 462 483 527 obtinuit
511 472 543 526 et
565 465 689 544 planeta
714 467 824 547 aliquis
852 472 1045 549 postmodum
1073 474 1135 535 alio
1160 477 1289 555 quodam
1311 477 1463 540 invenitur
1486 479 1564 555 loon,

202 551 366 613 secundum
390 553 613 632 astrologorum
637 557 819 617 sententiam
843 560 945 637 gravi,
969 571 1124 640 computat
1148 571 1221 643 quot
1244 565 1349 627 diebus
1373 585 1392 625 a
1415 566 1563 631 nativita-

202 638 243 699 tis
266 639 316 699 die
341 637 396 700 Sol
420 641 458 701 ad
482 643 608 703 eundem
632 639 808 722 pervenerit
827 645 939 720 locum;
968 669 1106 710 numerus
1136 651 1240 713 borum
1271 654 1384 713 dierum
1414 654 1566 732 significat

201 727 466 875 totidemdgnnos,
491 731 598 808 quibus
623 731 736 808 elapsis
760 733 828 792 inde
853 753 872 792 a
895 736 1066 796 nativitatis
1091 738 1140 798 die
1165 739 1212 799 vis
1239 740 1325 818 hujus
1350 742 1563 806 constellatio·

201 816 249 876 uis
272 815 359 893 proi
383 815 416 877 it.

291 902 489 982 Praecipuam
512 904 573 965 vim
602 905 714 965 habent
744 908 906 968 secundum
935 911 1106 989 astrologos
1130 914 1290 976 duodecim
1319 916 1436 977 zodiaci
1463 915 1563 996 signa,

202 990 353 1069 disposita
364 1010 430 1052 cum
444 993 524 1066 bina,
550 1001 613 1053 tum
628 993 706 1053 trino
727 995 780 1056 irc.
827 995 900 1056 Alia
924 1006 994 1057 sunt
1017 1000 1145 1072 aestiva,
1172 1002 1233 1063 alia
1256 1004 1397 1076 hiberna;
1423 1004 1485 1066 alia
1506 1023 1563 1069 cs·

201 1079 273 1154 lida,
300 1081 451 1158 aquatica,
478 1089 579 1142 terrea
593 1082 665 1153 irc,
692 1083 859 1144 masculina
875 1092 906 1144 et
920 1086 1069 1160 feminina,
1096 1088 1223 1151 humana
1239 1100 1271 1152 et
1284 1091 1374 1153 bruta
1388 1093 1442 1154 irc.
1489 1091 1562 1156 Sin·

201 1170 290 1247 gulae
317 1168 435 1229 ‘Terrae
467 1170 604 1249 regiones
635 1170 695 1230 illis
723 1171 861 1251 subjecta
894 1181 980 1247 sunt,
1018 1186 1049 1235 et
1081 1178 1126 1239 sic
1154 1197 1253 1257 porro.
1275 1212 1315 1222 —
1337 1178 1369 1240 Si
1404 1180 1470 1259 quis
1497 1200 1564 1245 rem

200 1255 320 1339 plenius
340 1275 521 1336 cognoscere
544 1258 627 1331 velit,
653 1278 719 1320 eum
743 1260 920 1339 ablegamus
945 1263 982 1322 ad
998 1263 1206 1327 Ptolemaei
1232 1268 1301 1340 „De
1319 1268 1442 1346 judiciis
1457 1276 1561 1331 astro-

202 1348 289 1406 rum“
312 1344 423 1406 Libros
446 1347 503 1421 IV,
529 1348 575 1407 vel
601 1348 638 1408 ad
664 1346 832 1409 (dardani
857 1348 1112 1414 Commentarium
1137 1355 1175 1415 ad
1200 1356 1363 1433 hocopus,
1388 1357 1436 1417 vel
1459 1357 1561 1435 potia·

203 1435 310 1495 simum
336 1434 374 1494 ad
399 1432 555 1514 Origani
579 1435 796 1514 premerides
822 1439 976 1507 (Francos.
1006 1437 1122 1515 1609),
1151 1444 1200 1521 qui
1224 1443 1381 1521 praemisit
1404 1444 1451 1505 his
1474 1445 1558 1506 inte-

202 1522 470 1672 gfumtpolumen‚
504 1525 533 1583 in
565 1542 621 1601 qrro
655 1525 691 1585 de
715 1525 882 1603 astrologia
910 1528 1058 1606 exquisite
1088 1539 1120 1590 et
1148 1540 1289 1592 accurate
1319 1532 1452 1611 (paginis
1477 1529 1559 1606 790)

223 1629 288 1689 rspu
306 1630 349 1671 a.

271 1769 319 1818 His
338 1768 479 1832 praemissis
496 1769 629 1817 transimus
648 1770 680 1817 ad
700 1785 744 1826 ea,
771 1784 834 1834 quae
854 1771 976 1834 Keplcrus
996 1774 1048 1837 egit
1073 1790 1129 1823 cum
1149 1777 1236 1824 amicis
1255 1775 1285 1825 de
1305 1777 1376 1826 rebus
1396 1777 1559 1846 astrologicis,

203 1841 344 1905 libellosque
362 1840 443 1902 ipsos,
472 1854 532 1902 quos
551 1840 581 1889 de
601 1841 735 1907 astrologia
753 1841 843 1904 publici
858 1844 920 1904 juris
948 1845 1020 1900 lecit,
1047 1847 1101 1908 qui,
1126 1854 1155 1894 nt
1178 1846 1296 1904 diximus,
1329 1850 1492 1910 paucimos,
1520 1863 1560 1900 re·

158 1938 162 1954 ·
203 1925 328 1963 arsamus
348 1910 475 1960 addendos
493 1911 572 1960 literis
590 1912 699 1974 privatis.

272 1981 500 2033 calendarium
519 1984 579 2031 anni
600 1980 667 2031 1595
687 1982 826 2047 Tubingam
844 1983 910 2032 misit
931 1984 1062 2048 Keplerus,
1083 1986 1269 2036 Maestlino
1289 1988 1328 2036 die
1347 1986 1389 2036 29.
1405 1988 1460 2038 Oct.
1481 1986 1562 2049 raet,

203 2056 231 2104 de
251 2060 339 2113 ,statu
356 2067 437 2101 rernm
456 2054 572 2101 suamm“
592 2054 753 2117 perscribens,
774 2053 806 2101 ab
820 2069 897 2116 eoque
909 2062 1004 2118 petens,
1024 2063 1054 2104 ut
1073 2057 1241 2119 ,exemplaria
1260 2057 1402 2107 Calendarii
1422 2073 1438 2107 a
1455 2074 1482 2109 ee
1501 2060 1563 2113 editi

204 2127 239 2181 iis,
270 2125 359 2189 quibus
378 2123 497 2186 inscripta
515 2129 612 2180 erant,“
634 2123 799 2174 distribueret.
838 2125 938 2175 Literae
957 2127 1016 2186 bae,
1036 2128 1123 2190 quibus
1139 2128 1263 2191 Keplerus
1283 2130 1380 2177 initium
1399 2129 1459 2178 iecit
1477 2130 1561 2185 litata·

116 2208 121 2227 ¹
202 2212 254 2246 rum
279 2194 418 2244 dandarum
444 2194 688 2259 recipiendarumque
708 2210 764 2245 cum
786 2194 928 2253 Maestliuo,
962 2199 988 2245 in
1017 2199 1162 2248 collectione
1191 2201 1412 2261 manuscriptomm
1435 2197 1561 2266 stuttgar-

201 2268 273 2317 tiensi
293 2263 383 2328 (comp.
403 2280 427 2328 p.
448 2262 486 2323 7.)
506 2266 602 2315 desunt
640 2266 835 2329 Responsionem
858 2282 915 2316 vero
941 2268 1109 2318 Maestlini
1136 2270 1235 2318 exhibet
1257 2270 1399 2318 Hanscbius
1423 2285 1446 2333 p.
1468 2268 1493 2318 i.
1517 2270 1560 2321 de-

202 2345 310 2387 sumtam
329 2350 343 2384 e
362 2335 417 2383 Vol.
433 2335 494 2384 Mes.
515 2336 630 2400 Viennae
654 2344 797 2387 conseruato
822 2335 889 2397 (ride
908 2354 982 2402 supra
1006 2356 1030 2402 p.
1050 2338 1065 2386 t
1086 2347 1111 2389 et
1130 2337 1194 2399 59).
1232 2341 1390 2403 Exemplan'a
1411 2340 1561 2399 Calendaril.

201 2409 285 2458 scribit
313 2406 470 2462 Maestlinus,
499 2422 516 2456 a
533 2414 558 2456 te
578 2407 638 2456 editi
666 2407 777 2456 distribui
804 2409 846 2463 iis,
876 2410 962 2472 quibus
989 2412 1108 2474 inscripta
1135 2417 1213 2461 erant.
1253 2411 1292 2460 Ea
1320 2412 1394 2476 longe
1420 2413 1563 2475 gratissima

200 2481 315 2533 inerunt,
338 2479 385 2526 nisi
404 2478 468 2541 quod
486 2495 576 2528 norum
600 2479 691 2539 stilum,
718 2479 785 2540 apud
803 2494 847 2527 nos
870 2481 1030 2537 inusitatum,
1055 2497 1109 2530 cum
1133 2483 1209 2532 reteri
1228 2490 1310 2530 nostro
1334 2484 1493 2542 conjunctum
1511 2497 1561 2532 non

200 2551 302 2601 babent.
341 2549 440 2597 Gratias
459 2564 510 2598 nna
527 2564 624 2599 mecum
644 2556 723 2614 agunt
741 2551 862 2599 maximas
881 2558 954 2614 teque
973 2553 998 2600 iu
1017 2554 1124 2602 statione
1144 2553 1187 2602 illa
1205 2560 1250 2600 tua
1269 2567 1370 2617 pergere
1388 2553 1488 2613 jubent,
1514 2565 1562 2602 nee

201 2623 302 2671 dubium
321 2627 374 2675 est,
393 2621 452 2683 quin
471 2636 516 2684 ope
536 2620 619 2669 divina
637 2620 753 2684 Spartam
772 2626 842 2669 tuam
861 2623 960 2686 egregie
979 2624 1011 2670 sis
1031 2631 1199 2672 exomaturus.
1221 2656 1271 2671 ...
1297 2623 1392 2671 Thema
1411 2622 1493 2672 affinis
1511 2624 1561 2672 mei

200 2693 223 2742 J.
237 2693 264 2742 C.
279 2689 435 2742 Burclrhardi
452 2690 561 2741 nondum
580 2693 678 2740 omnino
691 2691 792 2755 perlegi,
812 2707 858 2740 nec
869 2692 950 2741 adhuc
964 2708 1049 2742 socero
1061 2709 1117 2743 meo
1131 2695 1235 2743 exhibui.
1273 2693 1297 2742 ls
1310 2694 1351 2742 nbi
1364 2708 1430 2742 nnnc
1451 2700 1562 2744 versetur

202 2765 285 2813 nescio
305 2761 350 2811 dc.
1205 2806 1213 2820 ,

271 2833 346 2895 Quae
371 2834 405 2882 sd
429 2833 475 2882 bas
493 2831 618 2882 Maestlini
647 2832 731 2880 literas
755 2833 881 2895 respondit
898 2833 1036 2896 Keplerus,
1066 2835 1182 2899 leguntur
1206 2848 1281 2897 supra
1304 2850 1328 2896 p.
1349 2831 1379 2890 7,
1402 2836 1428 2883 in
1450 2848 1501 2898 qua
1518 2847 1561 2884 re-

200 2907 331 2970 sponsione
358 2902 495 2967 Keplernm
518 2902 721 2965 deprehendimus
747 2903 936 2954 dirinationibus
963 2906 1014 2953 suis
1040 2904 1071 2955 de
1102 2910 1251 2965 tempestate
1278 2905 1338 2953 anni
1364 2901 1432 2953 1595
1458 2911 1561 2954 conten·

201 2983 269 3033 mur,
295 2974 455 3026 scribentem:
481 2976 561 3037 ipsum
580 2974 678 3036 quidem
697 2972 874 3024 Calendarium
892 2974 973 3024 adhuc
992 2971 1047 3035 [18.
1066 2971 1138 3035 lan.)
1159 2983 1254 3023 certum
1274 2980 1320 3023 est
1358 2974 1445 3038 Frigus
1462 2973 1560 3026 inandi-

203 3055 254 3097 tum
273 3047 299 3096 in
318 3045 356 3095 bis
375 3045 515 3110 regionibus
535 3043 579 3093 dcc.

273 3116 365 3168 Iisdem
396 3116 428 3165 ad
452 3115 613 3164 Maestlinnm
640 3114 705 3163 datis
733 3114 810 3164 literis
839 3113 951 3176 adjunxit
977 3113 1099 3178 Keplems
1129 3114 1214 3163 literas
1240 3114 1272 3162 ad
1297 3114 1358 3162 alios
1386 3113 1443 3163 olim
1473 3126 1560 3178 „prae-

203 3187 331 3253 ceptores“
369 3201 442 3243 snos,
478 3186 680 3235 Matthaeum
717 3185 982 3234 Haienreiierum
1031 3182 1093 3246 [„D.
1125 3184 1157 3233 D.
1194 3183 1347 3233 Halereffero
1382 3184 1461 3232 scribo
1499 3183 1560 3234 bac·

205 3269 290 3315 mnus,
320 3265 345 3306 et
368 3262 422 3320 jam
446 3259 577 3320 septimam
605 3258 723 3320 paginam
749 3257 857 3309 absolri“
885 3257 989 3304 nunciat
1008 3252 1154 3313 Maestlino)
1179 3262 1206 3304 et
1224 3255 1422 3317 Stephanum
1451 3254 1560 3305 Gerla-

203 3331 304 3379 cbinm
324 3327 476 3392 (theologiae
489 3329 649 3391 professorem
663 3326 769 3391 Tubing.
789 3323 906 3386 †1612).
925 3335 929 3341 ’
944 3325 1044 3375 Literae
1064 3327 1096 3375 ad
1109 3325 1307 3375 Haienreffemm
1319 3326 1394 3374 datae
1407 3324 1511 3380 desunt;
1531 3339 1563 3375 ex

202 3403 239 3457 iis.
259 3415 323 3464 quae
343 3400 469 3463 respondit
487 3400 541 3451 ille.
561 3398 623 3447 haee
644 3400 800 3461 apponimus:
820 3399 911 3460 Accepi
931 3413 1018 3446 munus
1044 3405 1112 3445 tuum
1127 3397 1324 3461 chronologicum
1344 3403 1369 3445 et
1384 3396 1446 3460 legi,
1466 3394 1560 3445 duobus

203 3471 260 3521 mihi
280 3471 418 3520 nominibus
437 3471 616 3535 gratissimum,
643 3475 669 3515 et
687 3468 751 3531 quod
771 3469 847 3524 dono,
877 3476 902 3516 et
919 3469 1040 3519 maxime.
1072 3468 1136 3532 quod
1156 3482 1171 3516 a
1189 3475 1219 3516 te
1238 3469 1313 3516 venit.
1352 3466 1424 3526 Quod
1439 3466 1561 3530 judicium

202 3558 284 3592 meum
303 3543 411 3605 expetis,
437 3541 498 3590 illud
516 3554 577 3589 sane
600 3540 771 3588 lubentissime
798 3540 841 3588 tibi
861 3554 1019 3602 exponerem:
1049 3539 1093 3588 sed
1109 3539 1249 3588 huiusmodi
1268 3539 1355 3587 studiis
1375 3537 1493 3586 delectari
1512 3549 1559 3603 ego
1587 3570 1589 3573 -

203 3616 282 3679 magis
301 3627 375 3676 qnam
394 3615 501 3662 exerceri
520 3612 595 3667 soleo,
615 3610 798 3659 mathematicis
819 3627 874 3659 cnm
893 3611 988 3673 primis,
1009 3609 1158 3674 astrologica
1176 3625 1232 3659 vero
1253 3608 1364 3658 amultis
1378 3609 1450 3656 annis
1470 3613 1496 3656 et
1515 3606 1557 3657 de·

200 3686 298 3750 gustari
316 3691 343 3734 et
361 3684 466 3733 deserui.
504 3683 600 3747 begam
618 3687 703 3729 tamen
723 3688 748 3729 et
775 3682 795 3729 si
814 3682 851 3729 ita
870 3680 982 3736 volneris,
1008 3681 1130 3743 judicium
1148 3695 1231 3729 meum
1250 3680 1294 3728 tibi
1313 3681 1436 3741 aperiam,
1455 3679 1476 3726 si
1488 3679 1557 3741 cogi-

202 3757 310 3804 tationes
336 3761 394 3804 tuas
413 3755 494 3802 ridere
520 3753 550 3801 da
569 3751 656 3800 studiis
680 3752 833 3815 astrologicis
853 3752 928 3802 literis
948 3752 1152 3814 comprehensas.
1181 3753 1216 3798 uti
1238 3754 1291 3812 jam
1317 3749 1438 3813 pollicitus
1458 3763 1492 3796 es.
1529 3747 1560 3798 ln

202 3826 299 3890 uliquis
317 3825 465 3875 Maestlinus
484 3831 568 3873 noster
585 3822 670 3885 procul
689 3822 761 3871 dubio
781 3836 907 3886 nunquam
924 3823 968 3870 tibi
987 3823 1073 3872 deerit
1111 3820 1137 3870 Si
1155 3834 1232 3869 unum
1250 3821 1326 3869 liceat
1344 3821 1484 3883 attingere,
1514 3833 1559 3882 op·

202 3903 295 3947 mem
313 3911 370 3962 ego,
394 3898 445 3945 tuis
470 3893 665 3958 ephemeridibus
692 3899 717 3942 et
736 3893 859 3943 calculum
878 3900 903 3942 et
930 3907 1023 3941 annum
1040 3893 1168 3942 lulianum
1188 3892 1340 3954 Gregoriauo
1365 3890 1477 3939 additum
1495 3903 1558 3938 esse.

203 3967 242 4019 Sic
261 3971 327 4018 enim
350 3971 468 4030 malorem
490 3981 562 4015 nsum
581 3972 607 4012 et
624 3964 718 4014 lucrum
737 3964 803 4026 apud
825 3978 870 4013 nos
887 3964 1047 4019 habuissente
1072 3963 1115 4012 sed
1139 3967 1166 4010 tu
1184 3963 1285 4012 inservis
1305 3961 1356 4009 loro
1375 3959 1419 4010 dte.
1457 3959 1559 4009 Calvae

204 4037 242 4087 ii.
263 4035 332 4101 (24.)
352 4039 414 4089 Nor.
435 4035 511 4086 teet.
547 4033 634 4096 (Quod
662 4050 721 4098 opus
742 4035 972 4100 ,chronologienm“
1002 4036 1049 4083 nisi
1072 4035 1152 4098 ipsnnr
1178 4032 1239 4081 illud
1259 4031 1433 4081 Calendarinm
1459 4037 1559 4094 specta·

203 4113 264 4161 terit
275 4109 473 4165 montellum,
492 4109 623 4157 nescimus.
662 4105 735 4156 Certe
748 4106 872 4169 Keplerus
890 4106 931 4154 illo
949 4113 1059 4168 tempore
1072 4119 1158 4169 pamm
1172 4104 1286 4153 addictus
1297 4104 1345 4152 luit
1355 4103 1443 4152 studiis
1456 4101 1560 4152 chrono-

203 4181 295 4247 logicis,
314 4196 378 4247 qnae
398 4180 429 4228 ab
449 4194 514 4230 anno
533 4178 631 4227 demum
653 4174 719 4224 1597
737 4182 835 4240 propius
855 4175 937 4236 adiit.)

272 4341 374 4391 Literae
392 4353 454 4406 quas
472 4337 541 4387 dedit
558 4337 680 4401 Keplerns
700 4336 733 4387 sd
752 4336 972 4389 Gerlaehium.
1003 4349 1017 4385 o
1036 4331 1186 4385 bibliotheca
1204 4331 1322 4383 Gothana
1341 4331 1485 4387 damietae,
1509 4327 1560 4378 hee

203 4421 271 4465 mut:
1524 4429 1534 4435 .

289 4535 360 4599 Etsi
384 4533 461 4607 ecio,
493 4531 657 4593 reverende
682 4540 714 4592 et
737 4529 903 4592 clarissime
927 4528 966 4589 D.
991 4526 1125 4596 Doctor,
1160 4524 1346 4602 Praeceptor
1374 4517 1556 4591 honorande,

136 4646 142 4653 ·
205 4622 419 4689 Reverentiam
443 4621 536 4683 Tuam
568 4622 655 4698 longe
684 4618 873 4700 gravioribus
897 4615 1006 4677 studiis
1032 4611 1186 4691 occupari,
1220 4630 1309 4691 quam
1342 4616 1376 4671 ut
1399 4608 1442 4669 illi
1475 4604 1558 4668 adsit

206 4716 296 4780 otium
330 4709 534 4793 inspiciendae
558 4707 768 4789 Ephemeridis
799 4715 831 4769 et
863 4703 1064 4786 cognoscendi
1088 4700 1213 4764 frivolas
1237 4697 1460 4778 astrologorum
1481 4710 1555 4761 con-
