3366 5482
170 324 236 390 aso
718 320 982 388 sareanen·

170 495 218 547 est
252 484 364 563 primus
399 477 610 562 perfectns6,
645 501 786 544 uumerus
819 480 1044 543 restituentinm
1073 477 1093 556 ii
1127 484 1158 539 et
1186 478 1237 552 ll3
1271 486 1321 540 ost
1349 479 1535 559 quaternarii

170 574 348 654 quadratum
371 569 427 645 16,
459 590 599 632 numerus
622 570 848 632 restituentinm
872 569 900 631 in
924 566 945 631 l
970 569 1103 641 ultimis3
1136 575 1185 628 est
1203 567 1330 645 quinarii
1355 567 1536 648 quadratum

169 661 220 736 25,
247 680 387 723 numerus
412 659 601 723 ferentium
594 679 623 720 m
648 658 667 722 5
692 659 829 733 ultimis3
864 667 913 720 est
936 658 1062 738 denique
1087 656 1252 757 septenarii
1276 657 1458 736 quadratum
1480 653 1534 731 49,

170 770 288 813 summa
316 749 460 822 omnium,
496 748 605 810 demtis
639 750 730 809 etiam
755 747 874 827 Calippi
904 744 1144 808 additionibus
1136 764 1165 805 m
1189 743 1262 807 Sole
1286 754 1318 807 et
1340 745 1447 818 Luna,
1481 764 1534 808 nec

170 848 295 920 patente
320 859 412 901 causa
435 838 506 911 ulla,
533 838 586 897 sed
610 857 646 897 ne
671 837 840 915 suspicione
866 836 997 915 quidem,
1019 855 1071 896 cur
1087 834 1271 896 Aristoteles
1294 836 1373 896 hanc
1397 834 1535 897 additio·

171 928 286 990 nemin
307 927 378 988 Sole
403 935 435 987 et
452 926 539 987 Luna
562 945 779 1005 supervacuam
792 925 955 1006 putaverit,
979 944 1037 985 non
1054 924 1126 984 item
1149 923 1179 984 in
1195 923 1314 999 ceteris,
1339 930 1374 986 ut
1392 923 1535 986 videatur

173 1017 357 1079 Aristoteles
381 1017 476 1077 solum
501 1035 655 1076 numerum
675 1014 872 1095 quaesivisse.
919 1013 986 1077 Nisi
1005 1014 1096 1075 toties
1111 1012 1297 1075 Aristoteles
1311 1013 1535 1095 Pythagoricus

172 1105 355 1184 explosisset
378 1124 526 1179 numeros,
552 1105 714 1179 crederem,
739 1103 822 1166 illum
848 1105 883 1164 de
908 1103 1058 1164 industria
1079 1100 1254 1181 conquisitis
1277 1101 1459 1164 ratiunculis
1483 1102 1533 1164 af-

171 1196 284 1256 fectare
315 1195 493 1272 quadratum
521 1194 700 1273 septenarii,
734 1202 819 1277 quem
848 1193 980 1255 Deorum
1013 1209 1167 1253 numerum
1196 1191 1296 1252 forsan
1331 1211 1370 1252 ex
1402 1190 1532 1271 alicujus

170 1282 323 1362 religionis
346 1281 489 1363 mysterio
512 1301 689 1360 persuasum
712 1281 860 1342 habuerit.
908 1281 986 1343 Num
1012 1280 1085 1342 liber
1111 1301 1130 1341 a
1153 1279 1403 1360 superstitionum
1427 1280 1531 1360 suspi-

169 1373 254 1433 cione
277 1369 472 1444 Aristoteles,
498 1391 535 1430 an
561 1371 635 1431 haec
658 1370 702 1431 ita
724 1370 890 1448 scripserit,
910 1370 978 1449 jure
1003 1370 1117 1430 dubito.
1165 1368 1289 1431 Summa
1312 1370 1405 1431 haec:
1432 1369 1529 1432 Pras-

170 1463 282 1523 clarum
312 1460 376 1539 ejus
404 1459 574 1521 institutum
605 1459 674 1533 fuit,
708 1478 763 1538 per
786 1466 1024 1521 astronomorum
1044 1458 1146 1521 oculos
1175 1467 1207 1518 et
1234 1458 1467 1520 observationes
1490 1458 1530 1520 ad

170 1551 328 1611 obscuram
353 1567 448 1609 rerum
474 1556 613 1608 naturam
636 1547 837 1609 contendere:
862 1548 1092 1628 vituperandum
1115 1565 1196 1614 vero,
1221 1548 1300 1627 quod
1315 1547 1530 1610 astronomicis

169 1636 431 1700 observationibus
463 1656 519 1698 sua
551 1637 672 1698 miscuit
709 1635 868 1698 ratiocinia
906 1637 1113 1716 philosophica
1153 1643 1218 1697 toto
1251 1654 1362 1715 genere
1394 1636 1527 1698 diversa.

169 1725 248 1797 Quid
278 1727 356 1788 enirn
380 1745 534 1787 commune
559 1724 596 1788 31
626 1725 747 1787 orbibus
773 1723 891 1805 Calippi
921 1726 1048 1787 totidem
1077 1732 1211 1786 motuum
1244 1745 1310 1786 cum
1333 1724 1374 1787 21
1401 1725 1529 1788 Aristo-

169 1816 253 1889 telis,
288 1815 336 1895 qni
365 1834 475 1875 novum
503 1816 616 1876 nullum
645 1820 758 1876 motum
787 1814 940 1876 inferunt?
985 1814 1028 1876 Et
1058 1813 1101 1875 sic
1125 1833 1158 1874 se
1191 1814 1284 1876 habet
1311 1814 1442 1876 celebris
1470 1814 1529 1876 iste

168 1906 251 1967 locus
274 1904 461 1976 Aristotelis,
495 1924 532 1964 ex
556 1904 640 1981 cujus
665 1902 863 1983 explicatione
888 1912 1015 1982 apparet
1039 1904 1118 1983 quod
1137 1903 1209 1978 dixi,
1234 1902 1395 1964 confidenti
1418 1903 1529 1967 Ursum

168 1994 303 2054 oratione
329 2013 413 2053 usum
438 1992 465 2052 in
490 1993 605 2052 suade
630 1992 847 2073 hypothesibus
872 1992 1011 2067 historia,
1046 1993 1114 2053 dum
1139 1992 1197 2065 ait,
1221 1991 1380 2055 Eudoxum
1405 2001 1438 2055 ot
1461 1990 1528 2054 Ca-

166 2082 279 2161 lippum
302 2080 501 2142 concentricis
525 2100 604 2153 usos,
631 2082 707 2160 quod
731 2083 814 2142 nulla
836 2081 952 2142 ratione
977 2100 1014 2142 ex
1029 2089 1115 2143 textu
1138 2082 1285 2143 deducere
1301 2080 1409 2161 potuit.
1447 2082 1527 2142 lha-

166 2180 324 2231 castoreus
348 2189 418 2230 vero
442 2169 531 2247 hujus
546 2169 589 2229 rei
614 2162 718 2230 auctor
742 2178 870 2232 estnon
894 2171 1029 2241 idoneus,
1054 2170 1245 2231 concentrica
1268 2189 1334 2231 cnm
1358 2169 1527 2250 scripserit,

166 2268 286 2320 veteres
311 2259 348 2318 ad
374 2276 406 2317 se
432 2259 590 2319 traducere
615 2257 727 2320 nititur.
774 2259 821 2320 De
846 2268 946 2320 cetero
971 2261 1084 2320 fatetur
1106 2259 1181 2338 ipse,
1205 2259 1279 2320 nibil
1302 2259 1339 2320 de
1359 2258 1421 2321 illis
1445 2258 1526 2333 sciri,

165 2346 221 2410 nisi
236 2361 274 2409 ex
288 2347 414 2408 obscuro
430 2347 494 2407 loco
509 2347 698 2409 Aristotelis.
714 2342 755 2421 ¹²)
803 2347 892 2418 Quod
909 2367 979 2408 vero
995 2348 1048 2422 ait,
1073 2348 1303 2430 Pythagoraeos
1325 2356 1397 2427 post
1417 2348 1526 2410 Plato-

166 2456 247 2510 nem,
273 2436 405 2517 explosis
428 2434 546 2496 Eudoxi
570 2444 602 2497 et
626 2434 744 2516 Calippi
769 2457 827 2499 non
852 2437 1069 2499 sufficientibus
1093 2437 1307 2508 couceutricis‚
1338 2436 1527 2499 eccentricos

166 2525 357 2599 assumsisse,
383 2525 479 2586 tribus
504 2525 673 2586 nominibus
698 2526 902 2587 temeritatem
927 2525 1108 2587 narrationis
1133 2546 1205 2587 snae
1233 2525 1344 2606 prodit.
1392 2526 1527 2588 Primum

165 2615 194 2675 id
220 2612 365 2694 Calippns
388 2613 452 2693 ipse
478 2613 551 2674 fecit
573 2614 601 2674 in
621 2614 738 2675 Eudoxi
763 2615 980 2696 hypothesibus
1003 2616 1200 2694 corrigendis,
1224 2623 1259 2677 ut
1281 2616 1419 2678 defectus
1443 2615 1527 2695 ipsas

167 2713 316 2783 argueret,
341 2703 501 2781 orbemque
525 2723 623 2772 unum,
649 2703 698 2783 qui
722 2705 853 2765 maxima
872 2704 1133 2766 verisimilitudine
1157 2704 1415 2766 eccentricitatem
1437 2703 1526 2765 inre-

164 2792 246 2853 xisse
270 2793 351 2854 credi
374 2800 485 2870 potest,
511 2793 656 2865 adderet;
690 2811 748 2853 non
774 2794 830 2854 fuit
853 2793 945 2872 igitur
968 2812 1108 2865 necesse,
1141 2804 1175 2856 ut
1196 2795 1253 2855 hoc
1277 2792 1399 2874 Calippi
1423 2813 1528 2857 corre-

165 2879 256 2942 ctioni
281 2881 433 2943 accideret
460 2889 531 2960 post
554 2881 727 2953 Platonem,
762 2882 820 2943 nisi
850 2882 928 2943 forte
958 2883 987 2943 in
1013 2878 1032 2957 h
1058 2891 1090 2943 et
1112 2882 1157 2957 il,
1191 2901 1315 2962 quorum
1343 2891 1444 2945 motus
1468 2902 1527 2946 uon

107 3041 109 3044 ¹
165 2971 241 3031 bene
269 2971 334 3050 ipse
363 2971 585 3050 exploraverat.
632 2969 749 3031 Deinde
779 2972 847 3032 dum
871 2971 1029 3032 Eudoxum
1053 2991 1072 3031 a
1094 2971 1316 3053 Pythagoraeis
1344 2972 1390 3033 ait
1418 2972 1527 3052 explu-

165 3079 240 3134 sum,
266 3079 324 3121 non
347 3059 393 3120 ita
416 3059 491 3121 bene
516 3078 601 3120 suam
625 3059 794 3120 orationem
808 3060 1001 3121 historiarum
1015 3060 1142 3121 notitiae
1162 3069 1355 3140 attemperat,
1379 3060 1426 3123 uti
1446 3060 1528 3123 iHius

167 3155 270 3209 tenore
294 3149 371 3209 hanc
391 3148 501 3225 jactat.
547 3147 692 3209 Eudoxus
716 3149 795 3209 enim
820 3158 851 3210 et
875 3149 938 3228 ipse
964 3149 1021 3212 fuit
1044 3169 1118 3210 unus
1142 3150 1178 3211 de
1193 3159 1279 3211 secta
1293 3150 1527 3232 Pythagoreas·

164 3255 239 3311 rum,
264 3239 413 3298 referente
437 3236 570 3299 Laertio
618 3239 662 3298 At
685 3239 751 3319 quis
775 3239 850 3300 haec
874 3258 911 3299 ex
926 3239 997 3300 Ursi
1016 3239 1152 3299 oratione
1176 3239 1352 3319 colligeret?
1387 3239 1528 3321 Denique

165 3326 254 3386 selim
278 3325 391 3386 abillo
416 3325 542 3396 discere,
568 3346 642 3405 quos
667 3327 801 3406 appellet
808 3327 1067 3409 Pythagoraeos‘f
1108 3326 1142 3389 Si
1166 3346 1367 3408 quoscunque,
1392 3329 1444 3409 qui
1469 3328 1528 3391 ali-

166 3416 244 3494 quod
278 3415 468 3495 Pythagorae
502 3416 676 3494 dogmatum
708 3417 942 3519 amplectuntur,
976 3417 1205 3498 Pythagoraeos
1233 3416 1339 3491 habet,
1369 3417 1436 3497 jam
1468 3436 1528 3479 non

166 3503 297 3582 loquitur
330 3506 368 3564 ad
397 3504 642 3565 consuetudinem
671 3504 832 3579 historiae,
863 3506 948 3584 cujus
972 3505 1171 3585 cognitionem
1201 3506 1258 3567 sibi
1287 3514 1424 3586 arrogat.
1472 3505 1528 3569 Sin

166 3611 218 3653 eos
243 3612 309 3653 oum
333 3592 485 3654 historicis
508 3593 738 3673 Pythagoraeos
762 3594 850 3667 dicit,
874 3595 924 3675 qui
948 3602 1051 3656 sectae
1075 3595 1143 3656 huic
1167 3595 1295 3668 addicti,
1323 3596 1440 3675 placita
1464 3597 1555 3677 eju&

166 3680 436 3759 disputationibus,
462 3681 602 3741 instituto
622 3682 718 3754 vitae,
743 3683 875 3744 moribus
899 3684 961 3744 suis
986 3683 1168 3762 exprimunt,
1200 3685 1305 3746 audiat
1328 3702 1367 3746 ex
1390 3685 1528 3759 Laertio,

166 3779 280 3831 sectam
305 3771 387 3831 illam
412 3771 441 3831 in
466 3770 626 3848 Epicurum
651 3772 788 3833 desiisse.
836 3773 935 3834 Natus
956 3780 1056 3833 autem
1081 3780 1129 3833 est
1147 3772 1295 3852 Epicurus
1314 3773 1383 3852 jam
1407 3774 1539 3838 demum

167 3859 384 3919 inclarescente
409 3859 593 3931 Aristotele,
626 3860 674 3939 qui
706 3861 810 3922 eodem
840 3863 902 3922 fere
932 3869 1065 3939 tempore
1090 3860 1248 3923 Platonem
1277 3861 1438 3925 audiverat
1472 3881 1554 3944 quw

163 3947 316 4009 Eudoxus.
364 3947 444 4007 Ecce
469 3957 570 4008 autern
590 3949 705 4009 Eudoxi
730 3950 844 4027 placita
868 3952 955 4027 longo
980 3957 1049 4027 post
1072 3958 1217 4028 tempore,
1238 3951 1304 4029 jam
1328 3951 1433 4014 adulto
1450 3951 1541 4032 upi-

162 4055 242 4106 curo,
267 4037 452 4097 riristoteles
477 4037 596 4097 celeber
619 4037 816 4116 philosophus
845 4039 1012 4117 usurpabat
1041 4038 1127 4117 inque
1152 4038 1244 4100 libros
1273 4058 1343 4101 suos
1367 4039 1406 4101 de
1431 4038 1548 4104 Coelo

164 4131 194 4182 et
218 4125 430 4205 Metaphysica
454 4125 616 4186 referebat.
664 4127 811 4206 Epicurus
834 4145 915 4202 vero,
941 4127 1218 4208 Pythagoraeorum
1242 4127 1377 4202 ultimus,
1400 4130 1475 4210 quid
1499 4128 1541 4190 ir)

163 4215 348 4274 astronomia
370 4214 536 4292 scripserit,
562 4215 610 4294 qni
634 4215 774 4283 mnndum
799 4235 835 4276 ex
860 4216 968 4277 atomis
988 4216 1217 4279 constituebat?
1262 4217 1370 4296 Itaque
1395 4225 1430 4279 et
1453 4218 1549 4280 haee

163 4301 298 4362 narratio
323 4303 461 4363 vanescit
485 4303 581 4363 instar
606 4305 687 4366 fumi.
709 4336 749 4346 —
785 4304 846 4364 Sed
870 4304 1100 4383 Hipparchus
1125 4307 1202 4367 forte
1226 4324 1280 4384 pro
1305 4303 1428 4386 Calippi
1452 4325 1546 4369 ccu-

162 4390 302 4451 centricis
326 4391 511 4451 ecceutricos
537 4393 701 4454 resumsit?
748 4393 794 4453 De
821 4392 941 4473 Calippi
964 4394 1161 4455 conceutricis
1195 4394 1329 4456 fabulam
1352 4414 1449 4475 supra
1472 4416 1545 4459 ax-

159 4480 270 4560 pedivi.
319 4480 483 4559 Hipparchi
499 4499 571 4542 vero
596 4500 740 4561 quosnam
761 4483 945 4544 ecceutricos
970 4485 1197 4563 (praeterquam
1220 4483 1250 4544 in
1266 4483 1542 4548 demonstratione

160 4569 288 4649 apogaei
313 4571 398 4630 unius
414 4567 505 4644 Solis,
532 4571 797 4633 demonstrationis
822 4572 970 4633 facilitate
994 4572 1116 4633 schema
1137 4571 1338 4635 ecceutn'cnm
1361 4574 1544 4648 suadente)

157 4657 352 4720 Ptolemaeus
378 4659 491 4728 innuat,
516 4661 654 4722 nesciunt
678 4660 743 4739 ejus
768 4662 897 4723 lectores
904 4681 914 4735 ;
938 4668 971 4720 et
990 4659 1180 4722 Cardanus
1204 4661 1257 4736 (de
1271 4659 1395 4727 Rerum.
1410 4662 1539 4726 Varie·-

158 4754 223 4806 tate
238 4747 278 4808 Il.
299 4746 310 4807 l
324 4747 353 4820 l)
378 4748 468 4809 fidem
487 4747 575 4827 hujus
600 4750 780 4811 assertionis
804 4751 842 4810 ad
858 4756 1014 4812 auctorem
1028 4750 1262 4812 Fracastnreum
1282 4751 1423 4815 remittit
1461 4750 1539 4815 noe

157 4832 259 4915 potius
284 4835 364 4914 apud
386 4835 468 4898 Ptol.
492 4837 616 4919 Almag.
641 4838 692 4901 lib.
717 4838 774 4900 IX.
799 4857 865 4920 cap.
892 4837 924 4902 2.
950 4837 1120 4914 inveniunt,
1144 4837 1350 4922 Hipparchum
1373 4841 1537 4906 snonbn·
