3366 5482
584 257 616 308 n
633 257 706 308 aaa
725 260 887 326 minues
1263 280 1267 293 .
1357 259 1421 326 355

63 411 254 493 irrrpossibile
276 416 415 478 ex-coelo
429 417 605 497 praedicere
619 427 736 494 ventos,
762 419 819 481 nisi
839 438 963 495 annuos,
988 438 1046 481 non
1070 419 1152 500 prius
1167 420 1289 499 cognita
1305 421 1424 483 interna

66 500 219 582 qualitate
245 505 445 583 quammlibet
477 515 640 581 terrarum,
672 517 705 568 ut
729 508 874 582 sciamus,
909 528 966 589 quo
995 517 1130 589 ternpore
1154 507 1280 589 quilibet
1307 516 1424 571 tractus

66 590 205 652 abundet
227 590 361 655 humore.
408 594 548 659 trivero
573 596 692 675 quaeris
716 599 878 658 etiamnum
902 616 969 659 cum
989 597 1164 676 vulgaribus
1188 598 1360 677 astrologis,
1384 617 1423 659 au

65 679 142 742 certi
165 679 309 758 planetae
333 690 482 756 certcmm
512 683 573 746 sint
596 694 752 755 ventorum
783 693 929 759 meteres,
960 685 1046 766 qnasi
1077 686 1205 747 influxus
1234 687 1425 765 planetarum

64 777 128 829 tam
142 768 207 831 siut
220 769 421 849 particulares
447 780 478 833 et
498 791 600 834 curam
615 783 710 852 agant
729 774 939 837 distinctarum
961 776 1073 836 Terrae
1087 775 1230 857 partium.
1278 774 1426 854 Equidem

66 866 131 918 tam
162 865 212 919 εει
237 876 334 938 parva
357 859 477 936 Tellus,
511 870 573 923 tam
604 871 720 924 remota
743 864 817 925 haec
841 872 960 938 nostra,
985 882 1062 944 quae
1085 864 1169 937 fiunt,
1194 883 1213 923 a
1236 862 1426 942 planetarum

66 945 223 1020 sensibus,
258 947 284 1008 si
308 965 383 1027 quos
407 947 451 1011 illi
474 949 603 1024 habent,
636 959 670 1012 ut
693 952 810 1013 omuino
835 952 917 1013 Deos
942 971 1009 1014 esse
1034 970 1159 1013 necesse
1184 951 1239 1025 sit,
1271 952 1298 1013 si
1321 951 1426 1014 harum

68 1053 169 1096 rerum
200 1035 316 1096 habent
343 1037 493 1099 notitiam.
540 1039 619 1101 Nam
649 1040 714 1102 sine
742 1041 852 1102 notitia
876 1041 1086 1102 administrare
1115 1040 1176 1101 ista
1204 1058 1263 1100 non
1287 1048 1425 1119 possunt.

67 1123 174 1198 Dices,
200 1142 256 1204 per
279 1126 503 1206 sympathiam?
548 1128 625 1190 Dico
649 1148 721 1208 ego,
746 1131 858 1192 nullam
884 1149 951 1191 esse
976 1128 1189 1211 sympathiam,
1215 1146 1292 1207 quae
1315 1147 1373 1190 non
1396 1128 1428 1190 in

68 1212 146 1273 haee
171 1212 229 1273 duo
253 1230 368 1290 genera
391 1216 496 1289 cadat,
527 1236 682 1297 corporum
713 1227 744 1280 et
768 1221 941 1280 animorum.
990 1217 1171 1299 Sympathia
1200 1217 1279 1278 inter
1301 1235 1428 1297 corpora

69 1311 119 1362 est
143 1303 331 1381 magnetica,
365 1312 400 1365 ut
429 1325 522 1366 causa
551 1306 607 1368 loci
631 1316 662 1368 et
685 1308 829 1388 temporis
858 1307 938 1368 idem
966 1308 1019 1368 liat
1049 1308 1085 1367 de
1118 1323 1191 1378 uno,
1223 1305 1301 1385 quod
1329 1305 1364 1366 fit
1390 1306 1428 1366 de

70 1391 187 1461 altero,
216 1398 251 1452 ut
278 1410 423 1454 converso
455 1403 595 1474 magnete
627 1397 737 1458 lerrum
762 1414 877 1478 quoque
906 1404 1108 1457 eonvertatur.
1155 1396 1200 1455 At
1223 1393 1320 1473 qualis
1344 1410 1428 1474 sym·

71 1478 191 1557 pathia,
216 1489 259 1552 ut,
284 1499 351 1542 cum
374 1481 499 1559 planeta
522 1484 671 1563 quispiam
687 1494 831 1565 perpetuo
847 1493 1012 1558 moveatur,
1038 1492 1146 1544 ventus
1169 1482 1262 1562 ipsius
1281 1481 1431 1543 interdum

72 1568 190 1628 saltem
214 1570 401 1648 consurgat?
448 1569 481 1633 Si
497 1574 594 1651 quoad
610 1573 717 1635 directi
741 1575 789 1635 vel
804 1573 974 1652 retrogradi
998 1580 1069 1634 sunt
1091 1571 1247 1651 planetae,
1273 1579 1432 1632 ventorum

70 1656 261 1736 propriorum
278 1659 369 1719 flatus
385 1659 530 1721 durarent
543 1662 643 1734 iidem,
667 1671 739 1724 tunc
763 1662 838 1723 haec
854 1671 937 1723 esset
959 1660 1141 1742 sympathia.
1189 1659 1298 1721 Altera
1314 1660 1432 1720 animo-

77 1763 144 1807 rum
169 1746 343 1827 sympathia
366 1756 437 1809 tnuc
461 1749 489 1810 in
514 1751 613 1812 ventis
636 1752 733 1813 loonm
758 1751 864 1822 babet,
892 1769 957 1811 cum
981 1761 1035 1811 aut
1057 1748 1188 1829 planetis
1211 1747 1354 1828 relinquis
1376 1765 1434 1808 uo-

70 1832 181 1895 titiam-
196 1843 363 1911 ventorum,
388 1845 443 1898 aut
468 1838 581 1901 Terrae
605 1839 745 1902 notitiam
770 1849 956 1918 aspectuum.
1002 1839 1091 1917 Elige
1116 1845 1214 1898 utrum
1232 1837 1320 1898 velis.
1366 1835 1433 1915 Ego

72 1923 102 1984 in
127 1922 283 1985 sententia
306 1943 428 1999 maneo,
454 1927 483 1986 in
508 1928 628 1990 Tellure
653 1949 719 1990 esse
745 1930 922 1991 facultatem
947 1937 1123 2008 aspectuum
1146 1925 1377 2004 perceptricem,
1401 1931 1434 1985 et

73 2010 196 2091 quoties
221 2011 357 2075 incidunt
380 2024 532 2094 aspectus,
557 2017 737 2079 naturaliter
760 2016 901 2097 instigari
925 2017 1002 2078 hauc
1022 2016 1061 2078 ad
1076 2014 1282 2076 exsudandum
1301 2013 1332 2076 id
1356 2011 1435 2094 quod

74 2100 181 2172 babet,
205 2119 265 2180 qua
287 2111 376 2182 parte
400 2102 501 2164 habet.
549 2105 696 2167 Sudorem
719 2106 823 2185 pluvia
845 2107 911 2185 ejus
935 2105 1010 2181 loci,
1043 2103 1175 2185 pluviam
1198 2102 1280 2165 venti
1304 2101 1434 2163 eircum-

75 2189 159 2250 circa
190 2182 371 2270 sequuntur,
405 2201 513 2254 ventos
546 2195 821 2274 circumjacentium
850 2195 1005 2275 regionum
1034 2200 1211 2272 tempestas.
1260 2191 1303 2254 Ut
1334 2198 1436 2252 autem

75 2276 176 2338 Terra
191 2277 274 2339 intus
293 2280 359 2358 jam
375 2279 507 2350 tumeat,
527 2283 593 2361 jam
617 2292 713 2359 areat,
738 2303 796 2344 non
820 2284 917 2362 magis
941 2302 978 2344 ex
994 2283 1078 2344 coelo
1103 2289 1161 2354 est,
1186 2298 1275 2359 quam
1290 2287 1325 2340 ut
1347 2279 1435 2339 homo

76 2367 142 2445 jam
166 2367 270 2442 sitiat,
300 2368 366 2447 jam
390 2368 489 2445 bibat,
517 2372 581 2450 jam
605 2373 752 2452 quiescat.
797 2372 954 2450 Perpende
983 2379 1084 2432 tamen
1109 2369 1180 2430 hoc:
1213 2368 1298 2429 venti
1320 2367 1436 2429 eminus

79 2455 280 2517 advenientes
304 2475 445 2520 serenare
468 2459 624 2522 videntur:
654 2461 703 2541 qui
727 2479 797 2522 vero
821 2460 940 2540 pluvias
964 2461 1100 2532 ademnt,
1127 2476 1143 2518 e
1166 2457 1332 2536 propinquo
1356 2453 1435 2518 oriri.
1498 2523 1504 2528 ,

79 2544 160 2605 Hinc
189 2544 353 2607 orientales
377 2548 490 2621 sereni,
525 2549 595 2628 qnia
619 2550 743 2612 eminus.
790 2548 929 2624 Eminus,
961 2549 1031 2630 qnia
1059 2569 1078 2609 a
1106 2545 1180 2608 loois
1210 2544 1369 2607 humilibus
1397 2543 1438 2606 ad

79 2634 212 2707 altiora,
249 2633 277 2694 in
311 2643 377 2696 tota
401 2637 519 2716 quidem
552 2657 628 2717 pene
652 2639 787 2717 Europa,
820 2637 969 2717 etiamque
993 2638 1021 2699 in
1045 2636 1198 2698 America.
1246 2631 1439 2696 Contrarium

79 2725 109 2786 in
134 2722 308 2796 Lusitania,
334 2724 375 2785 ibi
399 2726 477 2786 enim
500 2727 704 2788 occidentales
728 2746 868 2788 serenare
893 2744 1018 2788 necesse
1042 2733 1133 2798 esset,
1160 2742 1225 2784 cum
1240 2723 1339 2802 magni
1355 2721 1439 2784 fluvii

81 2815 110 2877 in
138 2812 328 2875 occidentem
353 2815 502 2886 serantur,
527 2816 625 2877 etsie
649 2815 790 2877 occiduae
813 2823 917 2896 partes
941 2824 1011 2876 sunt
1035 2813 1147 2875 ordinis
1171 2810 1346 2873 humilioris.
1393 2811 1439 2874 At
1528 2893 1531 2902 .

80 2902 110 2966 in
134 2909 204 2963 tota
218 2901 337 2981 reliqua
349 2901 472 2983 Europa
496 2904 700 2966 occidentales
720 2912 790 2966 sunt
813 2904 921 2983 pluvii:
950 2905 1021 2983 quia
1042 2899 1213 2982 ponderosi,
1238 2918 1305 2961 cum
1329 2898 1436 2962 devol-

81 2999 195 3055 vantur
217 3009 273 3070 per
296 2991 438 3066 decliuia,
464 2993 628 3055 orientales
652 2994 751 3067 leves,
776 2993 825 3073 qui
849 2992 1066 3071 quodammodo
1091 2989 1267 3050 ascendunt.
1314 2988 1437 3049 Ponde-

80 3101 153 3143 rosa
181 3087 283 3141 autem
316 3088 348 3140 et
371 3081 514 3142 devoluta
546 3101 562 3142 e
593 3081 758 3162 propinquo
790 3080 892 3141 venire
919 3098 1044 3141 neeesse
1075 3084 1133 3140 est.
1180 3076 1288 3138 Adhuc
1318 3075 1436 3157 quidem
1506 3133 1509 3142 ,
1553 3163 1556 3167 .

81 3167 218 3243 somnic;
251 3168 365 3250 poterit
399 3170 454 3231 hoc
483 3171 580 3231 excoli
611 3171 670 3233 alic
700 3182 845 3250 tempore.
891 3169 981 3231 Adde
1015 3176 1115 3230 tamon
1139 3173 1171 3227 et
1193 3164 1266 3238 hoc,
1299 3163 1438 3227 boreales

80 3276 239 3332 serenare,
271 3257 321 3337 qui
354 3259 392 3321 ad
422 3258 497 3321 haec
525 3260 746 3322 mediterranea
776 3259 867 3321 etiam
890 3254 1108 3338 quodammodo
1137 3253 1313 3317 ascendunt.
1359 3253 1439 3316 Item

79 3347 147 3423 hcc,
173 3366 194 3407 a
216 3344 330 3409 nivosis
354 3346 526 3426 regionibus
550 3349 632 3411 venti
657 3348 819 3429 longinqui,
843 3356 877 3408 ut
900 3348 938 3409 ab
958 3346 1120 3409 Amerioae
1143 3343 1305 3418 montibus,
1330 3363 1349 3404 a
1372 3343 1438 3405 Lu·

80 3456 138 3498 nae
161 3434 317 3497 montibus
341 3434 370 3497 in
393 3436 510 3512 Africa,
536 3459 555 3497 a
577 3438 725 3517 Rhodope
746 3436 894 3498 Thraciae
927 3437 1042 3498 etesiae
1063 3434 1258 3506 Graecomm,
1282 3452 1302 3492 a
1324 3430 1439 3494 nivosis

80 3523 204 3606 Styriae
235 3523 387 3586 montibus
416 3525 499 3587 venti
532 3525 561 3587 iu
586 3527 770 3607 planitiebus
794 3525 962 3606 Ungariae,
996 3527 1034 3586 ab
1059 3522 1220 3603 Apennino
1253 3528 1286 3582 et
1307 3520 1438 3601 Alpibus

66 3613 197 3694 ‘niuosis
221 3611 315 3692 gelidi
337 3613 382 3675 illi
401 3614 494 3689 venti,
520 3624 640 3677 aestate
665 3614 734 3676 anui
757 3611 850 3692 1603,
876 3622 910 3676 ut
934 3624 981 3675 est
1005 3614 1035 3675 iu
1059 3632 1127 3673 mea
1149 3608 1349 3690 praefatione.

172 3701 241 3776 (Ad
263 3698 313 3775 5.)
360 3700 492 3765 Causam
525 3704 697 3766 lenissimae
726 3702 833 3765 hiemis
864 3722 921 3764 uon
945 3703 1048 3774 miror,
1083 3701 1174 3763 miror
1204 3698 1305 3779 potius
1333 3698 1440 3759 eodem

79 3800 217 3872 tempore
241 3788 458 3871 rigidissimam
489 3792 583 3854 fuisse
620 3793 750 3855 hiemem
777 3793 808 3855 in
831 3792 931 3853 Italia.
979 3788 1059 3861 Quid
1089 3790 1235 3859 dicemus,
1269 3785 1327 3847 uisi
1360 3785 1440 3867 quod

74 3878 260 3960 Apenninus·
281 3886 313 3939 et
336 3879 433 3960 Alpes
458 3881 679 3962 exspiraverint
702 3883 756 3943 hos
781 3890 902 3955 ventos,
937 3879 958 3940 ii
982 3896 1054 3958 ergo
1084 3876 1169 3938 nobis
1194 3882 1264 3938 sunt
1287 3875 1438 3938 australes

78 3968 209 4050 ideoque
233 3967 341 4042 calidi,
372 3969 460 4031 Italis
484 3988 554 4031 vero
579 3970 716 4033 boreales
740 3970 866 4050 ideoque
891 3967 1003 4048 frigidi,
1028 3965 1162 4029 simodo
1191 3981 1308 4039 rerum,
1333 3981 1439 4026 omues

73 4058 219 4122 boreales
243 4056 380 4137 frigidos,
406 4060 557 4120 australes
581 4061 704 4121 calidos.
753 4058 887 4120 Causam
911 4075 1021 4137 quaero
1047 4053 1187 4116 similiter
1218 4052 1248 4114 in
1273 4052 1440 4116 visceribus

71 4147 204 4210 Terrae.
249 4145 319 4208 Nisi
343 4147 421 4208 enirn
444 4147 541 4209 Terra
564 4156 625 4210 tam
656 4149 765 4210 fuisset
788 4148 909 4208 humida
932 4153 997 4207 toto
1022 4152 1164 4205 autumno
1189 4140 1263 4203 anni
1284 4137 1385 4218 1604,
1410 4149 1442 4203 et

66 4235 175 4298 bieme
206 4243 352 4315 sequente
381 4254 440 4297 non
469 4236 579 4298 luisset
607 4245 669 4297 tam
700 4237 776 4298 lenis
800 4236 904 4297 hiems.
953 4235 1054 4313 Tepor
1082 4232 1129 4292 hic
1159 4229 1290 4293 obtinuit
1320 4248 1386 4292 cum
1410 4230 1441 4293 iu

66 4323 202 4399 Suesia,
225 4331 290 4385 tum
312 4324 343 4386 in
368 4323 481 4407 Styria,
507 4326 537 4386 in
558 4324 695 4406 Ungaria
718 4342 789 4386 vero
815 4323 977 4406 aliquando
1001 4323 1130 4383 immane
1157 4320 1268 4399 frigus,
1300 4327 1335 4381 ut
1355 4317 1442 4381 multi

62 4413 192 4476 auilites
220 4411 283 4474 sint
305 4413 419 4475 amissi.
468 4412 584 4476 Contra
610 4413 818 4476 humidissima
847 4423 878 4474 et
909 4413 971 4472 lere
1004 4427 1122 4489 semper
1150 4407 1253 4488 pluvia
1286 4407 1381 4469 hiems
1410 4407 1442 4470 iu

59 4496 241 4576 Bobenia,
275 4499 445 4564 siccissima
472 4502 501 4564 in
526 4501 645 4584 Styria,
678 4512 712 4564 ut
735 4501 903 4564 diutissime
933 4518 993 4561 nou
1017 4497 1145 4578 pluerit,
1180 4492 1281 4577 pulvis
1305 4495 1441 4559 aestivus

64 4590 180 4654 fuant.
226 4590 315 4653 Adeo
338 4590 459 4652 variant
481 4590 544 4654 ista
565 4610 619 4671 per
642 4592 793 4671 regiones.
840 4588 997 4671 Superiori
1011 4589 1152 4666 Augusto
1175 4582 1280 4665 primis
1308 4580 1350 4645 10
1372 4581 1441 4647 die-

61 4671 134 4741 bus
157 4679 235 4742 adeo
259 4679 365 4741 valida
393 4678 450 4741 luit
471 4681 647 4751 commotio,
678 4680 754 4742 adeo
787 4678 968 4760 prodigiosa
995 4673 1151 4738 inundatio
1177 4671 1306 4735 omnium
1331 4672 1441 4742 duric-

67 4780 155 4844 Μ
179 4767 232 4848 qul
248 4786 274 4831 c
294 4767 447 4832 montibus
461 4766 613 4850 Styriacis
637 4768 782 4845 oriuntur,
807 4773 842 4830 ut
863 4766 1016 4831 hominum
1036 4762 1210 4828 memoriam
1234 4767 1368 4842 superet.
1407 4761 1443 4826 lu

1169 4866 1231 4902 ΟΜ
