3366 5482
670 266 780 329 Mysteni
800 263 1000 329 cosmographiei

607 427 650 490 IN
676 423 816 488 CAPUT
838 420 1072 485 SECUNDUM

686 547 800 598 nossa
819 544 998 597 suenonis.

239 655 271 725 a)
295 659 406 713 Omale
420 654 537 713 lactum!
579 658 752 710 Emundone
767 656 931 725 ejiciamus?
960 657 1016 709 lmo
1031 652 1199 723 postliminio
1218 651 1348 707 revocavi
1364 651 1392 706 in
1407 650 1524 707 Harmo-

157 741 232 799 nicis.
275 740 329 793 Cur
343 746 437 792 autem
451 737 611 807 ejiciamus?
640 741 684 790 An
700 737 765 807 quia
784 737 908 790 infinitae
923 742 953 788 et
966 735 1046 805 proin
1066 733 1167 787 ordinis
1183 732 1292 787 minime
1306 737 1449 803 capaces?
1472 736 1524 787 at

159 822 204 892 qui
226 837 279 873 non
294 819 381 889 ipsae,
405 819 452 871 sed
470 834 532 871 mea
546 818 620 870 illius
635 817 765 886 temporis
781 816 898 878 inscitia,
921 815 1067 869 communis
1091 813 1157 868 mihi
1172 830 1231 866 cum
1246 813 1396 885 plerisque,
1423 811 1525 867 ordinis

160 903 270 955 illarum
288 899 396 953 minime
411 915 504 968 capax
518 904 591 952 erat.
634 898 731 968 ltaque
751 897 798 949 lib.
815 897 836 949 l.
858 896 1083 949 Harmonicorum
1106 901 1136 948 et
1154 895 1290 948 delectum
1310 894 1432 964 aliquem
1454 893 1526 947 inter

161 982 282 1036 infinitas
296 978 375 1032 docui
397 985 427 1032 et
441 978 561 1033 ordinem
581 979 608 1030 in
623 977 655 1031 iis
677 977 888 1048 pulcherrimum
909 976 936 1028 in
950 977 1038 1029 lucem
1059 974 1172 1044 protuli.
1214 975 1285 1029 Nam
1306 975 1461 1028 curlineas
1476 989 1525 1029 nos

160 1080 197 1116 ex
217 1062 372 1129 archetypo
394 1059 485 1113 mundi
507 1058 685 1120 eliminemus,
710 1075 770 1111 cum
790 1057 879 1110 lineas
893 1058 969 1109 Deus
991 1072 1074 1124 opere
1096 1054 1156 1124 ipso
1175 1055 1357 1124 expresserit,
1381 1061 1473 1109 motus
1487 1070 1524 1107 so.

161 1144 356 1212 planetarum?
398 1138 510 1209 Lingua
523 1136 610 1209 igitur
624 1137 797 1208 corrigenda,
814 1154 889 1190 mens
905 1138 1032 1190 tenenda.
1073 1137 1105 1188 ln
1119 1151 1264 1204 corpomm
1278 1151 1401 1198 numero,
1423 1134 1526 1205 sphae-

160 1238 253 1275 ramrn
268 1218 448 1288 amplitudine
464 1219 658 1272 constituenda
679 1218 805 1287 primitus
827 1217 1002 1270 eliminentur
1022 1232 1090 1269 sane
1111 1215 1215 1270 lineae:
1236 1224 1267 1270 at
1286 1216 1314 1270 in
1327 1216 1458 1279 motibus,
1480 1213 1526 1286 qui

163 1300 243 1355 lineis
256 1298 444 1370 perficiuntur,
470 1298 636 1352 exornandis
659 1316 692 1351 ne
708 1303 913 1350 contemnamus
932 1297 1021 1350 lineas
1041 1303 1070 1349 et
1090 1296 1258 1366 superficies,
1282 1313 1354 1367 quae
1369 1297 1449 1350 solae
1463 1312 1526 1367 pro·

163 1380 318 1450 portionum
332 1379 552 1433 harmonicamm
567 1385 630 1432 sunt
646 1378 733 1449 origo.
914 1429 918 1435 ,

242 1455 273 1527 b)
295 1460 398 1529 Ingens
419 1458 562 1512 discrimen
584 1466 748 1529 argumento
771 1458 907 1511 nominum
928 1465 972 1509 est
993 1456 1066 1508 inter
1088 1456 1148 1509 fixa
1167 1465 1197 1510 et
1210 1455 1334 1519 mobilia;
1358 1473 1407 1510 cur
1421 1456 1527 1511 nonsit

163 1540 274 1611 aliquod
288 1539 373 1593 etiam
396 1539 423 1592 in
438 1538 581 1608 utriusque
596 1539 707 1609 generis
722 1537 925 1591 exornatione?
968 1536 1034 1597 Quis
1051 1535 1152 1589 ordinis
1171 1536 1404 1607 pulchritudinem
1423 1535 1525 1592 intelli-

162 1629 252 1691 geret,
275 1620 298 1672 si
313 1636 367 1672 non
382 1618 465 1688 juxta
479 1626 606 1672 cerneret
619 1619 738 1672 lixarum
752 1619 904 1671 exercitum
923 1616 1024 1669 ordinis
1040 1624 1206 1686 expertem?
1249 1616 1315 1678 Quis
1330 1617 1527 1672 astronomiam

162 1701 289 1763 disceret,
310 1699 333 1752 si
348 1706 487 1769 perpetua
501 1705 576 1752 esset
591 1699 739 1752 similitudo
754 1698 1006 1752 schematismorum
1026 1713 1074 1749 seu
1089 1696 1352 1751 constellationum?
1393 1698 1448 1751 Est
1462 1712 1527 1751 suns

163 1781 256 1835 formis
271 1786 395 1842 ornatus,
420 1785 465 1833 est
485 1785 515 1832 et
537 1779 682 1834 materiae.
725 1778 768 1832 Sit
787 1779 874 1849 igitur
893 1777 1007 1847 propria
1026 1777 1161 1831 materiae
1180 1784 1211 1831 et
1233 1778 1351 1847 pulchra
1369 1777 1528 1841 exornatio,

163 1877 235 1931 quae
250 1861 328 1913 facta
341 1867 386 1913 est
409 1877 459 1929 per
472 1860 606 1913 infinitam
621 1867 651 1913 et
664 1861 762 1913 molem
783 1867 812 1912 et
825 1857 1026 1912 multitudinem
1046 1865 1075 1910 et
1091 1858 1259 1913 varietatem
1274 1864 1332 1912 tam
1353 1858 1425 1912 situs
1446 1872 1528 1928 qnam

164 1939 361 2012 magnitudinis
376 1940 577 2009 claritatisque.

228 2015 272 2088 c)
297 2019 413 2083 (Anuot.
436 2020 573 2088 antiqua.)
616 2021 766 2087 Corporum
781 2018 910 2072 nobilitas
933 2026 977 2070 est
997 2035 1034 2071 ex
1050 2017 1227 2086 simplicitate
1249 2026 1279 2071 et
1300 2036 1337 2072 ex
1352 2017 1529 2089 aequalitate

163 2099 312 2163 distantiae
327 2099 470 2166 planorum
486 2114 504 2151 a
518 2107 612 2151 centro
628 2100 745 2168 figurae.
789 2097 867 2151 Sicut
881 2098 951 2150 enim
967 2113 1063 2151 norma
1083 2105 1110 2152 et
1126 2099 1227 2169 regula
1245 2096 1439 2153 creaturarum
1451 2098 1529 2151 Deus

165 2186 217 2240 est,
234 2179 273 2231 sic
288 2178 411 2246 sphaera
426 2194 578 2247 corporum.
621 2177 706 2246 Atqui
721 2193 756 2229 ea
771 2178 857 2229 hahet
871 2177 959 2230 dictas
974 2178 1172 2247 proprietates.
1205 2174 1234 2246 1)
1248 2179 1302 2233 Est-
1315 2178 1530 2249 simplicissima,

165 2259 231 2330 quia
245 2275 299 2311 uno
315 2257 454 2310 clauditur
470 2257 594 2319 termino,
610 2274 640 2308 se
656 2257 717 2325 ipsa
733 2257 846 2309 scilicet.
878 2254 909 2322 2)
926 2258 1024 2310 Omnia
1034 2257 1095 2326 ejus
1109 2265 1212 2327 puncta
1223 2259 1420 2328 aequalissime
1434 2274 1454 2312 a
1466 2276 1529 2312 oen·

164 2348 209 2393 tro
220 2338 335 2391 distant.
366 2338 412 2391 Ex
422 2337 582 2406 corporibus
593 2336 680 2407 igitur
689 2337 812 2406 proxime
822 2339 958 2390 accedunt
967 2337 1112 2408 regularia
1126 2340 1161 2392 ad
1171 2338 1309 2409 sphaerae
1319 2338 1528 2410 perfectionem.

166 2420 268 2474 Eorum
284 2416 404 2470 delinitio
424 2417 494 2469 haec
508 2423 560 2479 est,
585 2425 617 2469 ut
631 2417 755 2470 habeant
778 2413 808 2481 1)
825 2418 915 2471 omnia
936 2418 1038 2480 latera,
1061 2414 1091 2482 2)
1106 2419 1201 2488 plana,
1224 2417 1254 2482 3)
1270 2420 1400 2491 angulos,
1416 2418 1531 2490 singula
1548 2446 1551 2451 ·

168 2497 300 2567 aequalia
313 2504 343 2549 et
357 2497 449 2566 specie
463 2505 494 2550 et
507 2496 707 2567 magnitudine,
729 2499 799 2566 quod
815 2506 859 2550 est
878 2497 1076 2567 simplicitatis:
1102 2515 1184 2568 quam
1203 2499 1322 2569 positam
1344 2498 1530 2553 definitionem

169 2578 296 2647 sequitur
314 2577 385 2630 -illud
410 2577 492 2639 ultro,
518 2578 589 2647 quod
613 2570 646 2644 4)
661 2577 777 2630 omniurn
802 2579 946 2647 planorum
971 2582 1068 2631 centra
1092 2579 1248 2649 aequaliter
1272 2595 1289 2633 a
1312 2579 1403 2633 medio
1418 2579 1530 2639 distent,

170 2656 200 2722 5)
217 2659 287 2728 quod
303 2656 440 2726 inscripta
451 2657 538 2728 globo
552 2657 676 2711 omnibus
691 2658 803 2727 angulis
819 2666 942 2729 tangant
956 2658 1137 2726 superficiem,
1155 2655 1188 2726 6)
1203 2662 1274 2728 qnod
1289 2661 1317 2714 in
1332 2659 1529 2721 cohaereant

171 2733 203 2807 7)
219 2738 292 2808 quod
311 2736 472 2806 inscriptum
490 2738 605 2808 globum
624 2738 749 2791 omnibus
771 2739 917 2808 planorum
936 2739 1037 2791 centris
1059 2745 1191 2810 tangant,
1221 2734 1255 2807 8)
1269 2742 1346 2810 quod
1361 2739 1478 2809 proinde
1491 2738 1530 2793 in·

170 2819 290 2887 scriptus
304 2818 406 2887 globus
420 2817 538 2873 haereat
551 2818 687 2882 immotus,
717 2813 749 2886 9)
764 2827 794 2871 et
808 2821 880 2889 quod
894 2819 964 2872 idern
978 2825 1102 2872 centrum
1123 2821 1230 2874 habeat
1248 2837 1309 2875 cum
1322 2821 1424 2890 figura
1468 2819 1530 2882 Qui·

170 2902 221 2953 bus
235 2899 318 2951 rebus
333 2897 452 2952 efficitur
474 2898 565 2953 altera
586 2899 735 2952 similitudo
750 2916 810 2953 cum
824 2900 960 2969 sphaera,
986 2915 1056 2968 quae
1076 2907 1120 2953 est
1138 2919 1176 2955 ex
1189 2901 1364 2970 aequalitate
1378 2899 1531 2955 distantiae

190 2980 323 3033 lanorum.

169 2997 188 3050 P
249 3056 278 3123 d)
303 3057 434 3112 Scholion
449 3064 542 3111 autem
566 3058 634 3111 illud
657 3058 698 3111 ita
712 3067 809 3112 sonat:
831 3059 886 3126 ajo
901 3075 966 3112 vero
987 3066 1100 3128 praeter
1114 3059 1202 3115 dictas
1218 3062 1336 3132 quinque
1357 3062 1465 3132 figuras
1479 3075 1532 3114 non

170 3156 253 3210 posse
277 3136 361 3191 aliam
385 3137 515 3191 constitui
536 3139 654 3209 liguram
677 3139 802 3201 solidam,
827 3155 899 3208 quae
920 3138 1011 3209 planis
1035 3146 1065 3191 et-
1088 3141 1268 3209 aequilateris
1289 3147 1318 3195 et
1337 3138 1532 3212 aequiangulis

171 3219 348 3273 contineatur
364 3217 438 3271 iuter
459 3235 489 3270 se
511 3218 684 3288 aequalibus.
726 3219 787 3271 Non
802 3219 873 3271 enim
888 3236 924 3271 ex
940 3219 1045 3271 duobus
1060 3219 1218 3292 triangulis,
1242 3224 1289 3276 sed
1306 3239 1396 3292 neque
1417 3239 1456 3275 ex
1470 3219 1531 3274 aliis

171 3301 278 3353 duabus
298 3296 395 3367 figuris
410 3297 512 3351 solidus
528 3297 713 3352 constituetur
727 3298 857 3367 angulus.
899 3298 953 3352 Sed
975 3299 1115 3353 extribus
1134 3292 1285 3371 triangulis
1314 3308 1426 3356 constat
1447 3315 1532 3372 pyra·

172 3379 250 3434 aridis
264 3379 394 3448 angulus.
435 3378 481 3431 Ex
496 3386 615 3447 quatuor
629 3386 721 3432 autern
736 3378 869 3431 octaedri.
911 3380 956 3431 iix
971 3379 1090 3449 quinque
1104 3397 1171 3434 vero
1186 3381 1329 3436 icosaedri.

251 3460 298 3514 Ex
318 3457 468 3528 triangulis
487 3466 589 3529 sexlet
614 3459 794 3528 aequilateris
824 3465 854 3511 et
882 3459 1077 3529 aequiangulis
1106 3464 1141 3514 ad
1171 3463 1240 3516 idem
1273 3469 1404 3533 punctum
1432 3478 1533 3517 coeun·

173 3539 248 3594 tibus
267 3556 322 3592 nou
340 3538 390 3591 fiet
408 3539 531 3608 angulus
552 3539 665 3592 solidus.
699 3539 773 3593 »Cum
788 3537 860 3591 enim
880 3539 1015 3610 trianguli
1037 3542 1203 3610 aequilateri
1226 3544 1348 3614 angulus
1368 3543 1439 3598 recti
1453 3543 1533 3597 unius

173 3622 281 3674 bessem
302 3610 363 3684 (¹12)
386 3618 542 3680 contineat,
567 3625 648 3671 emnt
669 3618 804 3686 ejusmodi
826 3636 878 3672 sex
901 3619 998 3689 anguli
1021 3622 1104 3674 rectis
1128 3631 1247 3692 quatuor
1267 3625 1412 3695 aequales.
1456 3622 1535 3686 Quod

171 3699 299 3755 horinon
313 3703 416 3768 potest.
458 3697 528 3751 Nam
548 3698 651 3751 solidus
671 3699 757 3753 omnis
779 3699 900 3769 angulus
921 3699 1070 3755 minoribus
1085 3718 1166 3771 quam
1187 3703 1269 3758 rectis
1285 3711 1407 3774 quatuor
1420 3701 1533 3776 angulis

171 3779 328 3834 continetur
349 3773 441 3845 (Eucl.
463 3777 512 3830 Xl.
536 3772 607 3844 21.)
650 3778 692 3832 Ob
706 3781 824 3833 ‘easdem
852 3796 920 3832 saue
946 3797 1045 3835 causas
1067 3799 1157 3851 neque
1177 3784 1359 3854 expluribus
1378 3799 1462 3854 quam
1482 3799 1533 3838 sex

170 3859 263 3930 planis
286 3856 398 3930 angulis
422 3856 553 3927 ejusmodi
574 3859 694 3928 angulus
715 3860 818 3913 solidus
839 3859 1015 3914 construitur.

251 3939 304 3993 Sed
328 3937 476 3991 extribus
500 3937 641 4008 quadratis
665 3938 726 3992 cubi
750 3940 870 4010 angulus
896 3939 1059 3995 continetur.
1100 3944 1147 3995 Ex
1170 3949 1288 4011 quatuor
1310 3944 1405 3999 nullus
1427 3949 1530 4015 potest.

170 4020 276 4073 Rursus
300 4018 372 4072 enirn
392 4018 461 4072 recti
486 4025 605 4087 quatuor
628 4026 717 4073 erunt.
1493 4071 1497 4077 .

250 4100 296 4152 Ex
320 4097 408 4151 tribus
432 4105 525 4152 autem
548 4098 715 4169 pentagonis
742 4098 921 4169 aequilateris
946 4107 975 4152 et
1007 4101 1199 4172 aequiangulis
1223 4103 1386 4157 dodecaedri
1410 4104 1532 4175 angulus

172 4179 337 4233 continetur.
380 4178 433 4231 Sed
448 4196 486 4232 ex
500 4187 619 4248 quatuor
632 4180 726 4233 nullus
741 4187 843 4248 potest.
886 4180 952 4233 Cum
968 4181 1039 4234 enim
1060 4183 1214 4253 pentagoni
1229 4183 1396 4253 aequilateri
1411 4183 1531 4255 angulus

172 4266 265 4312 rectus
280 4257 317 4310 sit
338 4262 368 4310 et
385 4257 481 4326 quinta
504 4258 572 4311 recti
593 4276 668 4329 pars,
691 4266 773 4312 erunt
786 4268 906 4328 quatuor
920 4261 1016 4330 anguli
1039 4263 1121 4315 rectis
1141 4270 1260 4332 quatuor
1282 4264 1412 4333 majores.
1455 4262 1533 4326 Quod

172 4339 231 4392 lieri
256 4337 359 4407 nequit
400 4337 458 4390 Nec
473 4355 540 4391 sane
555 4357 593 4393 ex
608 4339 670 4392 aliis
694 4341 842 4410 polygonis
866 4341 962 4411 figuris
987 4342 1089 4394 solidus
1105 4345 1226 4414 angulus
1241 4344 1437 4408 continebitur,
1462 4342 1532 4415 quoti

172 4419 236 4472 hinc
250 4433 358 4487 quoque
372 4418 520 4472 absurdum
541 4427 681 4487 sequatur.
725 4421 908 4482 Quamobrem
920 4422 1094 4490 perspicuum
1108 4430 1160 4485 est,
1182 4431 1296 4493 praeter
1310 4424 1399 4479 dictas
1413 4424 1532 4496 quinque

173 4501 278 4571 figuras
302 4496 386 4551 aliam
410 4498 528 4568 liguram
551 4499 666 4553 solidam
690 4518 743 4554 non
768 4518 850 4570 posse
864 4501 1005 4566 constitui,
1029 4518 1101 4571 quae
1120 4505 1171 4556 sub
1195 4504 1287 4573 planis
1306 4505 1533 4576 aequilateriset

172 4576 366 4650 aequiangulis
390 4579 572 4634 contineatur.
