3366 5482
159 220 225 289 asa
705 218 968 285 emaceratos

159 383 240 447 Solis
259 383 298 444 ad
322 383 425 444 Lunae
449 381 682 461 proportionem,
707 399 783 458 quae
807 385 857 440 est
879 358 976 453 951,
1001 378 1215 443 Aristarchum
1229 399 1311 456 vera,
1337 381 1388 462 qui
1413 379 1521 445 eadem

159 484 224 535 curu
247 471 384 534 Philolao
408 469 554 550 principia
577 470 776 550 sequebatur,
800 469 907 538 aliam,
932 486 977 530 so.
1002 469 1064 530 fere
1089 489 1165 549 quae
1188 478 1239 531 est
1254 471 1340 533 ¹inter
1363 467 1403 533 et
1432 477 1466 533 et
1491 468 1521 532 1.

159 560 293 632 Quorum
316 560 390 621 illud
414 561 501 637 longe
526 567 573 619 est
597 580 616 618 a
639 559 769 619 veritate
794 557 938 632 alienum,
962 557 1019 619 hoc
1043 559 1070 619 ei
1094 558 1271 636 proximum.
1318 560 1428 638 Itaque
1454 577 1523 621 um

160 650 284 729 quisque
309 647 450 728 privatim
478 647 687 728 hypothesium
721 647 868 709 rationem
892 653 941 707 est
968 655 1104 721 secutus,
1139 666 1228 727 quarn
1251 648 1300 709 vel
1330 647 1524 727 praecepturi

161 758 215 800 suo
240 747 396 818 acceptam
422 737 506 809 tulit,
540 739 588 797 rel
613 737 745 817 physicis
770 735 937 796 rationibus
963 744 1197 798 censentaneam
1222 737 1354 808 censuit,
1387 737 1436 799 vel
1467 737 1523 798 de·

161 827 430 890 monstrationibus
455 825 517 886 suis
541 825 729 904 aptissimam
756 833 897 903 expertus
921 834 983 884 est:
1009 826 1091 885 nulla
1113 844 1194 901 vero,
1220 827 1264 887 ita
1283 835 1318 888 ut
1331 825 1430 889 Ursus
1446 826 1522 898 vult,

161 917 278 998 publice
301 915 429 976 invaluit
452 922 505 976 aut
528 915 693 976 solenniter
716 914 888 975 introducta
912 913 969 974 fuit
991 913 1202 994 hypothesium
1226 916 1332 979 forma.

250 1005 381 1084 Jamque
417 1004 538 1066 tandem
564 1005 601 1065 ad
636 1003 784 1066 celebrem
814 1003 897 1064 illum
920 1001 1179 1065 Aristarchum
1210 1003 1369 1079 Samium
1400 1010 1524 1081 tempo·

161 1114 228 1156 rum
251 1094 322 1154 ordo
347 1113 400 1154 nos
425 1093 559 1167 deducit,
585 1093 669 1172 cujus
693 1111 768 1172 quas
791 1099 930 1152 recenset
953 1091 1152 1153 Archimedes
1176 1093 1377 1174 hypotheses,
1401 1091 1524 1173 Pytha-

161 1202 337 1264 goraeorum
362 1191 392 1242 et
416 1181 543 1242 Philolai
569 1200 683 1262 quoque
708 1181 801 1241 fuisse
826 1188 897 1241 ante
921 1179 1093 1249 Platonem,
1114 1181 1179 1260 jam
1203 1190 1254 1244 sat
1277 1181 1365 1244 nohis
1388 1186 1523 1243 constat.

161 1270 412 1334 Accommodavit
435 1271 485 1330 ille
510 1271 627 1352 quidem
652 1288 819 1330 sermonem
853 1288 938 1329 suurn
963 1269 1289 1344 demonstrationibus,
1324 1280 1356 1332 et
1378 1268 1525 1331 circulum

161 1380 218 1442 quo
242 1360 347 1421 Terra*
364 1360 494 1420 volvitur
525 1360 600 1420 dixit
633 1378 699 1419 eam
732 1358 843 1419 habere
877 1358 1100 1437 proportionem
1125 1360 1164 1419 ad
1187 1360 1281 1433 lixas,
1315 1378 1404 1439 qnam
1430 1357 1526 1421 habet

161 1458 296 1511 centrum
328 1449 366 1508 ad
399 1448 678 1510 circumferentiam.
727 1446 814 1517 Quod
848 1447 1002 1525 explicans
1036 1448 1236 1510 Archimedes
1267 1448 1389 1510 iisdem·
1408 1465 1525 1527 prope-

160 1539 278 1600 modum
301 1537 402 1599 verbis
426 1537 529 1611 utitur,
555 1537 660 1616 quibus
684 1556 776 1616 snpra
792 1535 995 1616 Pythagoraei
1019 1556 1105 1597 suam
1126 1538 1206 1617 apud
1220 1538 1421 1599 Aristotelem
1435 1554 1525 1598 men-

158 1637 220 1691 tem
248 1627 491 1706 explicaverant:
526 1627 604 1706 quod
633 1626 852 1706 deprehendet,
887 1625 936 1704 qui
970 1626 1104 1686 conferre
1138 1634 1265 1706 utraque
1288 1626 1381 1688 volet.
1429 1625 1525 1705 quue

159 1717 309 1797 estquod
332 1725 418 1778 tanto
443 1716 540 1794 magis
564 1716 735 1788 confirmat,
769 1714 847 1795 quod
871 1733 962 1792 supra
985 1714 1106 1794 saepius
1132 1715 1272 1778 iteratum
1295 1722 1363 1787 est,
1398 1714 1524 1777 easdem

158 1807 293 1886 utrisque
317 1816 348 1868 et
370 1806 591 1887 Pythagoraeis
616 1814 648 1865 et
670 1804 850 1866 Aristarcho
875 1802 968 1864 fuisse
992 1804 1187 1884 hypotheses.
1237 1803 1385 1875 Quamvis
1408 1803 1523 1865 Archi-

158 1897 255 1959 medis
279 1896 316 1956 de
339 1895 511 1957 Aristarchi
544 1915 633 1955 sensu
657 1895 832 1973 conjectura
863 1891 997 1953 nonnihil
1025 1892 1174 1972 impingit.
1221 1894 1299 1954 Vult
1321 1892 1525 1955 Archimedes

160 1987 203 2050 sic
226 1985 453 2062 intelligendum
473 1984 692 2054 Aristarchum,
718 2003 794 2063 quae
819 1981 858 2042 sit
882 1982 1035 2061 proportio
1056 1983 1167 2043 Terrae
1191 1984 1229 2043 ad
1254 1983 1414 2062 sphaeram
1431 1980 1525 2055 Solis,

76 2120 81 2129 ,
161 2075 286 2136 eandem
318 2092 385 2134 esse
409 2072 556 2152 sphaerae
581 2070 662 2133 Solis
687 2073 756 2142 (seu
778 2072 906 2143 Terrae)
939 2071 979 2132 ad
1002 2071 1162 2150 sphaeram
1185 2073 1321 2133 fictarum.
1367 2071 1415 2131 At
1448 2070 1526 2132 haec

161 2163 258 2224 adhuc
281 2160 435 2239 proportio
460 2180 517 2221 non
538 2161 651 2221 sufficit
662 2160 835 2222 Aristarchi
850 2159 1167 2221 demonstrationibus.
1214 2160 1294 2222 Nam
1318 2159 1361 2221 ita
1385 2168 1436 2221 est
1451 2178 1525 2221 sen·

161 2252 246 2312 sibus
271 2248 548 2328 comprehensibilis
563 2249 674 2311 Terrae
698 2249 736 2310 ad
759 2249 920 2327 sphaeram
935 2247 1017 2310 Solis
1036 2248 1199 2331 proportio,
1225 2257 1259 2310 ut
1276 2247 1448 2328 parallaxin
1464 2247 1526 2309 So·

161 2341 198 2402 lis
230 2339 409 2400 minutorum
439 2338 553 2417 aliquot
582 2339 703 2400 efficiat.
761 2338 899 2400 Totidem
928 2337 1019 2416 igitur
1048 2337 1227 2400 minutorum
1254 2336 1422 2417 parallaxis
1447 2336 1527 2399 inter

160 2431 238 2491 fixas
263 2436 295 2489 et
319 2427 479 2505 sphaeram
503 2446 561 2506 qua
581 2427 683 2490 Tellus
707 2427 839 2488 volvitur
858 2426 1071 2488 intercederet.
1118 2427 1164 2487 At
1181 2426 1378 2489 Aristarchus
1407 2444 1527 2487 omnem

161 2518 252 2598 plane
277 2535 398 2577 sensum
432 2516 580 2591 excludit,
615 2518 684 2579 dum
712 2516 858 2577 infinitam
887 2515 985 2595 quoad
1015 2534 1135 2577 sensum
1167 2515 1392 2595 proportionem
1427 2514 1525 2576 intro·

164 2606 255 2670 ducit.
305 2604 367 2666 Sed
400 2605 475 2666 haec
499 2605 606 2667 obiter.
653 2607 722 2667 Non
746 2614 795 2666 est
826 2613 927 2665 autem
951 2603 1082 2684 impunis
1110 2605 1249 2666 habenda
1273 2603 1343 2666 Ursi
1374 2603 1526 2665 dubitatio

162 2697 199 2757 de
223 2701 326 2755 aetate
359 2713 418 2773 qna
448 2694 557 2756 claruit
580 2694 793 2765 Aristarchus,
828 2713 878 2767 ne,
914 2693 962 2773 qui
997 2692 1096 2754 sciant
1118 2693 1229 2756 Ursum
1263 2693 1355 2755 etiam
1388 2691 1525 2754 historiis

74 2847 81 2854 ,
161 2802 285 2863 operam
309 2783 438 2856 dedisse,
464 2802 529 2844 cum
553 2785 619 2862 ipso
643 2784 720 2845 citra
744 2802 865 2844 causam
889 2781 1085 2843 dubitandum
1109 2782 1166 2843 sibi
1187 2781 1371 2843 existiment.
1414 2780 1524 2855 Dubia,

162 2873 293 2954 inquam,
320 2872 414 2933 Ursus
439 2872 651 2934 Aristarchum
675 2872 768 2933 refert
791 2872 855 2932 sive
880 2871 935 2932 sub
959 2871 1165 2933 Ptolemaeum
1190 2869 1435 2949 Philadelphum,
1460 2869 1526 2931 sive

162 2962 217 3024 sub
242 2961 483 3023 Philometorern.
533 2961 737 3023 Intolerabilis
761 2960 951 3033 incertitudo,
978 2979 1042 3019 cum
1066 2959 1096 3020 hi
1121 2957 1141 3022 2
1162 2979 1249 3036 reges
1276 2955 1339 3021 100
1364 2959 1452 3020 annis
1476 2959 1525 3020 in·

156 3051 259 3112 vicem
291 3049 413 3110 distent.
469 3049 513 3110 At
547 3050 645 3110 facilis
682 3050 766 3111 labor
798 3050 875 3110 hanc
908 3047 1126 3109 dubitationem
1165 3048 1300 3110 tollendi.
1353 3046 1526 3128 Syracusas

164 3138 351 3219 expugnarit
374 3139 547 3211 Marcellus,
574 3141 677 3201 consul
702 3139 864 3212 Romanus,
891 3157 968 3198 anno
993 3134 1023 3218 9,
1049 3138 1215 3199 Ptolemaei
1238 3135 1464 3216 Philopatoris:
1490 3156 1527 3197 ea

163 3228 193 3290 in
227 3228 447 3307 expugnatione
480 3227 679 3289 Archimedes
717 3227 893 3289 interfectus
927 3235 983 3288 est.
1040 3225 1170 3306 Scripsit
1202 3227 1292 3307 igitur
1326 3225 1460 3288 libellum
1489 3225 1525 3286 de

164 3336 273 3378 arenae
297 3336 434 3387 numero,
465 3316 495 3376 in
521 3335 578 3396 quo
603 3318 639 3377 de
663 3316 833 3378 Aristarchi
857 3315 1075 3397 hypothesibus
1108 3324 1227 3389 namet,
1262 3323 1333 3376 ante
1358 3311 1387 3378 9.
1414 3332 1525 3376 annum

164 3405 384 3484 Philopatoris3
409 3412 440 3466 et
464 3406 542 3465 forte
565 3406 619 3466 sub
644 3406 730 3466 linem
754 3405 870 3484 imperii
893 3405 1069 3483 Euergetis,
1099 3424 1185 3484 quem
1208 3404 1343 3485 proxime
1366 3402 1525 3465 Philadel-

163 3494 241 3573 phus
266 3494 441 3555 antecessit.
489 3494 532 3555 At
546 3494 734 3573 Philopatori
748 3494 931 3573 Epiphanes,
957 3504 989 3555 et
1011 3493 1079 3555 huic
1103 3495 1222 3555 demum
1246 3493 1432 3555 Philometor
1455 3511 1526 3553 suc-

163 3582 267 3644 cessit.
314 3584 363 3643 Ita
378 3583 539 3657 conficitur,
564 3583 784 3656 Aristarchum,
809 3585 893 3663 cujus
908 3583 1000 3646 libros
1015 3583 1214 3645 Archimedes
1235 3583 1318 3661 legit,
1343 3580 1400 3642 sub
1416 3580 1523 3644 Phila·

165 3671 273 3751 delpho
290 3672 445 3743 claruisse,
466 3691 519 3732 nec
537 3673 599 3733 ulla
615 3691 708 3733 cansa
731 3673 767 3733 de
780 3673 984 3734 Philometore
1007 3672 1191 3751 suspicandi.
1230 3670 1333 3732 Habet
1347 3669 1525 3732 historicam

164 3760 419 3822 confirmationem
434 3760 608 3822 historicus:
634 3763 740 3822 audiat
758 3763 990 3824 astronomicam
1006 3768 1207 3822 astronomus.
1249 3759 1438 3823 Observavit
1450 3759 1526 3821 Ari-

164 3850 303 3913 starchus
338 3851 485 3911 aestivale
520 3849 682 3912 solstitium
718 3858 839 3912 auctore
872 3851 1060 3930 Hipparcho,
1095 3859 1129 3912 ut
1161 3852 1240 3912 Ptol.
1276 3851 1327 3912 Ill.
1365 3848 1391 3910 i.
1422 3852 1526 3925 refert,

165 3958 242 4000 anno
267 3937 320 4002 50.
345 3939 458 4017 primae
481 3938 596 4018 periodi
621 3937 798 4019 Callipicae.
846 3942 877 4001 ls
901 3940 958 4002 fuit
980 3960 1075 4001 annus
1100 3936 1130 4002 6.
1156 3938 1357 4018 Philadelphi.

256 4029 315 4091 Tot
345 4029 511 4089 nominibus
544 4029 574 4089 in
604 4028 729 4091 historia
757 4049 812 4090 sua
845 4029 1010 4109 impingens
1039 4030 1135 4091 Ursus
1168 4030 1277 4091 malum
1307 4027 1431 4107 insuper
1463 4027 1529 4106 agit

163 4117 359 4196 interpretem
383 4118 553 4179 Aristarchi
577 4125 610 4178 et
633 4116 810 4197 Copernici,
836 4127 867 4181 et
890 4121 1069 4200 imputatam
1093 4118 1160 4180 aliis
1184 4117 1212 4179 in
1238 4116 1406 4197 Oopernico
1430 4117 1525 4180 intel-

55 4279 58 4287 ἧ
165 4205 287 4285 ligando
320 4206 498 4268 tarditatem
525 4207 554 4267 in
579 4226 612 4267 se
636 4207 797 4268 manifeste
825 4209 985 4271 transfert:
1021 4208 1103 4283 dnm,
1138 4227 1225 4288 qnam
1250 4205 1437 4287 Coperuicus
1460 4206 1528 4268 axis

164 4293 289 4355 Terreni
314 4295 378 4373 (qui
395 4295 444 4355 axi
464 4295 692 4375 aequinoctialis
708 4299 885 4374 respondet)
910 4297 1136 4359 inclinationem
1160 4299 1197 4358 ad
1221 4299 1344 4376 planum
1367 4295 1528 4375 eclipticas

165 4383 294 4457 statuit,
320 4383 397 4442 hanc
421 4383 472 4444 ille
496 4385 683 4447 nutationem
707 4386 786 4447 inter
808 4388 964 4465 planetas,
995 4387 1032 4447 ad
1056 4386 1154 4448 instar
1176 4386 1263 4448 navis
1287 4386 1316 4448 in
1340 4383 1431 4459 mari,
1464 4385 1527 4464 jam

164 4472 193 4534 in
221 4490 359 4552 proram,
380 4472 444 4550 jam
467 4474 496 4534 in
521 4472 643 4553 puppim
667 4475 880 4549 incumbentis,
914 4475 1141 4555 interpretatur.
1187 4474 1232 4537 At
1263 4481 1329 4537 toto
1354 4473 1439 4537 coelo
1464 4472 1529 4537 Go-

165 4563 328 4640 pernicauo
352 4562 483 4624 aberrat.
518 4563 609 4624 *Nam
635 4563 692 4626 etsi
718 4564 785 4641 axis
798 4565 909 4626 Terrae
934 4565 962 4625 in
983 4564 1125 4626 solstitiis
1148 4564 1266 4627 inclinis
1282 4572 1330 4626 est
1353 4562 1393 4626 ad
1418 4562 1527 4626 lineam

166 4668 183 4711 e
207 4649 280 4714 Sole
302 4651 334 4713 in
358 4660 493 4713 centrum
509 4653 620 4715 Terrae
644 4655 776 4726 ductam,
800 4654 829 4715 in
854 4652 1050 4734 aequinoctiis
1069 4673 1141 4718 varo
1164 4663 1262 4716 rectos
1287 4672 1353 4716 cum
1375 4673 1414 4717 ea
1436 4651 1529 4719 efficit

168 4742 312 4820 angulos:
347 4760 405 4802 non
435 4749 538 4803 tamen
561 4741 591 4803 id
615 4743 649 4803 tit
671 4752 785 4804 annutn
808 4743 856 4804 vel
884 4743 1016 4821 abnutu,
1051 4744 1104 4804 sed
1133 4744 1167 4804 tit
1197 4742 1400 4810 translation·
1431 4742 1526 4810 centri
