3366 5482
161 286 223 353 ns
665 279 777 342 aare
792 276 995 345 emmae

158 442 325 524 octanguli,
357 448 428 503 sunt
450 440 479 502 in
503 439 599 519 gradu
621 437 782 500 remotiore
806 444 839 498 et
860 437 1062 501 irrationales.
1110 433 1147 510 3)
1176 434 1295 513 Causa,
1326 437 1400 518 quis
1427 436 1526 501 trinus

157 553 223 596 cum
248 529 360 599 sextili,
385 529 564 610 quadratum
586 546 653 589 cum
678 526 825 606 quadrato
849 527 981 588 efficiunt
1002 534 1117 588 rectum
1136 526 1291 605 angulum,
1314 525 1396 589 radii
1418 525 1527 607 reliqui

158 623 354 699 nullo'pacto
378 637 445 679 cum
468 617 530 678 ulla
559 625 681 695 recepta
706 615 796 676 linea.
842 609 879 687 4)
908 613 1139 694 ImperfectaB
1167 615 1268 676 mollis
1297 623 1348 676 est
1374 614 1525 695 quodam-

157 711 246 773 modo
269 707 424 787 perfecta,
460 705 529 786 qnia
561 705 655 766 utitor
682 704 797 764 eadem
817 703 963 764 divisione
992 723 1059 765 cum
1088 703 1233 782 perlectis
1261 711 1294 765 et
1320 710 1372 765 est
1400 702 1528 777 dimidia

159 799 273 881 quinta.
320 796 407 858 Unde
431 812 489 855 non
514 792 633 867 mirum,
666 793 761 853 solam
784 810 822 853 ex
844 791 1029 871 imperfectis
1053 792 1236 871 respondere
1259 792 1400 872 aspectui
1425 791 1525 866 alicui,

158 907 201 950 sc.
228 884 346 957 sextili,
379 883 428 964 qui
458 882 561 944 itidem
590 889 638 944 est
665 880 806 941 dimidius
836 880 942 942 trinus.
991 879 1120 942 Ceterae
1150 880 1228 941 enim
1258 899 1313 943 nec
1338 889 1432 960 aptae
1458 888 1528 943 sunt

158 976 188 1038 in
212 972 440 1046 dnodenarium,
479 989 534 1032 uec
562 970 688 1050 perfecti
717 970 843 1048 alicujus
870 988 942 1049 pars
970 979 1049 1030 sunt.
1097 968 1133 1042 5)
1161 968 1300 1050 Denique
1327 988 1386 1030 sex
1415 970 1528 1050 trigoni

159 1063 271 1142 anguli,
298 1069 425 1142 quatuor
448 1059 597 1140 quadrati,
621 1068 685 1120 tres
700 1058 866 1136 sexanguli,
892 1068 924 1120 et
947 1059 1062 1120 duobus
1086 1057 1283 1120 semicirculis
1306 1058 1528 1138 comprehense

159 1155 216 1215 duo
241 1150 342 1231 spatia
365 1149 491 1228 impleut
514 1166 630 1209 omnem
654 1148 683 1209 in
712 1147 838 1225 planitie
865 1147 971 1209 locum.
1018 1147 1062 1208 At
1085 1155 1148 1208 tres
1171 1147 1273 1227 anguli
1298 1146 1328 1209 in
1353 1146 1523 1228 quinquan-

159 1242 229 1323 gulo
260 1240 390 1301 minores
419 1246 489 1298 sunt
523 1245 650 1315 quatuor
682 1236 791 1308 rectis,
828 1245 957 1314 quatuor
989 1244 1060 1296 sunt
1087 1235 1230 1313 majores.
1276 1236 1367 1300 Unde
1397 1245 1431 1298 et
1454 1234 1528 1299 iliud

157 1338 258 1413 patet,
288 1345 380 1408 qnare
404 1345 459 1386 nec
482 1325 754 1405 octangularis‚¹⁸)
784 1342 838 1384 nec
862 1324 1136 1402 duodecangularis
1159 1321 1338 1401 nnius‚¹¹)
1368 1343 1427 1389 nec
1448 1325 1528 1388 uuas

158 1418 341 1498 reliquorum
356 1422 505 1493 operetur.
543 1413 645 1494 Atque
670 1412 717 1475 bic
742 1414 805 1473 fere
829 1431 936 1492 separo
961 1432 1070 1474 causas
1095 1421 1272 1492 aspectuum
1295 1435 1315 1474 a
1333 1414 1438 1476 causis
1452 1432 1528 1475 cou-

159 1502 381 1577 cordiarum.¹¹)
421 1501 512 1564 Certe
536 1502 614 1563 euim
639 1521 715 1581 qnae
741 1521 778 1562 ex
802 1502 920 1580 angulis
944 1503 988 1574 fit,
1013 1502 1143 1582 genuina
1166 1502 1260 1564 radiis
1284 1509 1334 1563 est
1357 1503 1526 1587 ratiocina-

159 1593 278 1670 tio;¹‘¹‘)
301 1611 369 1656 cnm
392 1599 515 1671 propter
538 1591 679 1667 angulum
702 1590 731 1650 iu
756 1600 866 1670 puncto
890 1591 1056 1671 superficiei
1086 1590 1239 1652 Terrenae
1264 1592 1389 1666 iactum,
1414 1592 1446 1654 iu
1471 1608 1527 1671 quo

161 1685 332 1756 miscentur,
359 1682 474 1742 existat
497 1679 642 1757 operatio,
668 1697 725 1739 non
751 1697 823 1741 vero
847 1689 971 1759 propter
995 1680 1119 1759 liguram
1143 1679 1173 1740 iu
1193 1680 1318 1742 zodiaco
1338 1681 1453 1742 circulo
1473 1679 1527 1741 de·

100 1804 105 1812 ·
160 1774 323 1853 scriptam,
359 1790 435 1851 quae
468 1768 683 1847 imaginatione
716 1769 817 1847 potius
847 1787 935 1848 quam
965 1767 1007 1829 rei
1030 1768 1161 1829 veritate
1185 1766 1361 1844 constat.¹¹)
1409 1768 1529 1831 Divisio

159 1881 232 1924 vero
256 1860 323 1922 fidis
347 1859 454 1920 necin
484 1857 594 1919 circulo
624 1857 672 1930 fit,
707 1876 760 1918 nec
789 1857 906 1935 angulis
936 1857 1049 1931 utitur,
1085 1857 1137 1917 sed
1168 1858 1198 1918 iu
1217 1859 1309 1937 plano
1332 1877 1389 1938 per
1411 1865 1528 1921 rectam

162 1953 270 2013 lineam
294 1947 455 2029 perficitur.
504 1947 635 2006 Possunt
660 1953 758 2006 tamen
785 1945 975 2007 nibilominus
1006 1954 1038 2007 et
1068 1946 1302 2008 concordantiae
1327 1957 1359 2010 et
1384 1954 1528 2028 aspectus

161 2039 272 2101 babere
296 2053 450 2097 commune
475 2034 563 2113 quid,
589 2033 667 2112 quod
691 2034 796 2095 eadem
820 2035 957 2115 utrinque
983 2042 1139 2108 causatur,
1164 2044 1313 2114 utsupra
1337 2036 1528 2107 dictum.¹¹)

77 2190 80 2194 A
162 2129 198 2190 Id
223 2145 293 2186 vero
322 2124 449 2185 aliorum
477 2121 644 2181 industriae
673 2122 805 2202 relinquo
830 2124 1033 2185 scrutandum.
1081 2123 1249 2186 Ptolemaei
1272 2125 1407 2199 Musica,
1453 2142 1528 2204 quae

162 2215 421 2294 Regiomontanns
440 2228 508 2270 cum
528 2208 716 2288 expositione
738 2211 894 2293 Porphyrii
918 2213 1053 2274 editurus
1078 2220 1153 2286 erat,
1179 2214 1234 2274 sed
1259 2213 1390 2274 nondum
1416 2232 1530 2279 excusa

163 2302 323 2366 Cardenus
348 2299 476 2371 asserit,
507 2298 536 2358 in
569 2297 625 2358 bac
653 2300 781 2361 materia
807 2302 910 2379 procul
940 2301 1029 2362 dubio
1053 2306 1279 2375 versantur.¹¹¹)
1325 2301 1408 2364 Vide
1432 2303 1526 2364 etiam

163 2392 234 2472 quid
258 2409 295 2451 ex
319 2386 455 2451 Euclidis
479 2385 604 2448 Musicis
627 2388 684 2448 huc
708 2390 812 2450 referri
834 2392 997 2469 possit.⁰⁰)

583 2564 628 2626 IN
652 2561 791 2628 CAPUT
812 2564 1103 2629 DUODEOIMUM

688 2685 802 2737 nonan
823 2687 999 2738 sucroms.

244 2793 277 2866 a)
298 2798 358 2850 Hoc
372 2795 467 2849 thema
481 2811 518 2847 ex
531 2794 656 2864 professo
671 2797 790 2849 tractari
805 2797 832 2849 in
848 2797 918 2850 libro
933 2799 966 2850 de
981 2798 1068 2852 stella
1082 2815 1160 2863 nova,
1184 2798 1267 2870 inque
1280 2817 1417 2872 responso
1431 2805 1467 2858 ad
1482 2805 1528 2858 ob·

160 2879 240 2949 jecta
259 2876 379 2938 Roslini;
403 2891 500 2944 nempe
516 2881 634 2945 quatuor
648 2876 756 2945 quidem
777 2877 869 2930 circuli
893 2877 997 2930 zodiaci
1012 2880 1182 2948 quadrantes
1203 2881 1349 2936 monstrari
1365 2898 1383 2936 a
1397 2884 1528 2940 conditio-

164 2960 245 3015 nibus
259 2960 373 3011 duorum
388 2961 516 3018 motuum,
542 2955 631 3008 diurni
645 2956 756 3010 etSolis
772 2957 864 3020 annui,
891 2974 959 3026 quas
984 2966 1137 3028 sequuntur
1160 2959 1245 3013 etiam
1268 2961 1378 3016 luminis
1402 2969 1433 3018 et
1456 2966 1528 3020 cals-

164 3038 291 3095 iactionis
315 3043 422 3091 metae:
453 3044 484 3089 at
507 3037 689 3106 quadrantem
712 3036 884 3108 singulorum
908 3038 1122 3093 subdivisionem
1144 3040 1172 3093 in
1192 3045 1274 3094 terna
1298 3042 1426 3113 praecise
1450 3045 1531 3118 signa

164 3120 232 3175 nihil
246 3118 306 3173 tale
321 3135 371 3172 nec
385 3135 422 3170 ex
436 3121 512 3170 motu
526 3133 577 3170 uec
591 3134 628 3169 ex
642 3116 745 3170 viribus
760 3117 872 3180 habere,
889 3117 967 3186 crqjus
982 3120 1096 3172 effectus
1111 3119 1218 3173 censeri
1232 3122 1329 3191 possit,
1351 3122 1406 3177 nisi
1419 3130 1529 3181 tantun

163 3197 402 3273 generalissimam
425 3197 501 3249 iliam
522 3196 732 3259 distinctionem,
758 3197 854 3266 quanti
875 3197 1091 3269 uniuscujusque
1115 3199 1142 3253 in
1164 3200 1336 3271 principium,
1362 3204 1483 3260 medium
1501 3214 1531 3260 st

162 3283 255 3335 tinem:
281 3294 349 3350 quas
364 3284 458 3331 tamen
472 3285 569 3345 partes
583 3278 662 3330 nulla
675 3278 826 3330 necessitas
846 3276 931 3346 jubet
950 3279 1082 3349 aequales
1097 3297 1159 3333 esse
1182 3297 1217 3335 ac
1236 3299 1272 3335 ne
1295 3289 1392 3353 partes
1406 3286 1529 3355 quidem:

164 3361 266 3416 sufficit
279 3359 359 3421 enim,
385 3364 417 3411 ut
437 3372 487 3427 pro
502 3356 590 3411 medio
605 3362 752 3411 censeatur
766 3364 828 3411 tota
842 3359 1002 3427 quadrantis
1026 3359 1109 3425 linea,
1134 3377 1185 3431 pro
1206 3361 1340 3433 principio
1360 3368 1392 3417 et
1408 3365 1465 3420 tine
1479 3368 1531 3422 dna

163 3443 256 3496 lineae
272 3439 380 3494 termini
395 3455 445 3491 seu
459 3446 572 3506 puncta,
588 3453 659 3507 quae
674 3454 728 3491 non
743 3446 809 3492 suut
822 3454 887 3508 pars
902 3440 935 3491 da
951 3439 1034 3494 linea.

245 3518 275 3585 b)
296 3518 423 3575 Ridicula
445 3517 511 3571 mihi
535 3518 674 3571 sententia
696 3518 808 3581 excidit,
832 3535 897 3572 rere
921 3536 977 3573 nou
992 3520 1142 3595 sententia.
1184 3520 1254 3583 Quid
1276 3522 1349 3576 anim
1363 3530 1417 3588 eat,
1442 3526 1531 3582 nibil

165 3607 306 3673 praeter
320 3598 452 3667 omnia?
493 3597 662 3660 Numeratio,
685 3599 758 3652 actio
772 3598 879 3661 mentis,
895 3601 1055 3668 supervenit
1069 3602 1152 3654 rebus
1167 3601 1300 3665 omnibus,
1321 3602 1421 3658 divinis
1436 3613 1468 3661 et
1481 3609 1530 3662 hu·

164 3682 269 3737 manis:
294 3680 380 3743 nulla,
396 3696 431 3731 ue
445 3677 587 3731 levissima
601 3679 709 3748 quidem
723 3679 861 3732 distinctio
876 3685 928 3757 est,
954 3697 1003 3733 seu
1018 3680 1112 3742 realis,
1136 3698 1185 3734 seu
1204 3681 1395 3737 intentionalis
1419 3684 1471 3754 (sit
1483 3687 1533 3741 itta

165 3762 269 3834 primae
285 3761 329 3814 rel
341 3760 487 3821 secundae,
504 3759 550 3811 vel
564 3759 674 3822 tertiae,
690 3760 734 3812 vel
750 3767 852 3829 quotae
869 3759 940 3812 libet
954 3755 1129 3828 intentionis)
1148 3777 1220 3830 quae
1234 3778 1288 3815 non
1303 3766 1446 3833 quandam
1459 3766 1531 3822 simi·

165 3843 310 3897 litudinem
331 3841 438 3894 habeat
461 3855 520 3892 cum
544 3837 675 3892 divisione
699 3846 794 3893 rectae
813 3839 841 3892 in
865 3847 970 3908 partes.
1012 3841 1090 3904 Vide,
1115 3856 1186 3910 quae
1210 3843 1243 3894 de
1257 3843 1377 3897 numeris
1391 3845 1532 3918 disputari

166 3923 213 3978 lib.
230 3924 276 3977 lV.
292 3919 520 3975 Harmonicomm
534 3920 601 3987 Cap.
617 3920 638 3972 1.
680 3920 741 3972 Hoc
760 3927 853 3973 autern
875 3919 939 3973 mihi
955 3927 1017 3974 erat
1035 3921 1063 3974 in
1078 3921 1177 3984 animo,
1203 3937 1263 3976 cum
1276 3923 1350 3977 hauc
1363 3927 1532 3982 sententian

166 4003 351 4072 conciperem:
373 4000 503 4071 quidquid
517 4007 679 4054 numeratur
693 4015 711 4052 a
725 3999 803 4053 nobis
819 3994 946 4069 (praeter
959 4000 1065 4054 divinas
1081 4017 1215 4070 personas
1236 4002 1264 4054 iu
1276 4001 1325 4058 SS.
1339 4004 1493 4075 rl'rinitnte)
1505 4007 1533 4062 id

165 4089 322 4154 respectum
338 4082 458 4151 aliquem
472 4081 578 4135 habere
592 4080 816 4150 quantitativum,
831 4081 932 4133 saltem
946 4080 972 4133 in
989 4080 1141 4135 intentione
1155 4083 1337 4139 numerantis.

247 4159 276 4230 c)
300 4162 354 4215 Per
367 4161 592 4231 imaginationem
606 4160 684 4229 plani
699 4176 750 4229 per
760 4160 895 4213 sectiones
911 4161 975 4214 illas
991 4162 1110 4215 laterum
1129 4168 1160 4214 et
1178 4178 1229 4232 per
1242 4169 1367 4218 centnm
1379 4166 1532 4237 figuram

168 4243 286 4296 omnium
300 4242 421 4295 traducti
445 4250 474 4295 et
494 4258 582 4312 usque
596 4243 648 4295 sub
667 4242 739 4295 fixas
762 4240 882 4304 extensi,
908 4241 986 4310 cujus
1011 4241 1097 4295 sectio
1112 4258 1172 4296 oum
1186 4243 1309 4310 sphaera
1321 4245 1442 4302 fixarum
1455 4247 1532 4303 nobit

167 4322 279 4394 peperit
293 4321 321 4374 in
335 4321 514 4390 conceptione
529 4321 580 4375 illa
593 4321 759 4391 eclipticam.

249 4397 281 4471 d)
304 4402 333 4456 Si
353 4401 478 4455 nimirum
496 4419 533 4455 ex
548 4409 643 4455 centro
658 4401 791 4455 communi
805 4401 957 4472 figurarum
970 4407 1064 4455 rectae
1083 4418 1134 4470 per
1148 4401 1284 4456 sectiones
1298 4403 1366 4458 dicti
1378 4405 1459 4476 plani
1472 4423 1533 4465 cun

167 4483 304 4539 lateribus
319 4483 469 4554 figurarum
483 4482 629 4550 ejiciantur
642 4499 729 4553 usque
744 4484 795 4536 sub
809 4483 893 4544 fixam
910 4483 1062 4535 addendum
1076 4488 1183 4536 autern:
1203 4482 1231 4537 Si
1246 4483 1332 4539 etiam
1345 4501 1441 4541 omnes
1455 4486 1532 4558 quin·

168 4582 221 4638 que
244 4565 353 4634 figurae
377 4561 430 4616 tali
453 4562 601 4634 irregulari
624 4563 679 4616 situ
702 4563 817 4616 invicem
840 4569 1018 4632 coaptentur,
1054 4567 1087 4615 ut
1108 4561 1280 4633 singularum
1303 4563 1419 4637 singula
1440 4567 1533 4623 nara

168 4644 337 4700 sectionibus
352 4642 410 4697 suis
424 4649 500 4697 stent
513 4643 541 4695 iu
555 4659 611 4696 una
625 4643 676 4697 tali
691 4652 769 4697 recta
782 4643 871 4697 linea:
894 4650 960 4697 tunc
978 4642 1050 4696 enim
1068 4642 1196 4696 zodiacus
1215 4643 1404 4716 distinguetur
1425 4647 1455 4702 in
1467 4662 1531 4719 par·

170 4729 214 4779 tes
228 4725 310 4790 tales,
334 4740 404 4797 quas
423 4741 478 4778 non
492 4723 605 4778 metitur
625 4723 678 4777 nisi
693 4730 803 4778 centum
817 4730 847 4777 et
860 4723 991 4777 vicesima
1009 4722 1105 4776 totius.
1149 4722 1216 4777 Cum
1234 4730 1329 4778 autam
1341 4725 1413 4781 situs
1428 4727 1483 4782 ista
1496 4726 1533 4782 sit

169 4802 343 4876 irregulama
364 4804 505 4876 regularis
519 4819 586 4858 vcro
608 4820 659 4874 per
679 4805 800 4876 angulos
812 4803 978 4859 dodecaddri
1001 4809 1032 4857 et
1053 4802 1190 4859 iooaaddri
1213 4810 1329 4860 octonos
1350 4805 1483 4882 ntr'nrqna
1502 4806 1533 4863 ἰ
