3366 5482
737 297 824 357 contra
843 305 939 358 ursam.
1456 306 1518 378 2,ss

244 462 328 534 Quid
351 463 459 543 igitur,
487 483 525 524 au
549 483 607 525 non
639 463 817 527 alterutram
846 466 1056 548 hypothesium
1080 466 1161 529 circa
1183 467 1311 546 primum
1335 477 1448 533 motum
1471 473 1522 546 (ut

159 554 294 632 exemplo
312 553 489 642 loquamur)
514 552 624 614 falsam
648 573 716 615 esse
741 556 865 615 necesse
890 563 947 628 est,
974 563 1026 617 aut
1049 575 1127 627 eam,
1151 575 1228 658 qnae
1244 558 1368 619 Terram
1391 559 1436 620 ait
1451 578 1520 623 mo-

160 644 219 705 veri
241 643 326 704 iutra
349 641 479 711 coelom,
510 651 563 703 aut
585 661 661 716 eam,
688 663 764 724 quae
787 643 902 705 coelum
926 644 991 705 vult
1020 644 1120 725 gyrari
1144 646 1226 706 circa
1248 646 1391 709 Terram?
1437 645 1519 710 Saue

159 733 182 794 si
205 729 445 792 contradictoria
467 730 554 791 simul
578 750 650 793 vera
673 742 823 811 nequeunt
840 752 917 806 esse,
942 752 1037 813 neque
1054 734 1127 794 haec
1143 735 1200 794 duo
1216 734 1305 796 simul
1322 753 1396 797 vera
1417 744 1520 810 eruutr

159 820 210 881 sed
234 821 365 882 alterum
389 819 508 880 omuino
543 819 738 881 falsumA
709 822 908 900 Atutroque
938 822 1026 882 modo
1055 822 1133 883 idem
1163 822 1199 882 de
1230 824 1325 901 primo
1356 834 1440 886 motu
1463 825 1536 908 de-,

160 915 352 971 monstratur.
398 907 533 968 Eaedem
561 917 725 989 sequuntur
756 909 907 988 signorum
938 911 1135 985 emersiones‚
1162 912 1254 972 iidem
1278 912 1353 988 dies,
1379 920 1464 975 ortus
1488 921 1521 974 et

160 1017 283 1060 occasus
307 996 479 1070 stellarum,
515 997 638 1058 eaedem
663 998 826 1076 qualitates
857 998 998 1060 noctium.
1050 999 1098 1059 Ex
1128 1000 1206 1061 falso
1236 1001 1327 1080 igitur
1360 1020 1454 1080 aeque
1484 1020 1520 1063 ac

160 1108 192 1149 en
216 1105 289 1147 vero
312 1104 414 1146 verum
439 1086 593 1166 sequitur?
639 1086 762 1147 Minime
787 1087 930 1166 gentium.
978 1088 1045 1149 Non
1062 1088 1139 1149 enim
1159 1088 1243 1164 haec,
1268 1108 1344 1168 quae
1368 1091 1520 1152 recensita

160 1183 226 1237 sunt
257 1182 290 1235 et
322 1175 403 1234 mille
428 1174 502 1247 alia,
532 1176 579 1235 vel
603 1183 726 1254 propter
749 1175 860 1237 Terrae
894 1177 941 1236 vel
974 1185 1098 1256 propter
1121 1177 1197 1238 coeli
1227 1187 1341 1240 motum
1365 1178 1517 1252 eveniunt,

159 1275 305 1344 quatenus
330 1263 355 1323 is
380 1264 492 1324 Terrae
516 1264 565 1324 vel
589 1265 664 1325 coeli
684 1272 782 1325 motus
807 1275 873 1326 est:
904 1265 957 1325 sed
982 1273 1129 1344 quatenus
1160 1266 1320 1328 intercedit
1343 1267 1422 1329 inter
1446 1284 1518 1328 cos·

161 1355 214 1414 lum
240 1362 273 1414 et
296 1352 422 1413 Terram
447 1352 547 1431 aliqua
571 1352 724 1431 separatio
749 1373 838 1433 super
862 1362 961 1414 tractu
985 1355 1125 1434 quodam,
1152 1355 1201 1434 qui
1221 1355 1353 1434 legitime
1377 1354 1519 1418 adriam

160 1440 237 1504 Solis
262 1442 304 1503 sit
331 1442 476 1509 iuflexus,
509 1450 693 1520 utrocunque
723 1442 787 1520 jam
812 1460 935 1520 corpore
965 1443 1018 1503 illa
1046 1444 1198 1521 separatio
1226 1443 1407 1523 perficiatur.
1453 1443 1519 1505 De·

161 1538 364 1592 monstrantur
385 1529 478 1608 igitur
501 1539 572 1589 ante
596 1531 679 1590 dicta
702 1548 756 1609 per
780 1531 854 1591 duas
879 1531 1077 1612 hypotheses,
1107 1542 1253 1613 quatenus
1277 1533 1346 1594 illae
1371 1541 1441 1594 sunt
1464 1531 1519 1597 sub

161 1640 211 1682 uuo
227 1638 349 1700 genere,
372 1636 431 1679 non
456 1626 602 1698 quatenns
626 1620 705 1680 iuter
719 1639 752 1680 se
767 1620 917 1681 differunt.
965 1618 1041 1682 (lum
1062 1639 1132 1700 ergo
1148 1641 1241 1682 causa
1255 1621 1520 1683 demonstrationis

160 1726 245 1771 uuum
268 1708 345 1782 siut,
371 1726 465 1769 causa
487 1707 754 1769 demonstrationis
783 1709 874 1769 etiam
899 1727 957 1768 uon
983 1718 1069 1770 eruut
1100 1709 1343 1772 contradictoria.
1390 1710 1437 1772 Ac
1460 1709 1520 1772 etsi

160 1799 215 1860 illis
240 1798 409 1859 adhaereat
436 1797 635 1858 contradictio
658 1797 803 1878 physica,
839 1797 891 1858 illa
911 1805 1012 1858 tamen
1037 1798 1323 1859 demonstrationem
1347 1799 1413 1878 jam
1445 1797 1520 1860 nihil

160 1888 277 1949 attinet
326 1886 395 1947 Non
419 1884 511 1965 igitur
534 1894 566 1946 et
590 1904 627 1946 ex
650 1904 722 1947 vero
747 1895 777 1948 et
801 1905 838 1945 en
863 1886 940 1946 salso
964 1906 1066 1946 verum
1087 1887 1170 1965 sequi
1195 1887 1250 1947 hoc
1270 1887 1389 1966 quidem
1414 1906 1518 1949 exem·

159 1977 204 2056 plo
237 1975 399 2056 probatum
427 1983 485 2035 est.
532 1972 595 2035 Sed
625 1975 723 2036 acrius
753 1975 883 2036 fortasse
907 1994 961 2035 uos
992 1975 1112 2053 urgebit
1139 1975 1328 2037 notissimum
1351 1975 1520 2055 exemplum

159 2066 193 2126 de
217 2063 409 2126 concentrico
433 2083 500 2126 cum
524 2064 673 2145 epicyclo‚
707 2063 756 2144 qui
780 2062 964 2143 aequipollet
992 2064 1169 2125 eccentrico.
1217 2065 1266 2126 An
1292 2083 1365 2138 non,
1400 2063 1425 2125 si
1448 2065 1518 2144 pla·

160 2162 229 2216 neta
252 2173 306 2215 seu
330 2152 470 2232 quicquid
494 2153 525 2214 id
549 2160 597 2214 est
622 2153 700 2233 quod
724 2153 877 2231 planetam
900 2152 1016 2226 incitat,
1042 2160 1177 2214 centrum
1198 2152 1358 2214 eccentrici
1383 2152 1411 2212 in
1437 2159 1519 2214 motu

160 2263 211 2304 suo
234 2240 370 2321 respicit,
396 2248 532 2303 centrum
556 2240 682 2323 epicycli
706 2241 796 2302 simul
819 2262 876 2302 non
893 2240 1053 2319 respiciet?
1100 2239 1187 2311 Quod
1203 2241 1228 2302 si
1249 2241 1314 2321 quis
1331 2249 1520 2302 astronomus

159 2333 213 2393 hoc
237 2330 404 2393 affirmabit
436 2330 514 2393 alter
536 2330 628 2404 illud,
667 2331 775 2392 falsum
799 2329 837 2390 ab
862 2331 1006 2391 ulterutro
1031 2330 1090 2391 dici
1114 2349 1210 2391 nonne
1231 2349 1355 2391 necesse
1371 2336 1427 2403 est,
1454 2346 1521 2392 cum

159 2432 259 2482 tamen
289 2420 370 2481 idem
400 2428 526 2500 uterque
558 2419 759 2493 demonstret,
801 2419 918 2498 aequali
952 2419 1068 2480 scilicet
1096 2428 1236 2481 manente
1267 2420 1408 2499 planetae
1437 2426 1520 2480 motu
1574 2460 1578 2465 -

159 2528 271 2571 moram
301 2516 404 2570 tamen
434 2509 499 2588 ejus
533 2508 560 2568 in
590 2527 648 2569 uuo
677 2507 864 2569 semicirculo
899 2508 1060 2585 longiorem
1091 2507 1173 2569 fieri?
1226 2507 1275 2569 Ex
1308 2509 1385 2568 falso
1417 2507 1520 2588 itaque

159 2617 252 2679 aeque
276 2616 313 2658 ac
337 2616 374 2658 ex
398 2616 469 2658 vero
493 2615 598 2658 verum
622 2616 719 2658 nonne
743 2597 787 2658 sic
807 2596 961 2676 sequitur?
1007 2596 1129 2659 Minime
1145 2597 1336 2687 gentiumne
1320 2596 1425 2658 adem
1440 2614 1520 2658 emm

160 2686 325 2768 respondeo
364 2705 439 2765 quae
463 2704 563 2765 supra.
619 2686 654 2746 Id
684 2705 741 2764 quo
765 2687 933 2754 coniicitur,
963 2704 1063 2746 moras
1097 2686 1127 2746 in
1156 2671 1301 2748 alterutro
1334 2684 1519 2748 semicirculo

162 2778 310 2856 longiores
334 2776 413 2849 fieri,
439 2774 478 2835 ab
502 2782 627 2854 utroque
653 2774 775 2849 dicitur,
810 2783 841 2835 et
865 2774 902 2835 ab
928 2793 962 2835 eo
994 2774 1042 2853 qui
1067 2775 1264 2837 eccentricum
1287 2774 1390 2854 pouit,
1425 2781 1457 2836 et
1480 2773 1518 2834 ab

162 2884 194 2926 eo
217 2865 267 2945 qui
291 2864 512 2926 concentricum
545 2883 611 2925 cum
636 2863 778 2944 epicyclo.
826 2863 905 2924 Nam
930 2872 1054 2942 uterque
1079 2864 1219 2942 generale
1244 2865 1299 2925 hoc
1325 2864 1425 2935 affert,
1451 2882 1518 2923 ma-

162 2955 250 3032 jorem
273 2952 379 3015 circuli
409 2952 571 3032 planetarii
600 2952 768 3032 portionem
793 2972 861 3012 esse
891 2952 919 3012 in
944 2952 995 3013 illo
1024 2952 1219 3012 semicirculo.
1265 2952 1331 3013 Hoc
1359 2950 1519 3030 genuinum

166 3040 424 3104 demonstrationis
452 3049 484 3101 et
507 3050 706 3121 coaequatum
730 3040 858 3102 medium
883 3060 947 3101 cum
971 3039 1044 3100 insit
1073 3039 1103 3100 iu
1128 3050 1253 3120 utraque
1278 3038 1438 3120 hypothesi
1460 3057 1517 3117 ge·

167 3131 310 3206 neraliter,
335 3130 410 3192 nihil
429 3131 494 3210 jam
519 3130 805 3192 demonstrationem
831 3130 1009 3203 attinebunt,
1030 3147 1106 3208 quae
1130 3137 1254 3208 uterque
1269 3127 1343 3189 dicit
1361 3127 1389 3187 in
1406 3126 1517 3206 specie,

170 3220 223 3282 sive
245 3229 360 3300 pugnet
383 3220 437 3281 illa
469 3218 533 3280 sive
558 3239 628 3281 nou.
675 3220 779 3299 Neque
805 3238 878 3279 sane
902 3218 1033 3297 planetis
1054 3217 1156 3278 oculos
1180 3227 1210 3279 et
1233 3217 1399 3279 discursum
1423 3215 1516 3277 intel-

173 3308 256 3371 lectus
280 3311 441 3371 humanum
467 3308 633 3382 tribuimus,
659 3315 693 3368 ut
717 3308 774 3369 sibi
799 3308 908 3369 circino
934 3308 981 3368 vel
1006 3307 1061 3367 hoc
1084 3307 1131 3367 vel
1148 3307 1376 3387 illudpunctum
1392 3306 1524 3385 signent,

175 3395 293 3480 haecque
324 3417 400 3479 quae
429 3397 490 3458 dini
523 3397 670 3476 specialia
693 3397 739 3457 sui
772 3398 872 3475 potius
897 3405 1019 3475 captus,
1056 3415 1143 3475 quarn
1168 3397 1366 3475 explicandae
1397 3403 1523 3456 naturae

178 3502 253 3549 tama
275 3487 469 3549 introducunt
493 3487 633 3548 artifices.
680 3486 749 3547 Non
774 3495 822 3546 est
846 3486 937 3565 igitur
962 3485 1054 3566 digna
1068 3487 1185 3546 nomine
1201 3485 1404 3566 hypotheseos
1420 3492 1522 3544 astro·

179 3577 293 3640 uomicae
322 3577 372 3638 vel
396 3576 472 3636 haec
500 3576 549 3636 vel
573 3575 627 3635 illa
650 3575 832 3653 suppositio,
868 3575 921 3635 sed
955 3574 986 3635 id
1016 3574 1116 3655 potius
1146 3575 1223 3653 quod
1247 3575 1363 3655 utrique
1387 3591 1523 3634 commu·

96 3712 98 3721 .
182 3663 240 3726 niter
261 3666 349 3741 inest,
374 3665 445 3726 dum
467 3682 510 3724 sc.
537 3662 702 3725 assumitur
725 3672 756 3724 et
781 3665 957 3743 supponitur·
981 3675 1066 3724 certa
1090 3672 1121 3724 et
1135 3664 1273 3724 dimensa
1287 3661 1385 3741 portio
1410 3660 1522 3735 circuli,

183 3767 249 3827 quem
274 3756 399 3835 planeta
423 3755 569 3828 decurrit,
602 3772 678 3832 quae
703 3752 743 3812 sit
772 3753 800 3811 in
826 3772 883 3813 uno
908 3753 1010 3814 circuli
1034 3752 1150 3813 zodiaci
1176 3752 1311 3813 semisse.
1359 3750 1444 3811 Haec
1473 3749 1521 3810 in-

184 3854 249 3914 quam
279 3844 403 3905 taudem
426 3850 476 3902 est
504 3841 725 3924 hypothesis
712 3848 811 3921 pista,
847 3854 905 3921 qua
937 3841 1091 3920 longitudo
1121 3860 1221 3901 morae
1249 3837 1425 3918 planetae
1416 3858 1446 3898 ru
1471 3838 1523 3899 illo

186 3932 350 3995 semicirculo
375 3933 607 3993 demonstretur.
655 3932 761 4010 ltaque
787 3940 820 3991 ut
843 3931 1032 3998 concludam,
1064 3931 1160 3991 omnis
1186 3930 1213 3989 in
1239 3926 1425 3989 astronomia
1448 3945 1523 3988 con·

96 3996 127 4075 l
185 4013 256 4082 clusio
280 4042 340 4084 non
369 4020 427 4082 nisi
458 4019 497 4080 ab
527 4038 583 4081 uno
612 4027 644 4080 et
667 4020 771 4079 eodem
797 4020 894 4079 medio
923 4019 1076 4098 perficitur
1099 4027 1130 4078 et
1154 4017 1330 4079 uniformem
1355 4015 1525 4096 praemittit
1584 4065 1589 4073 .

186 4098 355 4184 hypothesin:
381 4109 440 4171 etsi
464 4108 519 4169 illa
541 4130 560 4169 a
583 4127 615 4169 se
639 4108 706 4187 ipsa
721 4107 853 4182 differat,
880 4117 1027 4187 quatenus
1042 4115 1129 4167 entra
1147 4107 1223 4167 hanc
1239 4105 1526 4167 demonstrationem

188 4199 379 4262 consideratur.
427 4198 470 4260 Et
492 4196 641 4271 vicissim,
673 4197 826 4274 quaelibet
850 4196 1040 4276 hypothesis,
1076 4196 1101 4257 si
1126 4205 1267 4257 accurate
1291 4195 1524 4268 consideremus,

187 4288 310 4364 ruptam
343 4307 398 4349 nec
418 4287 471 4350 ulli
495 4287 547 4348 alii
571 4286 732 4367 hypothesi
758 4304 941 4346 communem
972 4286 1092 4365 penitus
1121 4285 1259 4363 producit
1291 4283 1524 4360 conclusionem.

187 4363 233 4433 Nec
252 4377 311 4440 lieri
333 4385 437 4457 potest
455 4376 484 4437 in
511 4375 710 4448 astronomia,
737 4384 770 4435 ut
793 4393 831 4434 ex
855 4376 933 4434 omni
958 4387 1044 4454 parte
1069 4393 1170 4435 terum
1195 4374 1252 4448 sit,
1283 4374 1360 4454 quod
1386 4391 1422 4433 ex
1447 4354 1527 4432 falsa

187 4457 297 4531 lonicus
320 4465 482 4549 hypothesi
507 4465 563 4526 init
585 4473 770 4525 extructum:
796 4471 825 4523 et
850 4464 975 4543 proinde
993 4463 1207 4545 hypothesibus
1232 4463 1288 4523 hoc
1303 4471 1352 4522 est
1371 4459 1525 4539 proprium

189 4543 328 4619 (sitleam
350 4557 506 4659 tingamus
523 4554 672 4634 justarum
703 4552 945 4633 hypothesium),
976 4562 1008 4615 ut
1037 4551 1099 4614 sint
1121 4551 1311 4654 uudiquaque
1334 4566 1440 4611 verae:
1470 4563 1526 4607 nec

188 4643 223 4697 est
244 4644 439 4747 astronomi,
463 4642 609 4705 scientem
644 4641 738 4702 falsas
772 4659 940 4720 supponere
977 4641 1064 4703 vel
1057 4641 1212 4720 ingeniose
1250 4639 1396 4700 confictas
1425 4636 1525 4718 hypo·

187 4721 276 4805 theses,
298 4744 333 4797 ut
356 4752 395 4795 ex
418 4731 458 4795 iis
481 4740 580 4794 motus
604 4731 755 4792 coelestes
779 4731 977 4793 demonstret.

251 4822 319 4886 Jaru
341 4821 414 4886 Ursi
437 4820 585 4885 absurdas
609 4819 778 4890 sententias
801 4818 958 4901 paulisper
986 4819 1200 4900 expendamus.
1247 4816 1348 4878 Primo
1371 4813 1525 4897 hypothe-

223 4924 417 4978 [assonant
976 4947 981 4951 ’
1279 4919 1312 4972 ιθ
