3366 5482
678 260 714 310 ro
728 261 803 312 m
820 261 983 326 mosem
1445 258 1515 329 307

155 415 297 488 Quodis
321 416 433 477 circulo
456 416 532 478 lacit
554 416 688 479 infinitas
711 417 896 494 inflexionis,
921 420 951 480 id
975 420 1005 481 iu
1030 421 1211 501 septangulo
1236 421 1310 483 iacit
1332 422 1519 502 impossrbi-·
1584 462 1590 477 ·

155 507 227 568 litas
252 506 380 567 duarum
401 505 541 567 continue
565 506 851 585 proportionalium,
885 527 925 568 ex
947 528 1006 587 qua
1029 511 1126 570 fluunt
1149 511 1249 571 omnia
1271 510 1356 571 talia.
1401 512 1511 591 Itaque

155 596 231 656 hanc
256 593 356 655 solam
378 593 444 655 loco
467 595 599 655 omnium
622 595 936 658 indemonstrabilium
965 599 1199 660 consideremus.
1247 599 1329 660 luter
1358 616 1510 678 quascun-

154 702 210 764 que
235 682 313 744 duaa
337 681 434 743 lineas
458 692 561 744 rectas
585 692 656 744 suut
680 682 715 758 2,
740 680 771 758 4,
797 680 827 759 6,
853 682 873 747 8
898 687 1014 746 mediae
1039 687 1299 765 proportionales,
1330 705 1386 748 neu
1408 695 1510 749 tamen

154 772 283 834 inveniri
305 779 447 849 possunt,
482 771 539 832 nisi
564 789 618 850 per
640 773 846 834 mechanicum
870 774 1010 836 Platonis
1035 775 1280 850 (Eratosthenis)
1304 776 1509 838 mesolabium

153 861 185 923 ld
209 879 272 922 uon
296 868 347 920 est
369 859 398 919 in
423 869 529 921 nostra
551 861 774 936 imbecillitate,
801 864 855 923 sed
881 864 907 922 iu
934 872 1043 925 natura
1067 865 1286 943 quantitatum
1325 864 1511 942 impossibile

155 949 236 1012 euim
259 956 310 1010 est
332 947 459 1021 homiui,
492 949 629 1011 omuibus
658 950 721 1012 suis
746 951 940 1029 conceptibus
964 960 1218 1031 conceptuumque
1243 952 1412 1012 nominibus
1436 955 1509 1025 (uu·
1556 1010 1563 1018 .

155 1036 229 1100 meri
255 1046 358 1098 antem
383 1045 451 1097 sunt
475 1038 568 1098 verba
589 1043 823 1117 geometrarum)
854 1041 1012 1119 enunciare
1036 1042 1261 1120 proportionem
1284 1040 1388 1102 harum
1412 1041 1511 1103 linea-

153 1145 236 1200 mm,
270 1142 366 1205 eaque
390 1124 618 1204 impossibilitas
642 1147 680 1186 ex
702 1127 769 1206 ipsa
793 1136 914 1202 natura,
950 1148 1016 1190 curn
1039 1137 1161 1190 nostrae
1189 1129 1298 1190 mentis
1330 1136 1394 1190 tum
1413 1148 1510 1209 quau-

153 1216 279 1278 titatum
309 1213 417 1287 oritur,
457 1213 501 1275 ita
528 1223 562 1275 ut
590 1215 768 1296 simpliciter
795 1217 836 1277 sit
863 1217 1058 1295 impossibile.
1105 1217 1188 1278 Nihil
1217 1218 1287 1278 novi
1311 1216 1393 1290 dico;
1432 1216 1513 1279 idem
1616 1229 1618 1232 ’

153 1303 228 1365 dicit
251 1301 395 1362 Euclides
419 1302 494 1364 libro
510 1303 565 1375 IX,
591 1305 710 1384 quaudo
735 1306 771 1365 de
797 1306 926 1365 nunreris
951 1306 1108 1384 quadratis
1132 1314 1163 1367 et
1188 1325 1245 1365 non
1261 1305 1418 1384 quadratis
1433 1304 1507 1385 agit,

153 1393 179 1455 si
202 1392 271 1472 ejus
296 1390 503 1451 conclusiones
528 1401 684 1471 aptentur,
711 1401 743 1452 et
766 1414 825 1454 uua
849 1393 888 1454 ab
912 1394 974 1454 alia
998 1394 1173 1456 deducatur.
1219 1393 1299 1454 Nam
1323 1392 1372 1454 ubi
1397 1389 1418 1456 l
1442 1401 1513 1455 sunt

154 1480 297 1543 continue
321 1479 579 1560 proportionales,
609 1481 723 1560 primus
752 1491 798 1542 est
824 1484 861 1543 ad
886 1483 1022 1543 ultimum
1053 1493 1086 1544 ut
1109 1482 1203 1543 cubus
1228 1483 1267 1543 ad
1291 1482 1413 1556 cubum;
1453 1482 1511 1544 duo

155 1570 297 1632 continue
319 1568 562 1647 proportionales
586 1588 643 1630 nou
667 1570 817 1631 intersunt
841 1573 966 1632 numeri.
1013 1571 1082 1632 Etsi
1107 1572 1200 1650 igitur
1223 1570 1356 1632 cossista
1374 1571 1437 1631 suis
1460 1589 1511 1631 re-

156 1658 235 1739 gulis
261 1656 377 1718 invenit
400 1657 619 1736 aequationem,
646 1678 673 1718 v.
691 1677 720 1738 g.
745 1661 916 1739 septanguli
941 1669 972 1720 et
995 1659 1149 1732 diametri,
1175 1659 1309 1738 adeoque
1333 1659 1459 1720 aliarum
1484 1657 1514 1720 in

155 1745 267 1809 circulo
291 1755 460 1818 rectarum,
486 1753 587 1807 tamen
611 1766 665 1807 uec
689 1748 833 1815 nominat,
858 1767 913 1808 uec
938 1749 1108 1809 describere
1133 1749 1238 1820 docet,
1265 1748 1318 1808 sed
1343 1748 1431 1826 quasi
1454 1747 1513 1809 ali-

155 1837 233 1897 unde
257 1843 347 1896 notos
371 1835 464 1895 cubos
487 1835 687 1915 cuborumque
710 1837 803 1897 cubos
828 1837 880 1897 duc.
904 1836 1135 1915 praesupponit,
1161 1856 1227 1897 cum
1250 1844 1349 1896 tamen
1375 1836 1511 1915 nuspiam

155 1924 354 1997 innotuerint;
383 1923 472 2002 jubet
495 1923 587 2001 igitur
610 1924 639 1984 id
663 1942 822 2003 quaerere,
858 1925 936 2004 qnod
961 1925 1137 2002 simpliciter
1160 1924 1287 1984 inveniri
1312 1943 1369 1984 nou
1393 1931 1527 2003 potest„

157 2013 224 2075 cubi
249 2029 293 2074 sc.
320 2013 419 2085 latus,
445 2013 494 2090 qui
519 2013 694 2091 exprimitur
717 2032 839 2076 numero
864 2033 922 2074 nou
947 2011 1067 2085 cubico,
1092 2012 1259 2091 cujusmodi
1284 2013 1370 2073 radix
1394 2013 1516 2092 quidem

156 2101 279 2181 propius
313 2100 503 2170 accedendo,
542 2101 595 2160 sed
626 2119 775 2180 nonquam
806 2102 894 2180 plaue
927 2101 1129 2181 cognoscitur.
1177 2102 1211 2162 In
1245 2120 1379 2175 summa,
1415 2100 1516 2163 omnia

156 2188 338 2270 hujusmodi,
363 2207 439 2269 quae
464 2207 531 2249 cum
553 2189 615 2250 siut
638 2189 666 2249 iu
691 2208 745 2250 suo
769 2191 983 2251 mathematico
1009 2189 1161 2251 essentiae
1177 2208 1297 2277 genere,
1322 2189 1385 2249 fieri
1412 2197 1514 2251 tameu

157 2297 213 2340 nou
237 2287 382 2359 possunt,
407 2276 461 2337 illa
484 2277 623 2339 videntur
646 2287 730 2350 aute,
757 2288 853 2352 extra,
878 2287 1012 2359 praeter,
1039 2287 1144 2339 contra
1168 2287 1304 2338 nostram
1328 2277 1513 2339 intellectio-

159 2385 225 2428 uem
250 2385 329 2427 esse.
377 2363 438 2426 Sed
463 2365 560 2438 dicas,
596 2385 653 2426 nou
679 2367 780 2446 s'equi,
814 2377 847 2428 ut
875 2377 1005 2448 nequeat
1028 2367 1111 2439 sciri,
1151 2367 1228 2447 quod
1254 2366 1343 2427 suerit
1366 2366 1513 2428 hacteuus

159 2456 326 2528 uescitum3
358 2463 445 2532 petes
470 2473 575 2532 nempe
600 2456 907 2530 demonstrationem,
943 2475 1019 2534 qnae
1054 2455 1230 2524 convincat,
1265 2455 1339 2515 haec
1363 2454 1432 2515 sciri
1458 2474 1514 2516 sua

160 2552 269 2606 natura
292 2543 425 2622 nequire.
461 2543 538 2603 Esto
563 2563 644 2621 ergo,
670 2554 702 2603 ut
720 2545 822 2623 possit
840 2545 920 2606 sciri.
968 2543 1073 2605 Scire
1097 2544 1125 2604 in
1151 2543 1344 2623 geometricis
1368 2553 1425 2619 est,
1451 2561 1513 2605 rem

158 2652 209 2714 per
234 2651 360 2694 causam
384 2632 540 2692 formalem
563 2651 754 2711 cognoscere.
801 2633 847 2693 At
870 2633 1005 2694 formalis
1029 2652 1122 2693 causa
1151 2633 1255 2693 horum
1280 2632 1355 2692 haec
1379 2639 1446 2705 est,
1481 2639 1515 2693 ut

160 2720 312 2784 conciliari
336 2720 545 2798 nonpossint.
592 2720 660 2781 Nisi
685 2722 763 2781 enirn
796 2730 867 2782 suut
899 2723 956 2783 duo
988 2730 1124 2782 extrema
1155 2720 1243 2794 cubi,
1286 2721 1343 2780 duo
1374 2721 1514 2780 continue

159 2810 258 2872 media
281 2809 520 2889 proportionalia
543 2827 601 2869 nou
626 2818 696 2869 suut
720 2810 843 2883 numeri,
869 2811 945 2889 quod
970 2810 1080 2890 probat
1103 2809 1245 2869 Euclides
1270 2808 1321 2868 lib.
1339 2808 1394 2869 IX.
1435 2805 1514 2870 Sciri

161 2918 229 2980 ergo
256 2897 371 2978 poterit
392 2897 439 2970 id,
474 2897 551 2977 quod
577 2898 728 2958 enunciari
752 2917 809 2958 non
833 2907 956 2976 potest;
995 2898 1050 2959 hoc
1074 2916 1145 2958 vero
1170 2896 1348 2969 absurdum,
1383 2896 1453 2958 sciri
1472 2895 1513 2970 id,

160 2989 235 3070 quod
260 2993 402 3049 nonest.
448 2983 598 3064 Objicias,
633 2987 754 3066 nequire
778 2987 910 3048 construi
935 2987 1154 3064 rectangulum,
1189 2984 1261 3045 sciri
1287 2993 1387 3044 tamen
1410 3002 1511 3062 posse.
1545 3052 1552 3063 ¹

160 3077 245 3157 Nego
270 3074 351 3136 sciri.
398 3074 541 3135 Nascitur
565 3075 657 3147 basis,
684 3074 753 3135 dum
777 3076 957 3154 quadratum
980 3075 1090 3135 baseos
1114 3075 1217 3134 scitur.

244 3165 357 3234 Dicas,
387 3163 443 3223 hoc
467 3163 559 3224 etiam
582 3164 669 3223 modo
703 3163 772 3224 sciri
804 3163 915 3242 aliquid
940 3164 976 3223 de
1001 3162 1020 3225 2
1046 3162 1152 3222 mediis
1176 3159 1315 3222 continue
1339 3159 1513 3239 proportio-

157 3253 285 3323 nalibus,
311 3251 370 3313 etsi
392 3252 478 3331 ipsae
503 3252 685 3314 nesciantur.
733 3250 853 3322 Quaero
878 3270 963 3331 ergo,
994 3252 1135 3331 quidnam
1157 3251 1230 3312 illud
1254 3250 1304 3323 sit,
1330 3250 1408 3329 quod
1431 3250 1514 3310 scia·
1544 3256 1547 3262 '

159 3352 204 3406 tur
235 3343 275 3404 de
308 3341 414 3402 hisce?
461 3338 537 3404 Cum
561 3342 639 3401 enim
668 3338 686 3402 3
712 3348 830 3402 tautum
859 3342 974 3420 species
1007 3349 1078 3402 sunt
1110 3338 1290 3419 quantitatis
1322 3337 1513 3399 rectilineae:

160 3432 245 3502 linea,
271 3430 460 3510 superficies,
485 3448 607 3509 corpus,
632 3431 727 3490 scitur
750 3439 803 3490 aut
819 3430 892 3508 ipsa
916 3438 1041 3509 utraque
1066 3429 1178 3503 media,
1212 3427 1289 3508 quod
1315 3428 1423 3487 falsum
1446 3446 1514 3487 esse

159 3520 352 3583 inconfesso
376 3528 438 3592 est,
472 3528 526 3579 aut
549 3536 675 3597 corpus,
701 3519 779 3597 quod
804 3519 957 3597 quaeritur
981 3518 1089 3592 (cubus
1114 3517 1152 3578 ab
1176 3518 1243 3596 ipsa
1265 3516 1365 3577 media
1389 3516 1513 3588 lactus),
1558 3574 1561 3579 ,

160 3619 209 3672 aut
232 3608 418 3689 superficies,
442 3626 531 3686 quam
554 3607 706 3688 quaelibet
730 3607 808 3667 linea
832 3607 917 3680 facit,
941 3608 1019 3686 quod
1043 3626 1112 3667 mox
1136 3605 1401 3667 considerabimus.
1444 3604 1514 3665 lam

162 3697 371 3760 occurrendum
404 3705 453 3758 est
485 3697 552 3757 huic
586 3696 763 3775 objectioni:
798 3695 892 3756 scitur
922 3697 1061 3775 planum,
1096 3695 1173 3775 quod
1193 3691 1453 3771 comprehenditur
1476 3693 1514 3753 ab

164 3794 293 3870 utraque,
319 3805 389 3847 uam
413 3786 443 3846 id
467 3785 593 3865 aequale
617 3793 666 3846 est
688 3785 863 3862 rectangulo
888 3784 943 3845 sub
968 3784 1122 3845 extremis.
1169 3782 1369 3860 Respondeo:
1401 3781 1431 3841 id
1456 3800 1515 3842 uon

167 3884 209 3937 est
227 3875 415 3954 distinguere
439 3874 591 3953 singulas;
616 3874 661 3935 ita
685 3875 809 3934 confusa
833 3881 881 3933 est
903 3872 978 3934 haec
1003 3872 1121 3945 notitia,
1147 3891 1214 3932 cum
1238 3889 1293 3930 nos
1319 3868 1355 3929 de
1371 3868 1516 3931 distincta

169 3982 350 4043 quaeramus.
397 3964 447 4024 Ita
469 3963 595 4036 scimus,
620 3963 699 4042 qnod
725 3965 837 4023 lactum
867 3961 922 4022 sub
947 3960 1042 4041 prima
1073 3970 1105 4021 et
1128 3959 1220 4020 tertia
1243 3956 1383 4037 quaesita
1405 3958 1517 4021 debeat

172 4054 283 4134 aquari
308 4053 456 4133 quadrato
481 4052 641 4127 secundae,
667 4052 745 4132 quod
769 4051 912 4123 uescitur,
937 4057 971 4110 ut
994 4058 1026 4111 et
1049 4049 1157 4110 tertiae
1182 4047 1371 4128 quadratum,
1396 4048 1432 4109 de
1457 4067 1515 4129 quo

172 4152 284 4217 postea3
328 4139 469 4203 similiter
507 4141 585 4220 quod
624 4141 737 4201 factum
774 4139 830 4199 sub
863 4139 994 4199 secunda
1027 4137 1166 4218 quaesita
1200 4144 1231 4197 et
1264 4142 1372 4215 quarta
1404 4136 1518 4199 debeat

177 4231 280 4312 aquarn·
296 4230 445 4312 quadrato
469 4229 588 4303 tertiae,
614 4230 692 4309 qnod
718 4227 859 4288 nescitur.
900 4228 965 4287 Hac
981 4236 1044 4287 tres
1063 4227 1188 4287 notitiae
1204 4224 1291 4285 nobis
1307 4224 1516 4287 discriminant

178 4314 237 4382 dum
258 4319 430 4401 quaesitas,
464 4337 519 4379 uec
543 4317 654 4379 sistunt
679 4318 748 4378 illas
783 4316 812 4376 iu
837 4316 1023 4376 intellectum
1048 4323 1198 4388 nostrum,
1232 4320 1356 4392 propter
1378 4314 1514 4374 infinita-

179 4409 225 4469 leu
245 4408 533 4487 subingredientem,
558 4415 715 4468 ettamen
740 4405 949 4467 discriminant
971 4405 1040 4465 illas
1065 4411 1153 4465 extra
1176 4403 1361 4464 intellectum
1381 4410 1516 4462 nostrum

180 4487 201 4551 iu
218 4514 267 4560 suo
290 4515 403 4578 genere
426 4497 596 4571 esseutiae,
621 4496 804 4573 faciuntque,
829 4501 864 4554 ut
886 4492 943 4552 hae
967 4511 1024 4553 uon
1049 4493 1127 4554 aliae
1152 4509 1218 4552 esse
1241 4491 1370 4570 possint.
1418 4487 1516 4551 Simili

182 4576 287 4650 lautiori
319 4606 384 4649 rem
416 4585 586 4648 illustrabo.
639 4584 710 4647 Scio
744 4583 853 4643 baseos
887 4581 914 4641 iu
948 4580 1100 4660 triangulo
1132 4580 1308 4658 rectangulo
1337 4578 1515 4659 quadratum

182 4681 233 4734 etae
254 4677 381 4758 aequale
405 4674 560 4755 quadratis
584 4672 796 4754 adjacentium,
821 4669 922 4731 nescio
943 4668 1159 4750 longitudinem
1182 4668 1301 4742 baseos,
1326 4667 1355 4727 h.
1371 4685 1398 4727 e.
1419 4685 1515 4727 enun-

183 4753 245 4855 ilffre
263 4784 323 4829 uou
346 4781 480 4847 possum.
527 4763 659 4826 Tantum
681 4762 738 4825 hoc
762 4759 835 4834 scio,
860 4759 886 4820 si
909 4759 972 4821 tals
996 4757 1176 4840 quadratum
1199 4755 1318 4831 faciam,
1345 4754 1453 4818 seciam
1468 4772 1516 4817 me

1094 4895 1128 4943 ,
1242 4859 1304 4913 aon
