3366 5482
763 211 923 263 mm
1475 208 1519 276 aa

249 367 355 430 Datne
380 367 399 430 7
422 368 493 430 lau.
518 369 565 430 vel
589 365 631 433 28
653 369 726 432 Dee.
751 371 821 432 anui
845 371 1015 451 incipientia
1042 367 1138 445 ¹597,
1170 390 1257 451 quern
1280 371 1335 434 tibi
1359 380 1429 434 tuae
1449 389 1518 433 oon·

158 457 237 537 J'ugi,
263 477 386 532 socero,
410 458 592 539 collegisque
616 460 752 522 omuibus
776 461 912 522 loelicem
935 478 1049 540 precor.
1395 496 1400 506 ·

800 549 840 612 H.
864 551 899 611 T.
947 547 1079 612 Gratias.
1104 551 1212 611 disc.
1287 599 1290 605 .

1196 637 1243 700 M.
1266 637 1320 701 Jo.
1343 634 1472 719 Kepler.

231 792 261 843 lu
280 793 388 858 epistola
405 794 548 859 Keplerl
565 807 628 861 quta
646 795 711 847 bane
731 796 796 847 brari
813 798 945 849 remeante
963 805 1001 849 cut
1018 798 1081 847 haec
1099 812 1155 889 cum
1174 797 1206 847 ad
1224 804 1262 848 rer
1282 797 1441 855 demordeas
1465 803 1518 847 tum

162 863 194 914 ιὰ
211 878 274 941 mu·
292 867 445 929 umenti·
460 866 580 932 lecim·

250 986 390 1051 Salutem
403 990 572 1072 plurimam.
606 989 763 1052 Neminem
777 991 947 1053 mortalium
962 991 1100 1053 existimo
1114 991 1225 1067 vivere,
1250 992 1334 1073 cnjus
1354 991 1398 1071 ita
1421 962 1519 1071 fugiat

161 1076 381 1159 providentiam
405 1080 526 1143 fortuna
548 1098 618 1152 sua,
635 1088 681 1147 ,ιιι
702 1098 748 1141 me
773 1099 841 1141 mea
863 1078 959 1161 fugit:
990 1081 1038 1142 oui
1067 1080 1145 1141 bona
1173 1082 1307 1161 speranti
1336 1089 1367 1143 et
1392 1080 1516 1160 jamjam

162 1166 271 1231 fruenti
294 1166 446 1230 foelicitas
470 1188 485 1229 e
509 1167 644 1230 manibus
667 1167 816 1235 elabitur:
830 1194 832 1199 ’
847 1177 952 1231 contra
979 1170 1059 1231 mala
1087 1170 1231 1231 metuenti
1263 1178 1295 1233 et
1318 1168 1446 1250 jamjam
1468 1169 1514 1235 vi·

162 1255 242 1318 denti
267 1256 349 1318 bona
369 1256 519 1320 eveniunt.
551 1257 654 1336 Atque
677 1257 752 1320 haec
771 1277 837 1319 mea
857 1258 983 1334 fortuna,
1009 1278 1066 1361 quo
1089 1258 1187 1339 magis
1210 1257 1265 1321 huc
1289 1267 1421 1340 tempore
1445 1252 1516 1320 mihi

161 1344 329 1418 blanditur,
352 1346 409 1408 hoc
432 1346 529 1426 magis
552 1345 623 1407 mihi
645 1356 744 1408 metuo
768 1347 807 1408 ab
831 1346 896 1421 illa,
921 1356 969 1421 ut,
993 1348 1019 1409 si
1043 1347 1202 1441 aliquando
1228 1348 1300 1409 mihi
1323 1348 1377 1409 fiat
1399 1324 1517 1409 infensa

162 1436 290 1507 (utnon
315 1436 395 1497 solet
418 1455 485 1497 esse
509 1438 665 1509 constans)
691 1436 746 1497 hoc
768 1435 880 1499 idem
872 1436 1053 1519 rugeninm
1046 1455 1131 1498 suum
1155 1435 1293 1499 retineat
1334 1437 1414 1498 Nam
1437 1438 1516 1498 bona

161 1523 204 1585 rel
227 1542 321 1586 coeco
345 1524 485 1586 obvenire
510 1533 541 1587 et
564 1524 724 1587 somnianti
748 1525 829 1587 nulla
851 1525 1009 1587 calamitas
1033 1534 1098 1587 est:
1129 1525 1210 1588 mala
1231 1545 1301 1588 vero
1325 1525 1417 1588 etiam
1439 1544 1513 1606 pro-

161 1613 234 1675 ridis
260 1622 293 1674 et
316 1613 579 1694 praesagientibus
603 1613 709 1694 gravia
732 1622 815 1688 suut,
843 1614 951 1676 nedum
974 1615 999 1677 si
1029 1600 1103 1676 beu'e
1127 1624 1285 1694 sperantes
1310 1623 1431 1694 repente
1455 1634 1512 1696 op-

159 1702 300 1803 primaut
336 1702 417 1764 Ecce
433 1700 637 1764 Comoediam.
675 1703 755 1764 Duri
779 1721 856 1764 auno
880 1698 922 1764 96
946 1707 1077 1778 uxorem,
1104 1722 1159 1765 nee
1183 1703 1263 1783 aliud
1288 1711 1351 1765 ιοιο
1375 1703 1514 1765 semestri
1559 1763 1566 1785 ,

161 1790 257 1865 sensi,
292 1790 537 1853 confirmantibus
568 1811 615 1852 me
641 1792 743 1853 literis
775 1792 1017 1871 gravissimorum
1045 1791 1184 1854 virorum.
1235 1793 1261 1854 Ι
1264 1801 1349 1854 aetus
1376 1780 1491 1854 redii
1483 1813 1512 1854 ru

161 1878 310 1963 Styriam;
334 1888 369 1942 nt
390 1881 473 1952 veni,
496 1880 613 1942 neruiue
637 1900 694 1942 non
718 1881 905 1960 gratulante,
928 1881 1001 1942 mihi
1025 1889 1141 1943 secreto
1166 1881 1328 1953 indicatur,
1352 1901 1399 1943 me
1423 1901 1513 1951 uxore

161 1969 319 2033 excidisse.
372 1968 450 2050 Spes
478 1969 609 2068 conjugii
636 1990 690 2049 per
717 1979 863 2055 semestre
896 1970 1031 2032 radicata
1059 1989 1172 2032 moram
1204 1968 1328 2032 alterius
1360 1971 1513 2032 semestris

162 2058 328 2141 requisivit,
350 2059 444 2120 donec
468 2077 583 2120 rursum
588 2042 817 2128 eradicaretur.
844 2048 934 2139 atque
954 2078 1013 2162 eqo
1036 2058 1155 2139 penitus
1179 2059 1278 2122 mihi
1271 2059 1328 2139 upsi
1347 2059 1513 2138 persuade·

161 2167 228 2231 rem,
252 2147 372 2210 irritam
394 2167 481 2223 esse,
505 2148 653 2233 aliamqpe
678 2149 757 2210 vitae
782 2148 928 2210 rationem
953 2147 1066 2210 inirem
1099 2147 1160 2210 Ubi
1179 2149 1370 2230 desperatum
1394 2149 1513 2228 penitus

163 2246 215 2310 eat,
237 2256 272 2299 re
291 2237 359 2339 Jam
384 2237 422 2297 ad
446 2236 640 2299 ministerium
665 2236 775 2310 delata,
802 2256 870 2298 ecee
894 2255 1001 2298 novam
1023 2256 1214 2323 neptunum.
1256 2236 1355 2299 Movit
1373 2216 1512 2300 immines

162 2325 315 2388 ministerii
339 2325 506 2400 autoritaS,
540 2337 571 2387 et
600 2326 626 2387 si
655 2334 879 2405 comparerent,
914 2319 1072 2387 ludibrium
1096 2346 1190 2388 suum.
1237 2327 1342 2407 ltaque
1373 2326 1513 2388 certatim

163 2433 261 2476 omues
272 2415 348 2495 J'am
371 2415 495 2488 viduae,
524 2415 586 2495 jam
614 2415 748 2494 parentis
772 2416 900 2476 animum
928 2415 1025 2476 adorti
1055 2433 1106 2476 eos
1131 2423 1353 2518 expugnarunt,
1383 2415 1512 2496 mihique

164 2523 250 2565 novas
275 2503 470 2566 coniecerunt
493 2505 623 2582 nuptias.
669 2502 736 2575 Quo
760 2522 817 2589 uuo
840 2504 953 2583 impetu
977 2512 1152 2566 corruerunt
1175 2506 1273 2566 omnia
1296 2523 1365 2565 mea
1387 2505 1513 2567 consilia

157 2593 197 2655 'de
217 2593 281 2655 alia
304 2593 368 2655 vitu
391 2593 532 2655 ineunda.
569 2593 670 2673 Usque
691 2593 843 2653 adeo‘non
864 2601 911 2655 est
934 2593 962 2654 iu
983 2592 1109 2655 huminis
1133 2601 1287 2673 potestate
1311 2593 1375 2659 dies
1399 2594 1512 2656 crasti-

165 2700 223 2745 nus.
270 2682 357 2744 Haec
381 2683 419 2744 ad
443 2691 490 2756 te,
516 2683 698 2760 Praeceptor
721 2682 902 2757 clarissime,
925 2682 1041 2762 meique
1066 2683 1287 2757 amantissime,
1313 2702 1378 2744 cnm
1402 2691 1435 2745 nt
1457 2683 1511 2745 tibi

164 2770 390 2833 sollicitudinem
416 2772 541 2840 demam,
566 2778 627 2832 turn
651 2771 689 2832 ob
713 2788 809 2832 meum
833 2770 1015 2851 opusculum.
1054 2769 1198 2842 Quamvis
1218 2791 1269 2834 our
1287 2790 1385 2833 meum
1404 2772 1510 2846 dicam,

164 2877 249 2923 musa
273 2860 403 2923 obscura
427 2871 457 2921 et
481 2860 578 2922 tenuis
603 2869 659 2923 est.
697 2860 746 2921 Illi
770 2860 848 2920 euim
871 2878 927 2939 ego
951 2858 1069 2921 Semele
1093 2860 1142 2933 fui,
1168 2868 1200 2921 tu
1223 2859 1352 2939 Jupiter.
1396 2862 1512 2924 Antei

163 2949 243 3011 malis
265 2948 423 3011 Minervae
445 2948 517 3011 illud
536 2967 708 3029 comparare
723 2967 810 3031 qnam
825 2947 952 3010 Libero:
976 2948 1096 3029 Jupiter
1110 2967 1165 3030 ego
1180 2950 1279 3029 capite
1295 2949 1366 3011 illud
1381 2950 1509 3030 gestavi,

164 3040 212 3100 red
233 3038 292 3101 nisi
315 3049 348 3101 tu
368 3038 524 3101 Vulcanus
549 3056 615 3100 cum
637 3037 758 3118 bipenni
783 3037 891 3100 lhisses
916 3037 1139 3113 obstetricatus,
1164 3056 1311 3156 uunquam
1336 3057 1391 3120 ego
1415 3057 1510 3120 pepe-

164 3127 275 3191 dasem.

244 3217 330 3281 llllus
353 3216 446 3298 igitur
469 3216 603 3296 opusculi
627 3212 692 3278 200
711 3216 895 3297 exemplaria
917 3202 1015 3278 emere
1039 3223 1183 3295 gravatus
1206 3235 1273 3278 eum
1295 3217 1325 3279 in
1349 3216 1510 3296 superiori·

163 3305 212 3368 bna
234 3307 333 3370 literis
363 3307 401 3368 ob
431 3307 507 3368 duas
534 3305 720 3386 potissimum
754 3325 880 3379 causas,
913 3304 1039 3386 primurn
1068 3306 1138 3385 qnia
1165 3307 1335 3368 metuebam
1364 3314 1510 3381 sumtum;

164 3396 284 3470 deinde,
318 3396 389 3475 quia
418 3395 536 3456 omniuo
563 3393 635 3456 mihi
667 3412 899 3474 proposueram,
932 3395 997 3456 lata
1028 3411 1128 3455 coram
1147 3393 1319 3457 ministerio
1348 3397 1509 3471 sententia,

163 3485 322 3556 desedere.
369 3485 438 3548 Non
462 3484 600 3546 videbam
625 3492 746 3558 autem,
770 3501 909 3562 quorsum
936 3482 1021 3551 mihi,
1053 3501 1110 3544 non
1133 3483 1184 3544 din
1208 3484 1255 3545 hio
1278 3492 1509 3563 commoratum,

163 3575 317 3653 poderam
352 3582 468 3636 tantum
498 3592 572 3634 onus
601 3572 824 3651 exemplarium.
877 3573 946 3634 Juru
975 3578 1041 3633 rato
1070 3591 1135 3633 meo
1163 3573 1302 3652 conjugio
1332 3575 1508 3636 manendum

163 3665 227 3727 nihi
251 3672 376 3726 estt’et
394 3664 523 3743 pretium
542 3662 709 3723 tolerabile.
742 3663 809 3725 Nou
833 3680 933 3741 pugno
956 3660 1048 3739 igitur
1068 3661 1204 3740 amplius,
1230 3661 1309 3743 quin,
1332 3663 1358 3724 si
1381 3663 1509 3724 noudum

162 3771 222 3817 tum
250 3753 441 3834 typographo
469 3751 646 3832 pepigisti,
661 3751 727 3830 jum
759 3769 847 3830 porro
879 3751 932 3811 illa
961 3746 1026 3812 200
1054 3751 1237 3829 exemplaria
1266 3751 1336 3813 mihi
1365 3751 1508 3815 vindices.

164 3841 388 3924 Typographns·
400 3858 526 3921 parvam
543 3858 657 3902 moram
672 3859 767 3921 aequo
782 3839 880 3900 animo
896 3839 984 3900 ierat.
1017 3838 1092 3900 Mihi
1115 3840 1145 3901 in
1165 3847 1252 3901 tanto
1275 3839 1390 3903 itineris
1412 3841 1508 3913 inter—

162 3932 267 4005 roto,
285 3940 376 3992 tauta
402 3938 541 3992 monetae
563 3929 713 3991 varietate
736 3928 1019 4008 tabellariorumqne
1041 3928 1167 4008 perfidia
1189 3928 1316 3991 nonita
1339 3931 1509 4010 expeditum

163 4030 213 4097 est,
237 4021 397 4101 pecuniam
420 4038 584 4082 numerare.
631 4018 739 4079 Tribus
764 4025 865 4079 antem
896 4017 1023 4079 diversis
1047 4017 1154 4079 Suevis
1178 4017 1303 4079 eandem
1326 4037 1401 4097 pene
1425 4036 1508 4084 sum.-

162 4129 234 4172 mam
258 4107 302 4174 33
325 4111 502 4172 florenorum
525 4107 573 4169 hio
599 4106 749 4169 Graetii
736 4126 802 4186 Jam
825 4106 991 4183 numeravi,
1018 4125 1106 4186 quam
1129 4106 1173 4168 illi
1196 4126 1250 4187 per
1273 4127 1343 4168 enos
1366 4119 1509 4187 parentes

164 4196 412 4303 Gruppenbachio
443 4205 597 4259 numerent
624 4197 704 4264 intra
732 4196 882 4258 trimestre
911 4204 1039 4276 tempus.
1090 4192 1182 4258 10fl.
1207 4196 1363 4258 Hervarto
1386 4195 1507 4260 Essliu-

161 4289 250 4367 gensi,
275 4283 338 4370 87,
358 4289 388 4350 0.
413 4285 751 4388 LucioWaiblingensi‚
780 4281 874 4346 120.
898 4285 1010 4347 Μοιιίο
1033 4284 1235 4363 Marpacensi.
1268 4286 1310 4347 Et
1332 4287 1369 4348 de
1394 4288 1507 4349 duobus

161 4379 300 4441 ultimis‘
286 4396 352 4460 Jam
375 4385 475 4440 certus
499 4395 579 4448 sum,
609 4376 646 4437 de
669 4375 763 4456 primo
787 4380 821 4437 nt
842 4374 905 4436 viro
930 4373 1077 4452 locuplete
1102 4373 1176 4436 bene
1200 4393 1298 4454 spero.
1346 4375 1408 4438 Sed
1432 4377 1507 4438 hauc

161 4466 328 4531 ἰιιιίοιιιιιιι
353 4457 511 4528 solutionis
536 4464 616 4527 viam
634 4462 838 4547 typographus
856 4463 958 4544 procul
979 4462 1068 4524 dubio
1090 4463 1277 4527 aversabitur
1299 4471 1333 4526 nt
1352 4465 1505 4529 incertam

161 4553 259 4629 Quare
282 4555 359 4620 nihil
380 4556 425 4618 illi
449 4555 485 4616 de
516 4555 603 4622 modo
633 4555 734 4623 dieas,
766 4559 900 4627 tantum,
930 4552 1148 4632 persoluturum
1176 4571 1223 4614 me
1252 4553 1400 4616 homiuem
1428 4555 1507 4615 iutra

161 4642 319 4723 lunenses
342 4645 381 4707 ab
405 4665 458 4721 eo,
488 4662 545 4727 qno
569 4643 752 4724 exemplaria
775 4660 928 4733 accepero.
976 4639 1192 4722 Opuseulum
1183 4661 1278 4723 ipsum
1303 4641 1373 4705 mihi
1395 4642 1504 4731 placet,

161 4746 190 4799 at
209 4738 329 4801 omniuo
352 4733 530 4855 gratissima
551 4741 599 4796 est
621 4734 674 4796 illa
698 4740 751 4795 tua
773 4728 946 4794 annotatio
951 4729 988 4792 de
1011 4731 1190 4796 Αιιιιιιιοιιο
1212 4729 1323 4798 Samio.
