3366 5482
171 210 180 223 υ
254 271 322 341 320
675 271 1193 339 summata-qum

253 431 664 498 limataeianmtqnorncdc?
700 431 1609 498 Radqulmmmhimfflqudhtn'nSubmu,

252 505 280 554 h
297 503 372 554 Luna
388 519 500 554 mensem
518 505 663 554 consumas
699 501 751 552 Res
770 519 832 554 sana
850 505 1009 568 inquisitione
1027 504 1180 569 dignissim

343 576 548 656 Keplerus:
574 576 619 636 De
653 574 761 636 effectu
793 575 949 654 eclipsium
983 575 1120 637 iuvenies
1144 576 1172 636 in
1197 575 1273 638 meis
1295 575 1433 637 thesibus
1455 577 1609 639 Metecro-

254 664 370 744 logicis.
416 663 497 726 Sane
522 664 606 725 etin
630 662 806 726 Ptolemaeo
830 675 861 725 et
885 684 941 744 ego
966 683 1088 725 causam
1113 664 1283 726 naturalem
1307 665 1461 738 desidere,
1489 684 1544 727 cur
1566 667 1611 727 ei·

255 754 352 815 iectus
377 762 425 815 tot
447 754 600 815 mensibus
624 752 653 813 in
677 752 750 814 Sole
774 762 807 814 et
828 754 917 814 Luna
939 754 1104 827 differatur,
1130 763 1204 833 quot
1219 753 1301 814 horis
1314 753 1440 832 eclipsis
1454 775 1475 814 a
1492 754 1611 816 cardine

254 841 353 915 abest,
377 852 410 902 et
433 853 535 903 ιιιιιιι
554 842 619 920 jam
643 842 837 920 singularium
862 843 980 903 duratio
1003 861 1058 920 per
1072 843 1163 902 horas
1187 843 1217 903 in
1232 841 1319 903 Luna
1341 862 1473 916 menses,
1498 843 1529 904 in
1544 842 1611 905 Sole

255 950 350 992 annos
374 931 534 1009 significet.
581 928 683 1000 Quare
711 931 782 992 olim
815 949 871 1009 ego
894 932 1001 991 eadem
1024 950 1091 991 cum
1117 932 1292 992 Ptolemaeo
1327 931 1469 1001 licentia,
1496 932 1612 994 scilicet

254 1038 313 1081 uon
335 1037 441 1098 parva,
465 1021 559 1080 talem
584 1020 624 1079 fui
648 1030 771 1080 secutus
796 1016 1029 1099 modum:'quot
1054 1019 1135 1079 horis
1159 1020 1304 1081 luminare
1322 1039 1417 1100 supra
1430 1020 1611 1083 horizontem

254 1109 381 1180 mansit,
414 1117 462 1170 tot
484 1109 512 1168 iu
538 1108 625 1169 Luna
648 1127 784 1181 meuses,
821 1109 850 1169 iu
875 1108 946 1169 Sole
971 1108 1040 1169 anni
1065 1109 1147 1169 fuere
1170 1109 1411 1188 praesuppositi,
1446 1128 1485 1171 ex
1508 1109 1611 1189 quibu

256 1195 301 1259 illi
325 1198 465 1258 effectum
489 1196 671 1270 sentiebant,
699 1196 747 1275 qui
772 1198 996 1276 respondebant
1020 1197 1102 1258 heris
1126 1197 1164 1259 ab
1183 1206 1250 1258 ortu
1274 1197 1411 1261 deiectus
1428 1199 1610 1260 determina·

254 1285 305 1348 tis.
353 1285 483 1359 Verum,
514 1286 568 1346 hoc
593 1286 737 1347 modoad
762 1284 979 1347 Ptolemaicum
1003 1286 1193 1361 confirmato,
1227 1285 1406 1366 principium
1428 1286 1611 1367 operationis

244 1373 377 1453 eclipsis
402 1373 519 1435 Solaris
551 1374 683 1435 cadebat
714 1383 785 1434 ante
820 1375 936 1435 initium
960 1374 1120 1454 eclipseos.
1167 1376 1263 1447 Puto,
1297 1374 1435 1437 disiectus
1466 1394 1525 1436 non
1549 1376 1608 1455 pati

254 1472 317 1524 tam
341 1464 524 1542 exquisitum
547 1463 705 1536 calculum,
731 1482 785 1523 nec
810 1482 884 1541 opus
909 1481 986 1537 esse,
1012 1482 1080 1524 cum
1098 1464 1204 1543 cuique
1228 1464 1290 1525 diei
1304 1465 1345 1525 sit
1361 1484 1418 1525 sua
1431 1464 1608 1545 significatio

255 1550 286 1613 in
310 1551 463 1613 astris'ex
487 1551 660 1630 aspectibus
684 1560 716 1611 et
739 1553 927 1613 transitibus.
975 1550 1051 1614 Cum
1066 1553 1164 1613 adhuc
1188 1553 1318 1614 nondum
1339 1560 1499 1614 exstarent
1522 1553 1610 1632 ephe-

255 1641 394 1715 merides,
419 1662 438 1701 a
454 1639 618 1701 Chaldaeis
643 1651 713 1702 sunt
736 1640 926 1702 introductae
951 1640 1154 1720 protectiones
1179 1641 1218 1702 ad
1239 1641 1460 1704 sublevandum
1484 1642 1611 1704 laborem

255 1728 424 1790 calculandi
448 1739 543 1792 astra.

326 1818 507 1867 Fabricius:
532 1819 572 1866 Διι
598 1817 703 1867 thema
728 1819 952 1880 conceptionis
972 1818 1099 1881 praevalet
1117 1819 1221 1883 genesi,
1252 1818 1292 1867 vel
1311 1816 1418 1868 contrat
1455 1818 1510 1884 Ego
1529 1818 1608 1883 generi

254 1888 578 2065 εἰᾱιιὲὲιίἰιιωιωιιξιιιιιι
596 1903 651 1938 cnm
671 1894 728 1938 aere
747 1889 843 1938 imbibit
861 1891 924 1938 vires
943 1889 1018 1949 coeli,
1037 1904 1086 1938 non
1105 1891 1131 1937 in
1150 1890 1322 1953 conceptione,
1341 1889 1384 1938 ubi
1402 1903 1454 1939 ιιι
1472 1898 1514 1940 ιιι
1533 1889 1610 1946 lemno,

257 2119 426 2198 magni-
451 2129 498 2181 est
526 2127 628 2180 autem
652 2137 700 2179 res
724 2138 835 2197 magna
864 2120 936 2180 t'elix
960 2079 1183 2199 coriceptio—
1208 2120 1243 2181 fit
1271 2120 1336 2181 sine
1365 2139 1517 2182 consensu
1541 2121 1610 2182 coeli

255 2207 396 2282 natalitii,
421 2216 453 2269 et
476 2226 574 2288 „quae
598 2208 627 2268 in
653 2226 709 2267 unc
733 2210 824 2270 tertio
847 2208 927 2269 inter
950 2229 982 2269 se
1007 2209 1231 2269 consentiunt.“
1278 2208 1446 2289 Conceptic
1473 2228 1542 2270 cum
1557 2228 1610 2291 pa·

256 2297 392 2360 rentibus
412 2295 581 2365 consentit,
605 2296 751 2358 nativitas
775 2317 842 2358 cum
866 2297 986 2372 iisdem,
1020 2317 1092 2377 ergo
1116 2304 1147 2357 et
1171 2299 1329 2377 conceptio
1353 2317 1419 2359 cum
1443 2297 1610 2360 nativitate.

259 2386 293 2447 In
317 2385 422 2464 genesi
446 2403 517 2446 vero
542 2385 740 2447 discernenda
766 2385 855 2465 plane
880 2386 951 2448 mihi
982 2388 1084 2447 thema
1112 2386 1284 2447 natalitium
1307 2387 1429 2448 sufficit.
1477 2386 1540 2448 Sed
1562 2395 1612 2448 tna

258 2493 351 2536 causa
375 2483 423 2535 est
445 2474 533 2546 bona,
559 2494 613 2535 nec
637 2475 863 2554 philosophica:
889 2494 978 2549 „cum
994 2481 1063 2537 aere
1087 2477 1168 2536 vires
1191 2475 1267 2536 coeli
1285 2475 1421 2538 haurit.“
1468 2476 1520 2537 Ita
1541 2475 1612 2536 bene

257 2562 372 2630 dixisti,
396 2571 430 2623 ut
453 2563 563 2636 rhetor,
589 2573 623 2623 at
644 2583 702 2624 non
727 2574 761 2624 ut
783 2564 1017 2643 philosophicus.
1066 2564 1157 2625 Vires
1181 2583 1286 2643 nempe
1310 2565 1386 2626 coeli
1409 2574 1536 2644 propter
1559 2583 1609 2624 ve·

257 2651 388 2713 hiculum
412 2652 492 2713 airis
517 2671 574 2712 non
598 2653 795 2722 imbibuntur,
829 2653 1000 2714 consistunt
1023 2653 1100 2714 enim
1127 2653 1155 2713 in
1180 2653 1396 2732 imaginatione
1419 2671 1520 2714 rerum
1542 2651 1612 2714 sub-

258 2741 414 2803 lunarium.

326 2828 505 2878 Fabricius:
526 2826 592 2888 Quia
609 2835 635 2877 te
653 2831 679 2877 in
698 2829 843 2892 physicis
862 2829 1146 2892 speculationibus
1165 2829 1287 2878 excellere
1305 2829 1393 2884 rideo,
1419 2829 1477 2879 ideo
1496 2836 1523 2880 et
1539 2829 1614 2879 tuce

254 2915 296 2967 qu
305 2902 402 2950 sesti
413 2914 500 2949 ones
518 2900 645 2963 physic
657 2914 694 2948 as
714 2900 786 2948 simul
803 2902 847 2949 tibi
866 2915 1003 2964 proponere
1021 2901 1086 2949 volui
1105 2901 1283 2950 discutiendas.

329 2971 475 3032 Quaeritur,
496 2985 528 3020 au
547 2971 592 3020 inl
603 2973 691 3021 mina
709 2974 760 3020 sint
776 2974 919 3031 materiata,
939 2972 977 3021 rel
996 2973 1096 3036 spiritua
1109 2970 1224 3020 tantum?
1261 2970 1288 3020 Si
1306 2973 1449 3029 materiata,
1468 2986 1514 3021 cur
1530 2971 1614 3026 honre.

254 3043 292 3092 rel
312 3043 362 3092 alia
380 3050 495 3093 creatura
513 3043 639 3099 animata,
666 3058 715 3091 non
734 3043 848 3092 laedatur
866 3043 914 3092 illis
933 3044 1020 3092 eodem
1043 3043 1115 3092 modo
1143 3058 1187 3107 per
1205 3042 1389 3105 disjectionem,
1420 3043 1614 3094 rmnarartcnuu

255 3120 300 3164 ιιι
318 3114 530 3173 delormaticncrn,
550 3121 579 3162 ιι
596 3115 659 3162 muri
678 3121 704 3163 et
722 3113 821 3162 tnrresl
858 3113 995 3162 Materiata
1013 3129 1101 3177 nempe
1120 3114 1201 3163 locum
1220 3115 1356 3177 requirunt,
1376 3120 1402 3163 ct
1415 3120 1547 3178 propterea
1565 3113 1614 3163 slis

254 3199 357 3250 corpora
373 3187 488 3249 ingressa
505 3185 606 3234 violenti
624 3191 701 3239 motu,
721 3199 753 3234 ea
770 3185 879 3235 sensibili
899 3185 1008 3235 laesione
1028 3186 1148 3237 afficiunt.
1187 3183 1236 3244 Qui
1253 3185 1294 3245 tlt,
1321 3185 1386 3249 quod
1410 3187 1614 3235 tonitrunm

253 3256 450 3379 ξιιςέιιῖοιιιὲἶ
467 3254 550 3376 mel
570 3256 605 3358 ad
621 3271 742 3306 summum
761 3253 777 3303 l
796 3257 911 3307 milliaria
928 3272 979 3306 non
998 3258 1138 3316 audiantur,
1159 3264 1246 3307 centn
1264 3262 1441 3308 tormentorum
1459 3256 1613 3320 emicantes

324 3363 332 3388 ,
389 3363 397 3384 ,
434 3332 440 3345 ·
495 3329 500 3339 “
522 3329 602 3376 ‘aria

345 3399 549 3478 Keplerus:
585 3400 631 3460 De
666 3398 838 3461 fulminibus
871 3400 946 3461 haec
970 3408 1020 3460 est
1049 3419 1117 3461 mea
1140 3399 1295 3461 sententia
1318 3400 1388 3472 (nec
1411 3399 1492 3461 enim
1517 3399 1612 3461 minus

255 3508 318 3562 me,
343 3507 399 3568 par
422 3496 484 3563 est,
510 3497 688 3567 arroganter
712 3489 909 3567 respondere,
933 3508 1022 3567 quam
1046 3498 1079 3550 tu
1102 3489 1286 3550 confidenter
1309 3488 1458 3567 quaeris):
1489 3496 1522 3549 et
1545 3505 1612 3549 ma·

255 3578 375 3640 terialia
399 3596 478 3649 esse,
503 3586 534 3638 et
557 3578 689 3656 spiritus.
737 3578 817 3640 Nam
841 3587 874 3639 et
896 3577 1020 3656 spiritus
1045 3584 1092 3638 est
1116 3577 1254 3645 materia.
1301 3576 1433 3655 Lapides
1460 3594 1534 3638 vero
1558 3594 1613 3636 ne-

257 3665 367 3728 miuem
392 3685 520 3746 unquam
536 3666 691 3747 excepisse
707 3676 789 3746 puto,
815 3675 849 3727 ut
863 3667 1078 3746 specularetur.
1124 3666 1219 3727 Fallit
1240 3666 1377 3727 homiues
1393 3665 1444 3727 via
1456 3684 1512 3727 seu
1526 3665 1613 3727 limes

258 3755 384 3817 adustus
407 3773 461 3834 per
485 3756 618 3819 arbores.
666 3755 711 3817 At
733 3775 792 3817 non
816 3755 960 3835 sequitur,
987 3755 1118 3833 lapidem
1134 3755 1217 3816 illam
1236 3763 1382 3816 metatum
1396 3754 1489 3818 viam.
1535 3753 1612 3816 Pro-

256 3852 372 3925 ponant
395 3844 467 3906 mihi
492 3845 631 3924 lapidem,
657 3844 871 3906 demonstrabo
891 3844 966 3918 illis,
991 3843 1018 3904 si
1042 3845 1142 3906 durior
1167 3863 1225 3905 non
1250 3844 1352 3918 fuerit,
1384 3843 1495 3905 millies
1519 3842 1612 3904 dissi·

258 3934 351 3995 luisse
376 3933 555 4012 oportuisse.
601 3935 645 3995 At
669 3952 707 3994 ex
722 3933 880 3995 arboribus
905 3931 1110 3995 exscinditur?
1140 3932 1332 3995 Oimbecille
1353 3932 1482 4006 tulmen!
1515 3932 1612 3993 Antn

258 4022 367 4096 credis,
387 4022 463 4083 hanc
487 4022 663 4084 violentiam
687 4023 716 4084 in
740 4022 819 4084 nodo
844 4017 990 4086 haerere?
1037 4020 1124 4092 Quod
1144 4031 1246 4084 autem
1261 4041 1387 4102 corpora
1409 4039 1469 4082 nou
1493 4038 1560 4083 eum
1582 4019 1612 4080 in

258 4110 378 4171 modum
402 4111 608 4182 fulmineutur,
633 4131 691 4191 quo
715 4111 811 4191 ligna,
836 4130 930 4171 causa
953 4119 1001 4172 est
1024 4111 1182 4185 mollities,
1207 4130 1284 4190 quae
1308 4111 1421 4172 nullam
1445 4109 1540 4171 habet
1562 4127 1612 4170 re-

258 4197 444 4271 sistentiam,
470 4207 501 4261 et
524 4201 603 4280 quod
627 4200 732 4262 ustilia
753 4220 811 4262 uon
836 4199 920 4274 suut',
947 4206 980 4261 ιι
1003 4200 1095 4280 ligna.
1142 4200 1259 4262 Eadem
1283 4219 1389 4274 causa,
1423 4217 1475 4260 cur
1499 4197 1615 4279 liquent

256 4287 392 4349 metalla.

347 4376 487 4438 Jucunda
510 4376 646 4457 quaestio
672 4378 708 4439 de
732 4376 858 4438 terribili
883 4377 1068 4456 fragore,
1072 4378 1128 4451 ‚De
1154 4376 1223 4438 forti
1247 4374 1407 4438 dulcedo.“
1442 4374 1541 4438 Judic
1563 4370 1613 4437 ld.

257 4465 339 4546 Ergo
364 4484 514 4545 uunquam
538 4467 602 4527 sine
625 4468 703 4528 nube
728 4473 825 4528 tonat.
877 4467 921 4528 At
943 4466 1038 4528 imber
1062 4486 1099 4529 ex
1123 4472 1335 4529 concamerata
1358 4463 1485 4538 decidit,
1520 4483 1614 4544 eaque

260 4574 319 4617 ιιι
343 4555 426 4628 alta,
458 4574 496 4615 ex
519 4574 630 4634 vapore
654 4555 771 4617 scilicet
794 4555 1001 4635 copiosissime
1031 4554 1118 4616 simul
1147 4574 1185 4615 ex
1217 4562 1299 4616 terra
1331 4553 1494 4615 exhalante
1526 4553 1614 4616 simul

259 4663 429 4724 asuperno
453 4644 533 4706 aeris
558 4643 701 4724 frigore
693 4663 722 4704 ιι
746 4663 855 4725 aquarn
879 4651 1020 4718 cooacto;
1045 4645 1167 4706 clausus
1182 4643 1283 4724 itaque
1303 4642 1405 4722 l'ragcr
1419 4649 1477 4705 est.
1525 4641 1614 4704 Adde

259 4739 292 4792 et
315 4732 394 4814 qnod
418 4732 560 4795 celeritas
583 4751 659 4813 pene
683 4733 750 4793 sola
773 4732 903 4813 fragoris
927 4753 1030 4795 causa
1076 4734 1172 4838 Puto,
1202 4732 1362 4819 materiam
1383 4729 1516 4794 fulminis
1539 4750 1613 4794 ιιι

259 4817 328 4883 dem
351 4837 429 4894 esse,
453 4837 529 4901 quae
553 4821 654 4884 estin
679 4837 751 4884 auro
775 4821 912 4899 feriente,
936 4823 1022 4905 cujus
1045 4821 1160 4887 incensi
1181 4821 1262 4885 idem
1284 4827 1333 4886 est
1354 4805 1468 4904 tragon
