3366 5482
162 240 226 310 'rra
457 323 460 329 .
673 248 784 314 rnen
805 224 1004 315 comeam

161 405 219 468 hoc
242 404 363 467 circello
387 406 456 467 dein
482 405 520 467 ad
545 405 672 470 Saturni
701 408 946 487 amplitudinem,
982 417 1014 470 et
1041 409 1080 471 ab
1107 409 1164 471 hac
1189 408 1376 470 advflxarum
1397 405 1528 468 inaesti-

96 568 104 575 ‚
159 494 304 557 mabilem
328 494 520 556 altitudinem
545 497 646 558 oculos
671 497 808 572 intende,
835 505 866 558 et
890 498 1016 577 deniqne
1041 499 1200 573 conclude,
1232 507 1331 559 utrum
1355 497 1437 558 factu
1460 512 1529 557 cre-

161 583 285 664 ditnque
309 582 441 659 facilius,
465 586 639 666 punctulum
665 586 738 647 illnd
763 587 843 647 intra
862 585 891 647 A
911 587 1073 662 circellum,
1098 595 1130 649 et
1153 587 1197 648 sio
1212 585 1362 648 Tellurem
1386 584 1416 646 in
1440 600 1529 646 unam

160 673 285 754 plagam
309 674 414 748 rotari,
439 693 477 735 an
502 693 573 735 vero
597 681 694 736 totum
718 676 858 737 mundum
883 675 986 736 decem
1003 675 1154 737 distinctis
1169 675 1301 737 motibus
1324 673 1412 755 (quia
1426 672 1529 734 decem

162 761 201 824 ab
225 761 353 824 invicem
377 761 468 824 soluti
494 763 597 836 orbes)
621 765 746 825 infanda
768 763 933 843 rapiditate
956 764 999 826 ire
1024 766 1052 826 in
1076 766 1198 844 plagam
1218 764 1355 838 alteram,
1382 781 1437 824 neo
1451 779 1528 842 quo-

163 868 252 932 quam
274 850 333 911 nisi
357 853 396 912 ad
420 852 493 913 illud
517 853 706 931 punctulum,
731 853 861 914 Telluris
885 853 1122 933 imagunculam,
1154 872 1279 934 eamque.
1302 853 1399 914 solam
1422 850 1529 912 immo-

164 938 269 1014 bilem,
294 939 461 1019 respicere,
487 941 557 1020 qnia
581 950 667 1003 extra
691 942 764 1004 nihil
789 950 845 1004 est.

639 1117 684 1180 ιιι
708 1117 849 1183 ceron
872 1118 1050 1213 aaaron.

691 1239 806 1291 NOTAE
825 1237 1003 1291 AUCTORTS.

241 1344 271 1412 a)
295 1346 421 1400 Occurrit
443 1347 507 1400 huic
521 1349 651 1418 scrupulo
667 1350 836 1420 Cuperuicus
851 1350 911 1420 ipse
933 1349 961 1402 in
984 1347 1159 1418 praefatione
1183 1348 1218 1400 ad
1232 1347 1350 1401 Paulum
1365 1344 1530 1399 [luponem

161 1426 290 1491 Maxim,
315 1429 363 1480 sed
386 1428 471 1498 paulo
494 1427 686 1498 rigidiuscule:
702 1429 781 1499 cujus
806 1430 939 1483 orationis
962 1445 1067 1498 poenas
1090 1427 1142 1481 luit
1161 1427 1291 1497 denique,
1316 1426 1380 1496 plus
1395 1441 1477 1497 quam
1493 1425 1530 1478 70

161 1507 241 1561 annis
256 1509 292 1561 ab
307 1506 427 1561 editione
442 1507 504 1561 libri
520 1525 591 1579 aque
605 1517 693 1563 morte
708 1527 760 1563 sna
780 1511 899 1580 elapsis:
928 1525 1095 1579 „suspensus
1110 1507 1181 1561 euim
1196 1506 1268 1570 est,“
1296 1504 1387 1577 inquit
1400 1519 1530 1567 censura,

165 1589 267 1652 ,donec
281 1588 463 1658 corrigatur,“
487 1587 583 1658 opinor
597 1597 690 1644 autern
704 1590 789 1644 etiam
803 1592 856 1644 hoc
870 1589 1053 1660 subintelligi,
1073 1590 1180 1642 donec
1202 1587 1319 1656 explic
1328 1593 1419 1639 etur.
1457 1585 1530 1648 Quo·

161 1669 240 1722 modo
254 1669 326 1722 enim
340 1686 394 1723 non
409 1668 446 1722 sit
459 1669 614 1739 scripturae
632 1672 796 1733 contrarius,
818 1671 920 1741 quippe
931 1669 958 1722 in
972 1668 1115 1739 proposito
1129 1666 1292 1738 longissime
1306 1666 1423 1729 diverso,
1447 1680 1530 1719 cona·

162 1754 207 1802 tus
222 1764 282 1802 sum
297 1750 444 1802 ostendere
459 1749 613 1804 rationibus
636 1757 666 1804 et
684 1752 820 1822 exemplis
844 1752 872 1805 in
887 1748 1088 1804 introductione
1103 1748 1131 1801 in
1146 1746 1349 1801 Commentario
1362 1747 1396 1799 de
1409 1745 1530 1799 motibus

162 1828 271 1883 Martis.
313 1828 403 1899 ipsius
427 1830 512 1885 etiam
526 1831 670 1900 Copernici
693 1834 780 1886 rerba
811 1830 951 1901 explicavi
973 1828 1115 1882 dilucidius
1140 1827 1168 1880 in
1189 1828 1243 1880 dne
1267 1825 1330 1880 libri
1344 1827 1366 1887 Ι.
1387 1825 1531 1895 Epitornes

161 1910 369 1964 Astronomiae:
394 1909 491 1979 quibus
514 1910 580 1964 locis
595 1928 676 1980 spero
691 1912 829 1984 religiosis
856 1910 1032 1964 satisfactum
1053 1908 1098 1962 iri:
1129 1909 1271 1961 dummodo
1295 1913 1325 1959 et
1338 1901 1488 1977 'ingenium
1502 1911 1532 1959 et

162 1989 347 2059 cognitionem
362 1990 547 2044 astronomiae
571 1992 657 2045 talem
670 1995 705 2045 ad
720 1994 772 2046 hoe
790 1991 922 2060 judicium
938 1992 1065 2052 afferant,
1092 1995 1125 2042 ut
1137 1988 1230 2059 gloria
1253 1986 1405 2040 divinorum
1419 1998 1534 2055 operum

162 2069 312 2122 visibilium
326 2070 447 2138 ipsorum
470 2071 623 2139 patrocinio
645 2079 707 2125 tuto
722 2073 794 2126 credi
816 2071 914 2141 possit.
960 2072 1012 2123 Eat
1027 2086 1094 2123 sane
1109 2068 1204 2138 aliqua
1226 2067 1326 2139 lingua
1338 2066 1401 2129 Dei,
1426 2067 1476 2119 sed
1490 2069 1547 2119 est*

164 2149 249 2201 etiam
265 2149 365 2218 aliquis
380 2148 484 2219 digitus
499 2149 561 2202 Dei.
603 2151 642 2204 Et
656 2151 716 2221 quis
731 2159 818 2222 neget
831 2151 956 2222 linguam
970 2150 1023 2204 Dei
1038 2166 1100 2203 esse
1115 2154 1331 2217 attemperatum
1345 2153 1376 2199 et
1389 2145 1532 2216 proposito

164 2245 214 2282 suo
230 2236 259 2281 et
274 2230 309 2282 ob
324 2229 350 2281 id
365 2229 480 2299 linguae
494 2229 624 2299 populari
649 2231 807 2285 hominurn?
848 2232 879 2283 In
898 2231 981 2283 rebus
996 2229 1083 2300 igitur
1102 2226 1313 2282 evidentissimis
1334 2233 1465 2295 torquere
1479 2224 1531 2279 Dei

165 2308 298 2378 linguam,
325 2308 421 2361 utilla
436 2308 552 2380 digitum
568 2309 621 2362 Dei
636 2310 663 2363 in
678 2317 780 2365 natura
793 2312 907 2374 refutet,
933 2310 959 2363 id
974 2308 1198 2380 religiosissimus
1214 2307 1328 2378 quisque
1351 2305 1471 2360 maxime
1487 2321 1532 2360 ca·

165 2388 251 2441 sebit.
287 2388 390 2459 Legat,
407 2389 451 2442 oui
467 2406 550 2442 curae
566 2395 631 2443 suut
645 2391 742 2445 lendes
759 2390 898 2446 Creatoris
913 2397 943 2443 et
957 2389 1066 2443 Domini
1081 2389 1176 2451 nostri,
1193 2389 1282 2458 legat,
1297 2386 1417 2456 inquam,
1433 2385 1533 2440 librum

164 2485 253 2523 meum
268 2468 391 2538 quintum
406 2469 648 2523 Harmonicornm:
672 2478 702 2524 et
722 2479 857 2542 percepta
876 2477 997 2524 motuum
1015 2469 1116 2539 politia
1136 2467 1351 2538 exquisitissime
1373 2465 1533 2520 harmonica

165 2548 303 2602 deliberet
317 2565 417 2612 secum,
438 2549 520 2603 satin·
531 2549 637 2617 justae,
663 2552 746 2605 satin·
761 2559 951 2622 praegnantes
966 2565 1067 2603 causae
1083 2548 1185 2602 iherint
1199 2547 1345 2618 quaesitae
1360 2545 1532 2600 conciliatio·

164 2628 206 2682 nis
230 2626 302 2681 inter
325 2627 448 2699 linguam
472 2636 502 2682 et
516 2629 631 2700 digitum
646 2631 712 2694 Dei;
737 2649 809 2685 anne
830 2631 970 2701 expediat,
995 2646 1031 2683 ea
1053 2629 1246 2682 conciliatione
1267 2627 1416 2697 repudiata
1430 2626 1532 2679 sarnam

163 2709 236 2762 harro
261 2724 373 2777 operum
393 2708 544 2762 divinorum
567 2711 786 2779 pulchritudinis⁴
804 2711 952 2765 immensae
977 2710 1098 2763 censuris
1118 2707 1291 2778 opprimere;
1313 2723 1386 2776 quas
1410 2706 1487 2760 famo
1499 2711 1531 2759 ut

167 2787 291 2842 adradis
305 2789 409 2857 populi,
425 2789 490 2858 quin
508 2789 562 2843 imo
576 2793 657 2844 utad
671 2792 749 2863 vulgi
764 2791 937 2846 literatorum
956 2790 1084 2844 notitiam
1097 2789 1142 2842 rel
1156 2788 1246 2842 levem
1268 2786 1423 2857 perveniat,
1444 2785 1530 2840 nullis

167 2883 288 2937 unquam
303 2866 424 2937 imperiis
439 2869 510 2922 effici
524 2870 622 2938 possit.
664 2872 767 2925 Renuit
789 2871 898 2925 inscitia
920 2870 1058 2940 respicere
1073 2870 1100 2922 in
1121 2868 1325 2930 auctoritatem,
1349 2868 1385 2921 ad
1408 2882 1533 2937 pugnam

166 2948 244 3001 ultra
256 2949 393 3017 provolat,
416 2949 489 3002 freta
503 2950 676 3004 multitudine
700 2960 730 3005 et
751 2959 829 3005 scuto
851 2949 1055 3004 consuetudinis
1077 2949 1141 3002 telis
1163 2947 1290 3002 veritatis
1314 2945 1531 3016 impenetrabili.

246 3028 328 3080 Acies
343 3045 408 3083 vero
423 3030 556 3084 dolabrae
572 3030 599 3083 in
614 3031 715 3085 ferrum
729 3032 804 3085 illisa
827 3038 926 3100 postea
940 3048 990 3084 nec
1005 3030 1032 3082 in
1046 3030 1153 3099 lignum
1167 3029 1246 3082 valet
1260 3027 1388 3097 amplius.
1431 3025 1535 3095 Capiat

58 3172 64 3178 ,
167 3108 220 3161 hoc
243 3108 321 3177 cujus
345 3109 471 3163 interest.
491 3101 526 3175 ³¹)

245 3182 278 3255 b)
301 3190 425 3242 Eandem
447 3189 607 3243 instantiam
628 3191 655 3244 in
680 3190 843 3261 particulari
866 3190 951 3243 etiam
970 3188 1120 3258 hypothesi
1145 3185 1360 3241 eccentricitatis
1375 3183 1492 3238 discussi
1505 3183 1534 3238 in

167 3267 374 3322 commentariis
389 3269 488 3323 Martis
502 3286 563 3338 cap.
580 3270 626 3324 21.
650 3271 820 3340 ostendique,
846 3286 901 3340 qua
915 3272 948 3323 de
963 3284 1049 3321 causa
1066 3276 1096 3323 et
1110 3275 1246 3338 quatenus
1271 3266 1344 3321 falsa
1365 3264 1534 3336 hypothesis

167 3347 303 3403 interdum
324 3366 418 3402 verum
439 3351 549 3419 prodat.

247 3423 276 3494 cl
296 3428 422 3482 Nondum
446 3429 575 3492 sciebam,
601 3431 671 3500 quod
693 3436 793 3499 postea
816 3428 843 3481 in
858 3427 1007 3483 Comment.
1023 3428 1123 3482 Martis
1138 3423 1339 3481 demonstravi:
1365 3424 1535 3478 anomaliam

165 3508 240 3563 orbis
263 3509 357 3579 magni
381 3526 430 3562 seu
455 3509 690 3571 commutationis,
716 3525 788 3579 quac
809 3508 1065 3578 retrogradationes
1087 3515 1235 3569 causatur,
1259 3504 1370 3560 restitui
1393 3504 1534 3575 adipsum

165 3604 260 3642 rerum
275 3589 347 3642 Solis
362 3596 465 3644 motum
479 3596 509 3642 et
523 3589 618 3642 locum.
656 3590 686 3642 ld
700 3607 766 3643 vero
780 3589 808 3644 in
822 3588 911 3642 veteri
926 3582 1111 3643 astronomiae
1131 3589 1220 3642 forma
1234 3586 1320 3639 multo
1336 3585 1426 3638 adhuc
1440 3584 1533 3656 magia

168 3669 261 3724 mirari
285 3676 431 3740 coguntur,
457 3669 502 3738 qui
525 3685 586 3722 earn
609 3668 739 3723 retinent.
781 3672 913 3738 Adeoque
937 3686 974 3722 ex
993 3670 1047 3722 hoc
1067 3669 1127 3738 ipso
1144 3665 1361 3721 demonstrativa
1378 3673 1534 3719 nascuntur

167 3756 341 3821 argumenta,
365 3749 622 3820 retrogradationes
637 3766 690 3802 non
707 3749 770 3803 oriri
787 3751 823 3803 ab
839 3749 931 3818 aliquo
945 3758 1020 3802 motu
1035 3749 1106 3802 reali
1120 3749 1164 3800 vel
1179 3749 1362 3816 planetarum,
1384 3745 1428 3798 rel
1444 3744 1533 3799 totius

168 3829 329 3901 systematis
353 3830 498 3892 coelestis,
531 3831 577 3881 sed
602 3846 638 3882 ex
660 3837 735 3883 motu
758 3830 877 3883 Telluris
900 3828 998 3882 unicae
1023 3845 1074 3898 per
1097 3826 1324 3899 imaginationem
1347 3824 1375 3878 iu
1398 3825 1532 3894 planetas

167 3925 259 3963 omnes
274 3909 429 3963 transferri.
471 3910 557 3962 Porro
573 3909 714 3962 sententia
729 3926 860 3980 sequens:
889 3909 1011 3971 „Quibus
1027 3908 1145 3962 omnib.“
1163 3915 1215 3975 etc.
1241 3905 1394 3959 oscitanter
1407 3913 1453 3958 est
1467 3922 1531 3958 con·

167 3995 263 4059 cepta:
299 3989 352 4042 hoo
373 3989 444 4044 enirn
467 3989 557 4043 dicere
581 3990 722 4043 volebam:
755 4007 814 4043 cum
838 3990 865 4042 in
890 3989 1040 4059 Copernico
1071 3995 1210 4059 appareat
1232 3987 1297 4040 ordo
1320 3983 1531 4055 pulcherrimus,

168 4068 258 4140 qualis
282 4075 327 4123 est
348 4069 421 4124 inter
444 4086 555 4124 causam
580 4077 610 4123 et
633 4086 698 4123 suos
722 4071 846 4134 effectus,
870 4085 983 4125 necesse
1003 4086 1073 4133 esse,
1099 4076 1130 4122 ut
1148 4068 1220 4123 haec
1234 4066 1297 4137 ipso
1310 4064 1430 4118 sitvera
1443 4080 1533 4119 cansa

164 4149 447 4219 retrogradatiouum‚
464 4166 545 4221 quam
556 4149 723 4220 Copornicus
738 4149 812 4213 dicit,
828 4157 861 4204 ut
874 4167 912 4203 sc.
926 4149 1092 4219 hypothesis
1106 4148 1163 4202 ista
1176 4165 1232 4201 non
1246 4146 1283 4200 sit
1295 4144 1396 4200 fictitia
1410 4151 1530 4200 tantum.

247 4227 278 4293 d)
303 4228 383 4292 Quia,
407 4236 440 4282 ut
457 4230 519 4299 jam
533 4230 665 4300 sequitur,
690 4237 796 4284 non-ut
818 4248 854 4283 ex
878 4228 992 4299 speciali
1016 4245 1111 4283 eanum
1133 4225 1359 4289 conformatione,
1383 4226 1432 4279 sed
1446 4231 1481 4280 ut
1493 4242 1533 4280 ex

166 4308 303 4380 generali,
330 4324 402 4378 quae
425 4316 471 4363 est
484 4309 635 4380 Copernioo
659 4327 720 4364 oum
734 4311 844 4365 Broheo
865 4308 1023 4373 communis,
1047 4310 1216 4380 quorundam
1234 4304 1474 4368 causaredditur;
1501 4311 1534 4359 at

166 4389 360 4443 nonnullorum
383 4395 477 4443 tamen
500 4406 585 4444 causa
607 4407 644 4444 ex
667 4390 710 4454 iis,
735 4398 767 4445 ut
788 4409 826 4445 ex
847 4389 963 4460 speciali
987 4388 1131 4460 Copernioi
1153 4388 1291 4448 redditum
1315 4385 1391 4449 item,
1416 4384 1485 4456 quia
1507 4384 1531 4439 si

100 4522 109 4538 ,
164 4468 428 4540 particularissimas
442 4470 639 4540 hypothesium
649 4470 792 4541 Copernici
807 4470 976 4524 conditiones
987 4470 1222 4539 dimensionesque
1238 4465 1428 4537 respiciamus,
1444 4480 1533 4520 causa

167 4549 345 4604 minutiarum
359 4551 553 4605 nonnullarum
567 4551 594 4604 in
609 4551 849 4605 observationibus
870 4550 946 4606 reddi
965 4569 1020 4604 non
1043 4549 1148 4621 potuit,
1172 4566 1262 4620 eaque
1276 4549 1310 4601 de
1325 4562 1412 4601 causa
1426 4545 1530 4616 coper-

165 4630 283 4686 nicanae
305 4630 479 4701 hypotheses
504 4631 577 4684 circa
599 4630 783 4701 particularia
807 4639 863 4686 tarn
888 4633 976 4702 quoad
997 4631 1119 4693 formam,
1145 4646 1227 4701 quam
1242 4625 1531 4699 quoaddimensiones

165 4725 184 4762 a
206 4728 248 4764 rne
272 4710 373 4783 corrigi
398 4713 434 4765 ad
453 4711 654 4782 praescriptum
678 4712 901 4766 observationum
925 4712 1088 4765 debuerunt.
1130 4709 1192 4765 Etsi
1213 4725 1285 4779 qnae
1309 4705 1337 4759 in
1360 4705 1451 4761 forma
1473 4704 1530 4759 dixi

165 4793 338 4847 emendanda
358 4791 453 4858 fuisse,
478 4791 532 4864 illa
552 4791 625 4856 talia
638 4797 711 4859 sunt,
734 4797 767 4847 ut
780 4794 815 4846 ad
829 4791 1027 4865 perfectionem
1050 4790 1144 4866 potius
1164 4786 1362 4867 hypothesium
1375 4784 1530 4862 Ceperaioi,
