3366 5482
161 273 224 342 494
615 269 643 320 ln
662 269 807 333 Mystsriunr
826 267 1059 332 cosmographlcum

229 431 378 482 Maecilium
397 444 427 480 ex
445 429 505 478 libro
523 428 657 476 memoriae
678 427 811 475 amicorum
830 431 929 475 sacrato
947 425 993 476 hoc
1011 427 1161 489 descriptum
1180 427 1350 476 soummvit:

238 520 401 592 Mysterium
417 516 688 588 Cosmographicum,
703 515 843 569 inventum
858 516 901 568 die
919 517 963 569 10.
979 515 1108 570 20.Ju1ii
1127 516 1210 570 1595.

238 600 366 669 Quisquis
387 616 417 651 es
438 594 622 669 ἅστροφιλος,
645 596 690 664 qui
708 595 784 648 rides
804 603 833 646 et
852 594 1002 665 intelligis;
1028 614 1078 648 nec
1098 592 1295 669 ἀναριθμητως
1318 595 1448 665 rejicias,
1471 612 1519 651 uec

157 679 370 753 ἀγεωμετρητως
383 694 524 731 numeres:
547 683 577 728 et
590 676 753 743 stupendam
768 675 899 728 creatoris
915 675 1051 728 attonitus
1066 691 1199 728 venerare
1213 675 1389 742 sapientiam

452 774 521 834 Quid
537 772 671 825 mundus?
693 787 764 840 quae
779 772 938 863 causa'Deo
954 812 960 826 .
977 813 984 825 .
1000 810 1007 824 .
1025 813 1031 826 .

452 931 554 999 Aspice
569 938 722 983 tentantem
736 947 787 997 per
795 852 1032 1000 Ι(0144441444ιέ,ιιοοιιιι
1047 931 1162 1000 figuras.

452 1010 588 1079 Frugibus
603 1010 730 1071 inventis,
747 1009 844 1078 quibus
860 1015 903 1062 est
916 1010 944 1061 in
958 1010 1062 1078 glande
1076 1010 1222 1078 voluptas:

454 1091 520 1142 Cum
534 1106 625 1161 grege
639 1105 783 1157 porcorum
797 1089 912 1157 capiant
926 1106 962 1142 ex
978 1089 1061 1140 lintre
1076 1089 1193 1144 subulci.

377 1206 423 1258 Ps.
443 1204 486 1257 19.
529 1204 582 1257 Tot
596 1204 658 1256 luce
672 1204 841 1255 flammarum
855 1219 996 1255 coruscum

583 1286 671 1336 Cerne
686 1282 771 1334 oculis
787 1283 931 1351 animoque
946 1282 1061 1334 coelum.

532 1363 603 1416 Hinc
618 1364 703 1422 disce,
719 1363 839 1429 prudens
854 1378 935 1431 quam
950 1361 1004 1413 fuit
1017 1361 1130 1413 artifex.

239 1461 360 1515 Haecin
374 1460 426 1514 mei
441 1459 598 1513 memoriam
618 1458 714 1526 scripsi
740 1459 948 1528 elegantissimo
969 1467 998 1511 et
1016 1457 1172 1511 doctissimo
1186 1457 1286 1510 Juveni
1308 1465 1339 1511 et
1356 1456 1447 1512 amieo
1464 1472 1519 1513 nat

160 1542 271 1595 Urbano
285 1540 410 1595 Lubecia
422 1540 584 1601 Pomerano,
606 1540 644 1591 hl.
663 1538 785 1590 Joannes
805 1538 945 1607 Keplerus
965 1538 1088 1599 suevum
1110 1537 1154 1591 lll.
1170 1537 1283 1608 Styriae
1302 1553 1450 1606 procerum
1467 1552 1519 1593 υ

160 1620 333 1676 thematicus.
371 1619 478 1674 Graetii
493 1619 536 1671 die
554 1619 598 1671 15.
615 1618 675 1671 Oct.
695 1617 780 1670 1595.

230 1783 278 1846 27)
297 1801 321 1848 p.
342 1782 383 1832 97.
423 1785 495 1834 Liber
513 1785 579 1833 Baro
599 1781 772 1848 sigismundus
791 1783 822 1830 ab
841 1780 1002 1829 Herberstein
1022 1778 1115 1844 (neque
1133 1796 1191 1830 vero
1209 1781 1368 1838 Hebersteiu,
1386 1787 1417 1830 ut
1435 1794 1519 1832 namu

159 1859 304 1920 impressum
323 1864 361 1904 est
378 1871 402 1919 p.
423 1853 470 1915 48)
495 1856 560 1904 tilius
579 1856 654 1903 fuisse
674 1854 771 1901 videtur
790 1851 941 1916 sigismundi
960 1851 1024 1900 illius
1044 1849 1072 1912 (†
1093 1848 1174 1911 4560)
1193 1867 1266 1916 quem
1284 1851 1400 1902 laudibus
1419 1851 1519 1902 efferunt

159 1927 279 1976 Freherns
298 1932 324 1975 et
342 1925 453 1975 Adamas
471 1928 496 1974 in
518 1927 589 1983 „ritis
608 1924 785 1974 emditornm“.
824 1922 922 1971 Donum
942 1921 1007 1984 quod
1026 1929 1160 1985 acceperat
1177 1922 1302 1986 Keplerus
1321 1923 1354 1972 ab
1372 1922 1431 1980 illo,
1450 1935 1519 1987 pora«

160 1998 211 2046 lum
230 2003 384 2062 argenteum,
405 1997 543 2044 transmisit
562 1995 694 2043 Maestliuo
714 1992 775 2053 (rid.
793 2008 817 2056 p.
838 1990 894 2051 48).
933 1992 1159 2055 Zehentmayerus,
1179 1995 1327 2042 secretarius
1345 1992 1519 2052 Herberstelni

158 2069 302 2131 saepissime
322 2066 457 2128 Keplerum
482 2081 526 2128 per
551 2066 635 2113 literas
662 2063 737 2117 adiit.
767 2078 797 2110 ex
823 2071 894 2124 parte
918 2066 989 2125 jussu
1017 2064 1152 2121 „Generosi
1176 2063 1228 2112 sui“
1256 2059 1349 2127 (comp.
1366 2063 1519 2114 Hauschiuu

158 2155 182 2200 p.
209 2134 376 2196 tat-tlt),
403 2136 492 2199 illoque
518 2143 582 2184 teste
606 2134 795 2182 Herberstenius
820 2134 960 2182 intercessit
985 2149 1027 2196 pro
1052 2133 1159 2197 Keplero
1184 2134 1255 2183 exule
1274 2132 1373 2196 Styriae
1397 2132 1435 2196 (a.
1457 2128 1519 2183 4584

159 2214 184 2257 et
201 2203 290 2267 4600),
311 2222 354 2269 pro
372 2207 481 2269 praemio
501 2212 600 2268 propter
619 2205 799 2252 dedicationem
812 2203 945 2261 Prodromi,
966 2210 992 2253 et
1011 2206 1109 2267 saepius
1128 2204 1232 2268 posthac
1250 2219 1356 2255 munera
1373 2205 1442 2254 misit
1457 2203 1519 2256 haut'

161 2276 320 2341 aspernanda
337 2291 380 2339 pro
399 2277 571 2325 nativitatibus
591 2290 607 2324 a
625 2275 734 2337 Keplero
753 2276 915 2323 concinnatis.

232 2417 279 2480 28)
298 2434 323 2481 p.
348 2415 404 2465 100.
443 2418 512 2478 Quas
531 2418 592 2467 dicit
611 2417 733 2480 Keplems
751 2418 836 2467 literas
856 2417 962 2467 Galilaei
981 2425 1006 2467 et
1028 2418 1152 2480 Tychonis
1171 2416 1215 2479 (de
1230 2413 1375 2478 Prodromo)
1394 2417 1429 2466 ad
1446 2417 1519 2480 ipsus

159 2493 240 2546 datas,
261 2489 412 2539 exhibuimus
431 2490 456 2537 in
474 2491 598 2551 prooemio
618 2505 641 2551 p.
662 2486 696 2535 40
715 2495 741 2537 et
759 2485 806 2545 ⁴3,
831 2488 901 2537 Ursi
918 2489 1004 2538 literae
1023 2489 1139 2553 leguntur
1155 2492 1181 2538 iu
1197 2489 1280 2538 libello
1301 2496 1405 2545 „centn
1417 2486 1519 2538 Ursun'

159 2562 317 2612 Prodromum
335 2562 443 2622 proxime
461 2566 590 2623 sequente,
610 2559 660 2614 ubi,
680 2566 709 2608 ut
721 2559 833 2615 diximus,
854 2574 961 2623 eaquae
974 2562 1099 2621 pertinent
1112 2560 1144 2609 ad
1163 2561 1355 2609 controversiam
1372 2560 1440 2608 inter
1457 2558 1519 2608 illu

159 2640 185 2683 et
203 2631 346 2693 Tychonem
365 2629 548 2693 Keplerumque
567 2635 657 2691 ortam,
675 2632 773 2692 propius
793 2631 955 2694 attinguntur.
1303 2650 1309 2657 ·

232 2702 351 2765 Georgius
370 2699 554 2760 Limnaeus,
574 2700 689 2750 matham.
704 2701 766 2763 prof.
782 2700 907 2755 Jenensis,
925 2701 989 2750 haec
1001 2700 1110 2764 Keplero
1129 2701 1240 2763 scripsit:
1270 2699 1405 2764 Nunquam
1417 2698 1471 2748 Vir.
1485 2696 1519 2749 Gi.

162 2788 179 2822 a
195 2772 363 2821 vetustissima
381 2771 426 2820 illa
444 2771 625 2820 Platonicorum
644 2770 798 2833 philosophia
817 2771 879 2820 adeo
898 2772 933 2820 fui
952 2771 1062 2828 alienus,
1082 2778 1110 2819 ut
1129 2785 1185 2820 eam
1204 2786 1259 2820 cum
1278 2772 1381 2820 minutis
1400 2768 1519 2821 nonnulii

162 2845 239 2893 nostri
257 2843 375 2905 temporis
392 2841 542 2906 philosophis
562 2856 621 2906 agro
641 2850 667 2891 et
684 2842 773 2891 tinibus
791 2840 863 2905 Reip.
883 2842 1009 2891 literariae
1028 2842 1198 2907 expellendam
1218 2856 1273 2890 esse
1300 2842 1454 2891 censuerim:
1481 2838 1519 2891 ssi

158 2917 277 2977 majorem
295 2927 392 2976 semper
409 2913 444 2961 illi
463 2915 543 2962 inesse
562 2914 711 2975 sapientiam
729 2926 834 2976 eamque
852 2913 1056 2970 eruditissimam,
1075 2916 1172 2974 maiora
1189 2913 1315 2975 mysteria,
1334 2926 1399 2976 quae
1418 2912 1453 2962 sd
1469 2912 1519 2977 ipat

160 2994 265 3035 naturae
283 2983 423 3046 penetralia
441 2985 558 3041 facillime
577 2984 703 3032 discentes
722 2983 845 3032 deducere
869 2991 984 3046 possent,
1011 2986 1031 3031 si
1055 2984 1130 3032 duces
1150 2991 1175 3031 et
1193 2983 1305 3047 magistri
1331 2988 1417 3032 essem
1434 2984 1461 3032 in
1478 2980 1519 3033 bs

159 3056 296 3106 studiorum
315 3069 406 3118 genere
423 3057 544 3104 innutriti.
574 3054 641 3103 Dum
654 3070 710 3103 vero
728 3054 773 3103 hoc
787 3056 908 3117 exoptavi,
929 3056 1043 3116 exoptavi
1056 3062 1139 3104 autern
1153 3056 1305 3116 saepissime,
1325 3067 1385 3103 ecce
1397 3052 1519 3103 nundinat

161 3126 385 3176 francofordenses
403 3127 473 3175 nobis
493 3127 682 3174 transmiserunt
699 3124 858 3173 Prodromum
881 3132 951 3174 tuum
971 3125 1220 3190 Cosmographicum,
1245 3125 1334 3174 libmm
1358 3124 1519 3174 retusffl

162 3204 188 3247 et
205 3211 265 3246 vera
282 3197 406 3259 sapientia
424 3197 548 3246 refertum.
588 3196 733 3244 Gratulatus
752 3197 827 3259 igitur
846 3210 899 3243 sum
917 3196 990 3252 mihi,
1016 3196 1066 3244 tale
1086 3196 1144 3260 quid
1162 3210 1259 3258 semper
1278 3195 1309 3244 ab
1328 3195 1465 3245 artificibus
1482 3207 1519 3244 ex·

159 3267 281 3332 pectanti,
301 3266 440 3330 gratulatus
452 3282 505 3315 sum
519 3267 633 3316 studiosis
646 3266 684 3314 rel
696 3268 802 3314 maxime
815 3267 990 3323 astronomiae,
1010 3280 1098 3315 noram
1114 3269 1167 3328 jam
1186 3266 1219 3315 sd
1236 3267 1343 3314 siderum
1357 3267 1519 3330 coguiu'oueu

158 3339 224 3387 dam
243 3339 301 3401 ipsis
322 3351 375 3385 esse
394 3339 556 3399 patefactam.
576 3337 716 3401 gratulatus
734 3338 783 3384 imo
802 3351 855 3384 sum
874 3339 922 3386 toti
938 3337 1010 3400 Reip.
1030 3337 1164 3396 literariae,
1183 3336 1286 3386 tandem
1302 3336 1435 3400 aliquando
1453 3341 1519 3386 vetu-

160 3411 293 3457 stissimam
311 3407 497 3470 philosophandi
516 3409 637 3456 rationem
656 3409 726 3470 quasi
744 3412 917 3456 resuscitatam
930 3423 984 3457 esse
1003 3406 1048 3457 ac.
1078 3408 1132 3457 Tibi
1152 3407 1183 3456 de
1202 3409 1302 3471 optimis
1320 3407 1453 3457 conatibus
1467 3408 1519 3471 lura

67 3540 72 3549 ι
159 3480 315 3543 gratulamur
327 3485 352 3526 et
363 3492 500 3541 precamur.
520 3486 549 3526 ut
561 3478 765 3542 quemadmodum
779 3492 876 3526 cursum
889 3480 1017 3527 instituisti
1031 3479 1143 3535 feliciter,
1163 3480 1201 3527 ita
1214 3478 1310 3528 felicius
1329 3479 1356 3526 in
1375 3491 1405 3527 eo
1424 3490 1519 3544 pergat

160 3550 301 3600 felicissime
321 3550 427 3598 eundem
447 3549 572 3598 conficias.

230 3620 338 3674 Tantum
357 3619 389 3668 de
407 3626 450 3668 tuo
467 3621 570 3683 scripto,
597 3622 667 3681 cujus
689 3620 748 3683 quia
764 3620 823 3668 mibi
842 3619 994 3682 exemplaria
1011 3621 1111 3676 misisti,
1138 3620 1232 3684 gratias
1259 3633 1322 3685 ago,
1348 3624 1375 3669 et
1400 3618 1433 3670 de
1451 3624 1519 3685 pm

162 3684 233 3741 meae
253 3690 375 3746 Uraniae,
394 3692 416 3738 si
435 3705 484 3739 non
502 3703 548 3753 par
565 3706 670 3747 munus,
690 3690 789 3753 aliquod
807 3697 892 3739 tamen
910 3693 1059 3753 repromitto.

203 3813 207 3818 ,
230 3760 269 3811 De
288 3759 385 3809 Braheo
405 3760 478 3810 Dauo
497 3768 628 3823 praeterea
645 3762 750 3825 quaeris.
783 3761 808 3808 ls
827 3768 865 3809 est
884 3760 967 3822 Tycha
986 3761 1078 3818 Brahe,
1098 3775 1128 3810 ex
1146 3762 1299 3811 nobilissima
1308 3760 1409 3812 Dauiae
1429 3761 1519 3813 renuti

159 3832 287 3888 oriundus,
313 3833 354 3895 qui
378 3839 408 3880 ut
431 3833 513 3880 lerunt
530 3830 607 3895 Regis
630 3832 749 3881 beneficio
768 3833 874 3880 obtinuit
891 3832 997 3880 insulam
1016 3832 1119 3882 celebris
1142 3833 1250 3896 porthmi
1268 3831 1362 3882 Dauici
1380 3833 1519 3890 Euenusn,

159 3918 232 3967 quam
252 3903 294 3951 alii
312 3903 480 3952 Scarlatiuam
498 3911 596 3959 vocant,
615 3904 641 3951 in
659 3917 710 3965 qua
728 3916 811 3951 arcem
829 3911 856 3951 et
874 3904 1066 3951 observatorium
1086 3906 1222 3953 construxit
1234 3903 1427 3969 Urauiburgum.
1455 3903 1519 3955 Dex-

159 3975 257 4022 terrime
276 3988 333 4022 eum
351 3974 534 4023 observationes
552 3980 675 4022 tractasse
693 3973 719 4021 id
738 3973 845 4022 artifices
863 3988 912 4021 uno
931 3988 972 4021 ore
992 3989 1076 4023 omnes
1088 3975 1208 4031 fatentur,
1227 3976 1334 4023 maxims
1352 3974 1397 4031 illi,
1416 3976 1460 4040 qul
1477 3975 1519 4025 all·

160 4044 277 4106 quamdiu
296 4059 351 4093 cum
371 4059 400 4092 eo
418 4052 476 4093 sunt
494 4045 593 4099 versati,
612 4046 678 4093 inter
696 4058 757 4107 quos
776 4045 888 4092 amicitia
905 4044 964 4092 mihi
983 4052 1041 4093 sunt
1057 4048 1138 4106 juncti
1156 4045 1188 4095 N.
1204 4045 1235 4094 a.
1257 4044 1335 4095 Ursus
1355 4051 1382 4094 et
1400 4047 1519 4097 Adrianus

160 4114 251 4163 Metius
270 4115 449 4163 hiemarianus.
477 4115 507 4163 ln
525 4115 606 4163 lucem
625 4115 703 4163 edidit
720 4115 903 4163 observationes
921 4116 1009 4164 stellae
1028 4115 1184 4180 prodigiosae
1200 4118 1259 4166 anui
1274 4114 1344 4164 lert
1364 4123 1390 4165 et
1403 4115 1519 4168 Cometa!

160 4185 220 4232 anni
240 4182 315 4233 1577.
352 4185 429 4233 Extat
446 4187 522 4234 etiam
542 4186 716 4248 Germanicum
734 4187 852 4247 scriptum
871 4185 901 4233 de
925 4187 1002 4249 signis
1021 4187 1119 4237 futurae
1138 4189 1283 4238 mutationis
1304 4189 1369 4236 atris
1386 4189 1475 4250 petitis
1491 4187 1519 4238 sl

160 4254 307 4304 animalibus
325 4255 427 4318 aliisque
439 4257 511 4305 rebus
523 4256 643 4305 inferioris
655 4263 768 4317 naturae,
786 4258 930 4319 impressum
944 4256 1099 4322 Uraniburg',
1118 4259 1182 4308 alius
1201 4259 1309 4308 auctoris
1327 4260 1440 4317 nomine,
1458 4257 1519 4324 qast

161 4332 247 4374 tamen
266 4324 390 4388 Tychonis
409 4340 464 4375 esse
482 4327 565 4375 multis
584 4327 643 4375 mihi
662 4326 807 4389 persuadeo.

231 4396 303 4445 Haec
321 4397 364 4445 tibi
384 4396 415 4444 V.
436 4395 472 4444 Cl.
492 4399 556 4446 volui
574 4398 739 4461 perscribere,
766 4404 792 4446 et
809 4404 838 4446 ut
856 4399 1022 4460 expectationi
1041 4405 1101 4448 tuae
1119 4400 1291 4454 satisfaciam,
1318 4406 1345 4449 et
1362 4413 1395 4449 ne
1415 4399 1519 4451 oblatu

161 4468 317 4517 occulensm
336 4468 495 4532 negligerem.
533 4468 597 4518 Nam
617 4484 672 4517 cum
691 4468 791 4531 aliquod
809 4469 1000 4517 observatorium
1025 4469 1084 4517 mihi
1109 4472 1316 4534 comparaverim,
1344 4471 1465 4521 constitui
1482 4484 1519 4534 pst

160 4539 244 4588 literas
263 4553 319 4588 cum
338 4539 471 4589 artificibus
494 4540 617 4588 nonnullis
643 4540 779 4589 amicitiam
803 4540 965 4596 contrahere;
992 4555 1094 4602 quorum
1117 4557 1131 4590 e
1154 4556 1256 4591 numero
1282 4534 1339 4592 cam
1363 4548 1390 4591 te
1415 4556 1471 4592 esse
1494 4555 1519 4591 er

160 4610 291 4660 Prodromo
309 4617 352 4659 tuo
371 4613 542 4676 cognoverim,
560 4610 628 4660 haud
645 4617 748 4675 gravate
766 4624 836 4659 meas
854 4610 1064 4673 interpellationes
1082 4611 1161 4667 feres,
1187 4626 1244 4663 auru
1262 4613 1325 4663 dats
1342 4614 1477 4664 omsuoss
1494 4611 1519 4663 a

160 4681 247 4731 studiis
265 4684 434 4733 communibus
452 4682 575 4732 interdurn
593 4682 686 4746 aliquid
702 4681 822 4744 scripsero
841 4679 887 4731 dc.
925 4681 996 4730 Vale.
1029 4683 1161 4735 Dabuntur
1177 4681 1259 4735 Jonas
1278 4680 1323 4732 24.
1334 4685 1395 4748 apr.
1412 4679 1490 4735 4588.
