3366 5482
749 1199 870 1297 Caput
896 1198 925 1270 Ι.

301 1377 424 1454 &brie
444 1373 622 1437 ναᾶωιίῠω
646 1373 814 1455 Oopmte’ct'
835 1374 1020 1455 lqpotbeeea
1033 1373 1119 1454 finnt
1141 1381 1374 1436 montaneae.

500 1479 545 1542 Et
567 1477 737 1562 explicatio
761 1478 977 1560 hypothesium
1002 1476 1177 1558 depes-reici.

246 1637 316 1699 Etsi
338 1637 419 1716 pinni
442 1645 500 1709 est,
524 1638 628 1698 statim
652 1635 691 1698 ab
715 1635 800 1696 initio
823 1634 911 1715 hujus
935 1635 972 1695 de
991 1643 1101 1696 natura
1115 1634 1328 1715 disputationis
1344 1635 1456 1712 videre,
1480 1654 1505 1699 er

159 1727 230 1788 nihil
254 1725 359 1788 Sacris
382 1724 494 1786 Literis
518 1724 700 1787 contrarium
724 1724 859 1785 dicatur:
883 1722 1128 1803 intempestivum
1152 1733 1253 1784 umen
1277 1723 1429 1796 existimo,
1452 1743 1505 1787 ean

158 1813 394 1876 controversiam
415 1813 463 1874 hic
483 1833 602 1875 movere
626 1812 709 1892 prius
732 1821 823 1891 atque
847 1811 1000 1874 solliciter.
1016 1815 1044 1885 ⁸)
1077 1811 1155 1873 Illud
1178 1811 1207 1872 iu
1231 1829 1341 1890 genere
1364 1812 1505 1893 promitte

158 1902 229 1964 nihil
254 1921 302 1963 me
326 1900 485 1972 dicturum,
510 1902 588 1980 quod
612 1902 641 1961 in
667 1900 777 1962 Saccas
801 1899 923 1961 Literas
947 1899 1083 1979 injurium
1106 1899 1161 1973 sit,
1186 1907 1218 1960 et
1240 1899 1266 1959 si
1289 1900 1375 1978 cujus
1400 1898 1505 1980 Coper-

159 1991 242 2051 nicus
265 2007 381 2050 mecum
405 1987 609 2062 convincatur,
633 2007 687 2066 pro
712 1988 791 2048 nullo
816 1988 996 2050 habiturum.
1029 1988 1131 2066 Atque
1150 2007 1188 2049 ea
1202 2006 1286 2049 mens
1303 1987 1376 2048 mihi
1398 2004 1505 2069 sempe

161 2077 231 2148 fuit,
256 2077 325 2137 inde
350 2096 369 2135 a
392 2094 449 2154 quo
474 2074 633 2154 Coperniei
656 2075 888 2136 Revolntionum
913 2076 1003 2136 libros
1028 2092 1209 2154 cognoscere
1233 2075 1326 2154 coepi.

248 2161 324 2225 Cum
348 2162 440 2241 igitur
462 2163 519 2224 hac
543 2163 571 2224 in
595 2171 683 2242 parte
707 2163 789 2222 nulla
813 2162 954 2241 religione
979 2163 1148 2243 impedirer,
1172 2182 1229 2243 qno
1253 2163 1350 2224 minus
1370 2161 1505 2243 coporos

159 2272 225 2314 cum
249 2251 274 2312 si
298 2258 504 2311 consentanea
527 2251 642 2312 diceret
665 2250 814 2320 audirem,
844 2251 972 2329 primam
996 2253 1083 2312 tidem
1108 2252 1179 2313 milri
1204 2251 1275 2312 fecit
1298 2251 1351 2313 illa
1373 2252 1505 2330 pulcher·

159 2341 234 2402 rima
256 2337 396 2412 omniurn,
422 2358 499 2420 qnae
523 2338 552 2400 in
576 2338 660 2400 coelo
684 2347 842 2417 apparent,
867 2359 932 2400 cnm
956 2339 1077 2418 placitis
1102 2339 1260 2419 Copernici
1284 2339 1462 2402 consensio:
1484 2358 1505 2402 n

120 2477 124 2483 .
159 2427 208 2506 qni
231 2447 289 2488 non
315 2427 411 2488 solum
435 2435 534 2488 motus
558 2427 739 2506 praeteritos
755 2445 792 2486 ex
806 2426 913 2488 ultima
928 2428 1108 2507 antiquitate
1123 2427 1269 2507 repetitos
1284 2429 1505 2490 demonstraret

159 2517 213 2577 sed
237 2515 331 2577 etiam
355 2515 471 2576 futuros
495 2523 604 2584 antea,
634 2534 691 2575 non
716 2515 835 2593 quidem
858 2515 1041 2591 certissime,
1075 2517 1128 2577 sed
1157 2525 1257 2577 tamen
1282 2517 1372 2596 longe
1394 2515 1505 2579 certina

159 2624 247 2683 quam
269 2603 479 2676 Ptolemaeus,
510 2604 684 2682 Alphonsus
713 2612 744 2664 et
767 2602 875 2673 ceteri,
900 2602 1024 2666 diceret.
1071 2604 1149 2666 lllud
1172 2613 1273 2667 antem
1296 2605 1384 2684 longe
1409 2603 1505 2684 major

160 2693 237 2772 quod
262 2710 337 2770 quae
367 2710 404 2752 ex
433 2690 501 2751 aliis
533 2691 634 2753 mirari
667 2691 829 2763 discimus,
863 2710 965 2753 eorum
999 2693 1081 2753 solus
1106 2690 1290 2772 Copernicus
1319 2691 1505 2772 pulcherrim

160 2779 305 2840 rationem
328 2779 436 2852 reddit,
463 2798 643 2858 causamque
659 2778 876 2852 admirationis,
901 2799 977 2859 quae
1001 2789 1049 2840 est
1067 2780 1217 2860 ignoratio
1232 2800 1401 2855 cansarum,
1426 2779 1505 2843 tollit

158 2869 316 2946 Nunquam
346 2867 376 2927 id
409 2866 527 2928 facilius
559 2868 686 2929 docuero
721 2867 883 2940 lectorem,
919 2886 1008 2947 quam
1040 2866 1065 2928 si
1095 2868 1135 2928 ad
1158 2867 1372 2930 Narrationem
1395 2866 1505 2930 Rhetio

157 2954 316 3034 legendam
340 2954 383 3015 illi
407 2963 512 3016 auctor
536 2963 568 3016 et
589 2972 751 3034 persuasor
776 2954 916 3017 existam.
955 2955 1034 3017 Nam
1058 2955 1142 3034 ipsos
1157 2954 1315 3035 Copernici
1340 2957 1433 3019 libros
1451 2954 1505 3019 Re

157 3043 341 3105 solutionum
364 3043 466 3122 legere
490 3062 549 3104 non
573 3041 710 3104 omnibns
732 3051 833 3104 vacat.

245 3132 348 3210 Atque
372 3131 427 3191 hoc
452 3132 517 3192 loco
542 3151 690 3210 nunquam
714 3129 856 3191 assentiri
880 3130 963 3209 potui
988 3130 1061 3204 illis,
1096 3131 1146 3211 qni
1173 3130 1244 3192 freti
1272 3130 1410 3210 exemplo
1434 3130 1505 3193 acci·

159 3219 313 3282 denteriae
338 3219 618 3293 demonstrationis,
652 3238 728 3299 quae
752 3238 790 3278 ex
814 3217 901 3279 falsis
922 3219 1098 3297 praemissis
1122 3219 1306 3281 necessitate
1330 3219 1505 3300 syllogistici

159 3327 260 3369 rernm
284 3307 397 3386 aliquid
417 3306 528 3381 insert,
543 3305 572 3380 b)
606 3307 672 3387 qui,
698 3307 837 3386 inquam,
861 3306 917 3367 hoc
940 3307 1077 3385 exemplo
1102 3307 1171 3368 freti
1195 3308 1430 3382 contendebant,
1453 3309 1505 3370 fier

158 3415 258 3476 posse,
285 3404 318 3457 ut
341 3395 437 3457 salsae
462 3395 531 3469 sint,
556 3415 632 3477 quae
657 3393 824 3473 Copernico
848 3394 970 3473 placent
993 3395 1191 3475 hypotheses,
1214 3405 1247 3458 et
1269 3404 1372 3459 tamen
1396 3415 1435 3457 ex
1458 3394 1505 3459 illi

159 3503 231 3546 vera
254 3504 417 3560 φαινομηα
439 3492 584 3563 tanquam
608 3503 644 3545 ex
668 3482 804 3562 genuinis
829 3482 981 3562 principiis
1005 3493 1177 3563 sequantur.

248 3571 428 3650 Exemplum
451 3571 530 3632 enirn
553 3591 611 3633 non
637 3571 775 3651 quadrat.
822 3572 902 3633 Nam
930 3570 992 3632 ista
1019 3574 1143 3652 sequela
1170 3592 1208 3633 ex
1232 3572 1318 3634 falsis
1341 3569 1505 3651 praemissi

160 3660 373 3734 fortuitam,
404 3666 436 3721 et
459 3678 535 3738 qnae
559 3660 627 3721 iolsi
651 3668 761 3721 natura
788 3667 849 3734 est,
882 3658 1010 3738 primum
1034 3670 1124 3741 atque
1148 3660 1198 3721 alii
1222 3661 1265 3722 rei
1289 3668 1439 3739 cognatae
1463 3678 1505 3721 ao

159 3749 375 3819 commodatur,
400 3768 432 3809 se
447 3747 544 3828 ipsam
558 3747 672 3827 prodit:
698 3747 754 3809 uisi
778 3756 884 3827 sponte
905 3748 1053 3809 concedas
1074 3749 1311 3827 argumentatori
1335 3747 1388 3822 illi,
1414 3758 1449 3810 ut
1470 3747 1505 3810 in·

159 3836 260 3898 linitas
280 3836 357 3898 alias
372 3835 468 3898 falsas
482 3835 702 3914 propositiones
718 3844 863 3908 assumat,
889 3855 943 3896 nec
968 3855 1098 3916 unquam
1121 3837 1149 3896 iu
1174 3856 1336 3917 progressu
1359 3855 1505 3917 regressu-

160 3944 215 4004 que
240 3924 377 4003 sibiipsi
402 3933 532 3986 constet.
579 3923 679 3984 Aliter
707 3943 740 3985 se
769 3943 818 3984 res
846 3922 939 3985 habet
966 3944 1032 3985 curn
1067 3944 1122 3998 eo,
1156 3925 1206 4003 qui
1231 3925 1333 3987 Solem
1361 3925 1390 3984 in
1417 3934 1505 3992 centn

160 4014 299 4076 collocat.
347 4014 425 4074 Nam
444 4012 517 4092 jube
541 4012 689 4093 quidlibet
711 4031 833 4085 eornm,
866 4030 942 4090 quae
975 4031 1081 4073 revera
1108 4012 1138 4073 in
1166 4014 1250 4075 coelo
1279 4020 1448 4092 apparent,
1483 4032 1505 4075 n

160 4101 253 4162 semel
276 4101 377 4179 posita
401 4099 560 4180 hypothesi
584 4100 806 4170 demonstrare,
830 4099 966 4178 regredi,
989 4100 1148 4179 progredi,
1172 4121 1263 4163 uuum
1286 4121 1324 4162 ex
1347 4101 1407 4162 alio
1432 4100 1505 4162 colli

160 4207 241 4266 gere,
266 4197 298 4248 et
321 4187 438 4269 quidvis
463 4207 563 4266 agere,
588 4206 664 4267 quae
689 4187 802 4248 veritas
827 4206 925 4248 rerum
948 4187 1082 4265 patitur:
1108 4207 1203 4269 neque
1227 4189 1277 4251 ille
1301 4189 1469 4251 haesitabit
1489 4189 1505 4251 1

161 4278 240 4350 ullo,
265 4275 289 4336 si
314 4274 471 4354 genuinum
496 4275 549 4348 sit,
574 4285 605 4337 et
629 4276 677 4337 vel
701 4295 738 4336 ex
763 4275 996 4337 intricatissimis
1020 4276 1310 4339 demonstrationum
1333 4276 1505 4340 anfractibn

160 4363 189 4425 in
214 4382 247 4424 se
271 4382 361 4424 unum
385 4363 628 4425 constantissime
649 4371 827 4425 revertetur.
865 4361 954 4432 Quod
979 4363 1004 4423 si
1028 4363 1160 4442 objicias,
1185 4365 1265 4426 idem
1287 4364 1398 4444 partim
1423 4365 1505 4427 adhn

159 4470 271 4532 posse,
303 4449 413 4529 partim
437 4449 508 4512 olim
529 4451 664 4531 potuisse
689 4451 748 4513 dici
771 4452 808 4512 de
833 4451 943 4511 tabulis
967 4459 1000 4512 et
1021 4452 1237 4532 hypothesibus
1262 4453 1414 4533 antiquis,
1442 4471 1505 4534 qno

159 4558 266 4621 nempe
299 4560 486 4618 carroperae
518 4538 729 4614 satisfaciant,
764 4549 854 4618 atque
887 4539 957 4600 illas
989 4548 1092 4601 tamen
1120 4560 1139 4601 a
1163 4539 1329 4621 Copernico
1361 4550 1396 4603 ut
1425 4542 1505 4605 falsa

160 4629 378 4708 rejici;·posse
403 4627 494 4706 igitur
517 4629 624 4689 eadem
648 4628 764 4691 ratione
788 4637 820 4688 et
845 4625 1011 4706 Copernico
1034 4629 1227 4707 responderi,
1253 4649 1359 4710 nempe
1383 4628 1505 4710 qnam'ri

161 4717 281 4799 egregie
305 4735 421 4791 eorum,
447 4735 521 4798 quae
546 4725 695 4796 apparent
717 4714 864 4777 rationem
887 4715 1010 4792 reddat,
1035 4724 1136 4779 tamen
1160 4716 1190 4779 in
1214 4717 1375 4801 hypothesi
1399 4735 1501 4783 enare
