3366 5482
163 236 229 306 206
715 238 837 305 ΔΜ*
855 238 978 303 hamis

163 401 277 463 habeat
309 401 346 461 ad
380 400 431 462 Π·
462 409 580 480 partem
612 400 771 473 minorem,
805 418 893 479 quam
931 400 1024 461 habet
1054 397 1203 460 velocitas
1235 393 1397 459 accentu-ici
1432 414 1472 457 ex
1501 394 1529 465 s

162 488 263 570 perQ
295 490 324 550 in
354 490 383 551 N
414 489 451 549 ad
484 490 676 551 velocitatem
710 489 818 549 stallae
851 508 888 548 ex
917 489 942 548 B
976 497 1007 549 at
1039 488 1242 559 demonstrat,
1282 485 1403 566 quando
1436 485 1530 546 stella

161 579 191 640 in
216 579 242 639 ‘l'
267 585 410 657 punctum
434 580 556 658 propius
576 579 688 640 Terrae
712 580 737 639 F
759 578 877 649 incidit,
912 587 994 641 stara
1023 576 1127 636 videri.
1176 574 1278 656 Atque
1306 575 1383 635 haec
1411 592 1530 636 summa

162 675 211 729 est
234 675 266 727 et
288 667 462 728 intentionis
487 675 519 727 et
542 667 654 729 laboris
673 666 824 746 Apollonii
848 666 949 738 illius;
982 672 1102 743 praeter
1126 683 1201 742 quae
1225 663 1297 723 nihil
1321 663 1423 743 plane,
1450 663 1530 743 quod

163 757 192 818 in
226 754 410 816 astronomia
440 755 610 835 scripserit,
644 775 769 835 usquam
802 755 942 834 comperi.
990 753 1076 824 Quae
1110 754 1174 831 ejus
1207 753 1419 814 demonstrata
1452 770 1530 830 quo·

163 846 250 906 modo
285 843 471 923 Coperuious
509 846 546 906 ad
582 865 652 905 suas
687 844 877 906 transtulerit
905 844 1103 925 hypotheses,
1144 841 1171 900 iu
1206 841 1271 919 ipso
1305 841 1373 901 vide
1408 839 1530 920 (loper-

163 934 238 1006 nico,
270 934 344 994 locis
373 933 410 993 ab
435 933 513 995 Urso
538 934 640 995 citatis
665 935 720 1005 (V.
746 931 813 1005 35).
864 933 945 994 Nihil
978 933 1056 992 enim
1081 930 1161 991 aliud
1194 929 1270 990 dixit
1298 931 1334 991 de
1364 929 1529 1009 Apollonio

163 1021 346 1101 Coperaicus
377 1041 463 1101 quam
492 1022 697 1094 Ptolemaeus,
733 1041 769 1082 ex
794 1041 850 1102 quo
884 1023 933 1082 ille
967 1022 1041 1081 haec
1074 1020 1102 1080 in
1137 1038 1223 1080 suum
1251 1037 1324 1097 opus
1358 1019 1529 1081 transtulit.

163 1109 309 1181 Quamvis
337 1129 374 1170 ne
397 1111 472 1172 haec
501 1111 618 1191 quidem
648 1130 701 1190 pro
730 1131 797 1171 sese
821 1110 1064 1188 ingeniosissima
1092 1108 1224 1170 inventio
1254 1109 1416 1169 admodum
1444 1107 1530 1170 utilis

164 1199 254 1261 luerit
279 1199 458 1274 artificibus,
492 1209 652 1278 propterea
686 1201 762 1279 quod
791 1199 984 1278 Apollonius,
1019 1205 1053 1258 ut
1080 1199 1192 1259 exitum
1225 1197 1254 1256 in
1289 1197 1529 1258 demonstrando

161 1288 315 1366 reperiret,
342 1288 590 1367 inaequalitatem
614 1291 741 1350 alteram
766 1290 793 1349 iu
819 1289 975 1351 stellarum
999 1287 1143 1360 motibus,
1179 1306 1255 1365 qnae
1279 1287 1317 1346 ad
1340 1293 1450 1365 partes
1474 1304 1529 1346 no-

162 1377 239 1437 diari
263 1377 442 1451 restituitur,
468 1378 603 1438 exclusit.
654 1379 760 1456 Itaque
784 1397 820 1436 ea
844 1377 1099 1437 demonstratione
1131 1375 1189 1437 uisi
1219 1375 1256 1434 ad
1281 1375 1418 1453 singulos
1438 1393 1528 1435 casus

160 1465 389 1544 inaequalitatis
423 1466 548 1527 alterius
578 1466 697 1528 variata
730 1466 772 1526 uti
802 1466 994 1527 Ptolemaeus
1018 1474 1050 1525 et
1080 1463 1264 1542 Copemicus
1296 1482 1355 1524 non
1388 1471 1534 1541 potuere..

161 1554 270 1615 Adhuc
296 1573 367 1631 ergo
391 1555 490 1615 nullas
514 1555 657 1616 habemus
672 1554 826 1632 Apollonii
851 1555 1036 1634 hypotheses
1059 1552 1288 1623 astronomicas,
1312 1570 1389 1631 quae
1406 1551 1527 1631 quidum

161 1643 204 1704 sic
229 1642 286 1703 dici
316 1653 347 1703 et
381 1642 459 1703 inter
482 1653 601 1704 ceteras
635 1645 746 1704 formas
771 1643 922 1704 recenseri
941 1651 1103 1704 merentur.
1151 1639 1237 1711 Quae
1262 1642 1341 1702 enim
1375 1641 1427 1702 ille
1453 1660 1526 1719 sup-

160 1732 246 1812 ponit
279 1731 308 1792 in
334 1727 589 1793 demonstratione
614 1752 682 1804 sna,
715 1751 773 1792 non
807 1733 851 1792 ita
884 1732 1039 1813 supponit,
1076 1739 1219 1809 tanquam
1249 1749 1356 1792 revera
1388 1731 1435 1790 ita
1459 1749 1526 1790 sese

160 1820 271 1882 habere
297 1829 416 1881 statuat
439 1822 532 1899 (quod
556 1822 657 1882 solent
680 1820 840 1893 artifices),
867 1822 920 1880 sed
945 1821 997 1894 ita,
1023 1828 1057 1880 ut
1079 1827 1230 1898 patescat,
1256 1819 1326 1898 quid
1351 1818 1435 1881 circa
1458 1826 1525 1879 sta·

160 1909 259 1970 tiones
284 1911 414 1970 futurum
439 1919 537 1983 esset,
567 1910 592 1970 si
618 1910 670 1970 illa
700 1911 745 1970 ita
768 1911 924 1971 habereut.
971 1909 1138 1987 Propterea
1165 1907 1286 1987 gemina
1310 1906 1407 1969 utitur
1431 1908 1545 1968 forma

159 1996 370 2078 principiorum
400 1999 667 2060 demonstrationis
696 2019 786 2067 suae,
821 1999 891 2077 quia
923 2017 966 2059 sc.
997 1997 1068 2058 nihil
1103 1997 1239 2058 deceruit
1272 2006 1305 2057 ut
1333 2005 1525 2057 astronomus

162 2086 283 2159 artifex,
308 2087 361 2145 sed
387 2105 499 2146 merum
524 2088 588 2163 agit
611 2096 794 2166 geometram
818 2088 848 2148 in
873 2096 1006 2148 motuum
1030 2105 1148 2164 genere.

248 2174 319 2234 Jam
349 2174 431 2247 vide,
470 2193 558 2254 quam
595 2176 730 2237 suaviter
758 2176 853 2237 Ursus
888 2177 924 2237 de
957 2176 1013 2239 hoc
1042 2174 1197 2253 Apollonii
1231 2172 1352 2234 invento
1386 2179 1523 2253 nugetur.

101 2334 103 2339 y
160 2263 261 2325 Primo
287 2262 340 2332 ait,
366 2263 404 2323 ab
427 2262 498 2341 ipso'
519 2272 666 2324 mutatam
690 2285 757 2324 esse
783 2266 952 2326 universam
977 2265 1104 2324 formam
1119 2262 1430 2333 Aristarchiauarum,
1453 2281 1521 2341 per-

163 2352 232 2412 inde
257 2371 292 2411 ac
311 2350 337 2410 si
360 2352 547 2430 professione
573 2353 680 2414 fuisset
704 2361 901 2423 astronomus,
928 2362 961 2414 ut
975 2353 1173 2414 Aristarchus
1193 2360 1224 2411 et
1239 2352 1299 2412 alii.
1346 2351 1521 2413 Mathema-

160 2440 251 2500 ticum
271 2439 464 2501 Ptolemaeus
489 2442 632 2520 appellat,
658 2451 690 2502 at
715 2451 794 2502 certe
820 2443 957 2521 nuspiam
977 2441 1004 2503 ai
1020 2440 1183 2502 astronomi
1204 2440 1310 2501 titulus
1326 2440 1517 2501 adscribitur.

160 2527 277 2588 Deinde
301 2547 366 2589 cum
391 2529 603 2591 obversaretur
627 2530 653 2591 ei
678 2531 821 2591 memoria
845 2530 971 2609 duplicis
997 2531 1110 2593 ionnae
1134 2529 1401 2590 demonstrationis
1424 2528 1521 2607 Apol-

160 2617 309 2689 lonianae,
334 2619 387 2677 sed
412 2620 554 2680 memoria
578 2620 694 2693 tenuis,
730 2619 940 2699 tanquam-rei
968 2638 1023 2698 per
1055 2638 1189 2679 somnum
1214 2618 1298 2678 visae
1323 2621 1410 2687 (nam
1434 2635 1522 2694 supra

160 2705 346 2783 conjectatus
372 2726 447 2780 sum,
472 2726 529 2767 non
554 2708 650 2787 ipsum
677 2708 787 2770 Ursum
813 2709 923 2787 legisse
947 2709 1021 2769 haec
1046 2707 1075 2767 in
1101 2707 1285 2781 Ptolemaeo,
1311 2707 1364 2767 sed
1391 2706 1431 2768 ab
1455 2704 1520 2774 alio,

160 2793 209 2874 qui
233 2794 308 2853 haec
333 2795 463 2856 fortasse
490 2796 604 2876 legerit,
631 2797 844 2868 admonitum),
869 2797 932 2876 ipso
958 2815 1073 2875 quoque
1099 2795 1246 2873 geminam
1270 2795 1519 2857 Aristarchiana·

159 2901 223 2944 rum
256 2882 495 2945 immutationem
530 2885 693 2963 Apollonio
728 2886 855 2964 affingit.
911 2885 1043 2947 Primum
1073 2884 1131 2955 ait,
1165 2884 1336 2945 institutam
1370 2884 1454 2958 ideo,
1493 2889 1522 2944 ut

160 2971 267 3050 ingens
291 2971 344 3032 illa
368 2974 498 3034 vastitas
523 2974 656 3046 lixarum,
684 2995 772 3053 quam
795 2975 992 3036 Aristarchus
1017 2974 1095 3051 apud
1110 2973 1321 3034 Archimedem
1346 2972 1520 3039 introduxit.

161 3060 329 3128 tolleretur.
378 3063 509 3142 ideoque
543 3062 585 3123 sic
619 3082 686 3124 esse
715 3063 884 3124 institutam
917 3064 999 3125 illam
1032 3062 1285 3133 immutationem,
1320 3069 1353 3122 ut
1388 3070 1520 3122 centrum

162 3149 286 3228 fixarum
310 3148 370 3211 uad
393 3170 458 3213 cum
473 3151 568 3212 Terra
591 3152 873 3214 circumvolveretur
892 3171 988 3212 annuo
1012 3160 1105 3212 motu.
1152 3153 1197 3212 At
1218 3151 1273 3211 huc
1298 3158 1395 3212 totum
1411 3167 1520 3211 merum

158 3257 226 3297 esse
251 3238 426 3317 figmentum
450 3249 481 3300 et
505 3241 670 3320 sphyngem
695 3261 732 3301 en
757 3241 825 3303 Ursi
850 3241 972 3301 cerebro
998 3248 1115 3314 natam,
1149 3240 1235 3301 facile
1260 3241 1357 3312 videt,
1384 3238 1435 3318 qui
1459 3256 1519 3299 cum

158 3326 214 3387 hac
239 3326 309 3387 Ursi
340 3326 588 3406 interpretatione
613 3329 780 3390 Ptolemaei
810 3330 903 3390 verba
935 3349 1026 3408 supra
1050 3329 1185 3407 allegata
1213 3330 1249 3388 de
1279 3327 1371 3406 priori
1396 3328 1519 3388 demon-

159 3415 314 3476 strationis
330 3416 550 3495 Apollouiauae
581 3419 677 3479 forma
701 3420 834 3479 conferre
858 3418 997 3480 voluerit.
1045 3418 1143 3496 Major
1167 3418 1305 3496 equidem
1330 3428 1379 3479 est
1403 3413 1518 3479 candidi

158 3511 190 3564 et
213 3503 272 3564 atri
296 3505 404 3565 coloris
429 3507 586 3586 cognatio,
622 3526 710 3586 quam
734 3508 804 3568 Ursi
829 3515 861 3568 et
886 3505 1050 3588 Apollonii.
1098 3508 1144 3568 Ac
1179 3505 1204 3567 si
1229 3507 1293 3585 quis
1323 3506 1362 3566 ad
1387 3527 1424 3567 ro
1447 3503 1519 3583 quoe

158 3592 397 3671 suppositionum
420 3594 574 3674 Apollonii
598 3596 756 3674 respiciat,
786 3596 829 3656 illi
853 3615 911 3655 nou
936 3603 1039 3673 potcst
1063 3596 1121 3657 ullo
1145 3595 1233 3656 modo
1257 3594 1420 3657 verisimile
1446 3611 1517 3665 esse,

159 3690 277 3742 tantam
299 3683 461 3760 Apollonio
486 3703 586 3744 euram
613 3684 703 3745 luisse
724 3686 760 3746 de
785 3685 836 3745 illo
866 3685 951 3746 hiatu
980 3685 1090 3762 illaque
1115 3684 1261 3746 vastitate
1286 3684 1424 3745 fixarum.
1462 3682 1517 3744 Al-

157 3778 256 3831 teram
285 3770 523 3833 immutationem
552 3773 647 3834 Ursus
679 3775 771 3835 talem
803 3774 841 3833 ab
865 3773 1027 3852 Apollonio
1061 3773 1146 3852 fingit
1175 3772 1361 3846 institutam,
1399 3781 1433 3834 ut
1458 3787 1516 3833 oum

159 3868 250 3920 antea
273 3860 367 3921 Terra
391 3863 540 3933 (centrum
564 3858 704 3942 fixarum)
730 3864 900 3923 volveretur
924 3880 1021 3923 annuo
1046 3871 1127 3922 motu
1152 3862 1232 3922 cirea
1248 3861 1360 3936 Solem,
1387 3871 1514 3922 centrum

157 3948 356 4027 planetamm,
382 3951 603 4029 quiescentem:
624 3952 689 4029 jam
714 3952 796 4013 circa
810 3952 934 4013 Terram
958 3959 989 4012 et
1013 3960 1147 4011 centrum
1171 3951 1305 4018 fixarum,
1322 3948 1512 4028 quiescentia

159 4036 212 4098 Sol
237 4047 267 4098 et
290 4047 424 4101 centrum
449 4039 638 4119 planetarum
662 4041 766 4101 eodem
791 4060 889 4100 annuo
918 4048 1051 4117 tempore
1075 4039 1270 4113 circumierit,
1300 4057 1379 4117 quae
1403 4039 1512 4118 quidem

159 4126 369 4207 hypothesium
399 4129 495 4190 forma
522 4150 542 4189 a
564 4129 706 4209 Tychone
730 4130 830 4190 Brahe
860 4129 957 4207 (eujus
989 4128 1163 4206 exagitandi
1192 4128 1292 4207 gratia
1321 4127 1421 4190 Ursus
1449 4127 1511 4189 haec

159 4215 316 4287 confinxit)
342 4227 464 4296 propter
488 4237 596 4279 causas
621 4219 659 4279 ab
683 4218 748 4295 ipso
774 4226 895 4279 auctore
920 4217 1032 4296 passim
1066 4217 1233 4279 inculcatas
1265 4226 1358 4277 etex
1384 4215 1510 4277 coemis-

159 4304 246 4365 nibus
275 4323 333 4364 non
366 4307 592 4369 contemnendis
616 4316 772 4385 suscepta,
806 4307 928 4368 inventa
961 4313 991 4365 et
1020 4306 1186 4368 constituta
1215 4316 1272 4366 est.
1320 4305 1425 4367 Habet
1447 4305 1511 4366 haec

159 4393 281 4473 quidem
304 4394 434 4456 assertio
458 4395 747 4456 verisimilitudinem
772 4395 919 4474 aliquam,
946 4395 971 4457 si
996 4396 1061 4473 quis
1086 4414 1152 4456 eam
1176 4413 1241 4455 cum
1268 4391 1425 4472 Apollonii
1447 4408 1509 4470 sup·

159 4481 309 4560 positione
334 4484 479 4545 conferat.
528 4484 577 4546 Sit
601 4485 677 4546 enim
704 4485 795 4563 juxta
824 4492 952 4544 mentem
976 4484 1130 4564 Apollonii
1157 4491 1188 4544 et
1211 4483 1240 4545 iu
1261 4479 1292 4545 5.
1317 4474 1508 4545 schematsF

160 4570 263 4644 Terra,
295 4571 377 4632 circa
408 4592 475 4635 eam
498 4573 555 4636 NE
585 4573 727 4644 circulus,
757 4592 843 4653 quem
872 4582 1007 4634 centrum
1035 4571 1196 4635 eccentrici
1226 4590 1324 4639 annuo
1353 4580 1437 4634 motu
1462 4569 1507 4630 de·

159 4659 279 4734 scribit,
305 4660 350 4722 ita
369 4670 402 4722 ut
426 4663 505 4724 linea
528 4681 565 4722 ex
580 4660 606 4723 F
621 4663 716 4723 Terra
739 4682 792 4742 per
806 4662 844 4736 N,
869 4662 895 4722 Ε
918 4669 1055 4725 centrum
1079 4660 1238 4723 eecentrici
1254 4660 1374 4739 ejecta,
1402 4669 1506 4737 sempr!

159 4747 264 4809 eadem
287 4747 419 4813 situum
442 4771 495 4825 ea,
532 4769 608 4831 quae
638 4769 677 4812 ex
699 4752 725 4812 F
748 4751 843 4812 Terra
868 4768 924 4831 per
948 4749 1064 4826 Solem,
1099 4749 1164 4813 aive
1188 4750 1214 4813 is
1239 4748 1359 4829 jamin
1384 4737 1504 4830 ampuri
