3366 5482
677 236 681 243 ·
718 209 807 276 urens
822 210 951 265 ¹1-OE
1224 216 1230 226 '
1459 209 1523 278 139

157 373 252 436 babet,
267 388 318 427 cur
331 388 418 442 prosa
430 373 476 437 sit,
490 388 575 445 quam
589 371 651 442 ajus
666 373 814 436 conuaria,
829 375 882 429 boo
896 374 965 443 ipro,
986 374 1052 444 quia
1064 372 1207 429 contraria
1219 373 1281 442 ejus
1296 374 1449 445 concipitur
1463 391 1524 431 sose

158 454 183 506 iu
207 470 263 506 non
287 461 370 507 ente:
395 469 467 525 quae
490 454 513 507 si
527 453 612 508 etiam
636 469 720 522 prosa
743 454 818 508 iacta
841 461 925 517 esset,
949 456 1064 508 mundus
1079 462 1171 508 tamen
1186 453 1281 507 similis
1305 455 1369 508 huic
1383 453 1524 523 praesenti

159 533 349 586 incursasset.
393 533 570 604 Comparatio
593 533 681 586 locum
696 550 751 587 non
765 534 853 588 habet
866 535 1033 597 mundorum,
1057 534 1104 587 ubi
1124 550 1195 587 unus
1217 533 1293 587 solus
1308 541 1360 588 est.
1401 535 1526 588 Valeant

159 615 252 683 itaquo
273 614 454 681 quaestiones
478 613 635 682 hujusmodi
653 613 824 677 materiales,
849 622 879 668 et
901 631 961 667 cum
976 614 1071 667 iisdem
1095 615 1179 668 etiam
1202 613 1318 667 metatio
1337 615 1450 677 zodiaci,
1475 631 1525 668 seu

159 692 250 763 potius
266 688 403 763 (quiabic
416 693 484 748 locis
498 694 554 748 suis
570 693 680 749 excedit
698 693 760 746 aeri
779 689 922 762 successu)
938 694 999 747 riae
1013 693 1110 765 regiae
1135 710 1153 747 a
1166 693 1271 747 Solaria
1286 695 1408 763 corporis
1423 694 1525 748 circulo

159 773 229 826 inter
242 772 306 842 ejus
327 774 407 842 polos
426 774 514 828 medic
529 779 710 828 monstratae.
755 775 826 828 Nam
850 775 874 828 si
887 774 945 844 poli
968 781 998 826 et
1018 773 1080 828 axis
1105 772 1226 843 corporis
1240 773 1347 828 Solaria
1370 774 1398 828 iu
1420 775 1525 845 plagas

161 853 248 907 mundi
275 853 347 906 alias
372 854 445 908 versi
466 854 591 917 fluissent,
616 854 701 907 etiam
725 853 867 925 riaregia
890 854 948 908 elia
971 853 1070 907 luisset
1084 855 1222 923 traducta.
1265 854 1343 916 Quod
1363 854 1433 908 idem
1448 861 1478 908 et
1491 855 1525 907 de

161 933 254 1004 figuris
269 934 442 987 dodecaddro
456 941 486 989 et
499 935 641 988 icosatdro
655 933 806 988 dicendum.
846 935 950 988 Demus
972 933 1052 996 cuim,
1077 950 1173 987 munus
1195 933 1318 1004 ipsarum
1331 950 1401 996 esse,
1426 932 1527 988 metari

162 1013 300 1067 zodiacum
324 1014 493 1068 sectionibus
516 1015 617 1069 mutuis
641 1015 768 1078 laterum,
793 1020 823 1068 et
836 1014 904 1068 certi
919 1015 1027 1085 quidem
1050 1013 1160 1076 ordinis,
1185 1031 1301 1077 exrex,
1326 1029 1394 1083 quos
1408 1012 1526 1067 diximus

162 1110 219 1146 csse
235 1092 399 1162 possibiles:
424 1102 500 1149 certa
514 1095 653 1150 translato
666 1095 818 1166 figurarum
840 1093 895 1149 situ
918 1094 946 1148 in
964 1096 1063 1148 mundo
1082 1093 1177 1147 sensili
1200 1095 1280 1147 sedes
1300 1093 1384 1147 stiam
1408 1093 1465 1148 alia
1480 1109 1525 1146 zo·

162 1173 236 1227 diaco
258 1173 430 1245 obtingeret.

758 1362 837 1371 -ο-Δ
846 1361 930 1369 v...-

729 1579 849 1679 Cuput
875 1578 962 1653 XII.

591 1739 723 1803 Divisio
745 1739 873 1801 zodiaci
893 1747 923 1801 et
945 1745 1096 1819 aspectae.

248 1882 342 1945 Multi
375 1881 552 1944 divisionem
585 1881 728 1944 zodiaci
762 1882 791 1943 in
825 1881 980 1942 duodecim
1013 1877 1153 1960 praecisa
1183 1876 1270 1957 signa
1297 1894 1352 1956 pro
1382 1876 1525 1956 figmento

165 1973 292 2035 bumauo
321 1970 473 2045 habuere,
503 1971 558 2032 tali
585 1990 710 2052 nempe,
742 1971 788 2032 oui
818 1970 892 2031 nibil
919 1969 962 2032 rei
992 1967 1138 2029 naturalis
1164 1965 1272 2027 subsit.
1319 1966 1423 2046 Neque
1448 1963 1527 2026 enim

164 2061 236 2125 laec
270 2081 365 2138 μορια
393 2059 506 2122 viribus
539 2067 593 2122 aut
620 2060 829 2122 affectionibus
862 2060 980 2121 differre
1013 2055 1201 2118 naturalibus
1233 2054 1437 2126 arbitrantur,
1471 2052 1527 2115 ssd

165 2157 301 2212 assumta
322 2157 446 2229 propter
470 2149 584 2210 numeri
608 2150 646 2211 ad
670 2149 804 2211 rationes
828 2148 1037 2226 aptitudinem.
1084 2143 1202 2216 Quibus
1231 2143 1291 2205 etsi
1319 2162 1377 2204 non
1406 2141 1525 2203 omnino

166 2256 314 2319 repugno,
346 2245 447 2299 tamen
476 2256 513 2298 ne
541 2237 611 2317 quid
642 2246 755 2299 temera
785 2237 954 2317 rejiciatur,
989 2255 1026 2296 ex
1055 2233 1162 2295 iisdem
1188 2231 1343 2313 principiis
1368 2229 1525 2293 divisionis

166 2328 249 2407 hujus
282 2346 408 2389 causam
441 2345 625 2406 proponam,
660 2326 699 2388 ad
732 2345 819 2406 quarn
845 2325 1021 2388 Creatorem
1051 2321 1253 2402 proprietates
1287 2322 1327 2391 (si
1357 2340 1432 2401 quas
1455 2319 1526 2381 illas

166 2416 328 2478 distinctas
352 2416 481 2489 babent)
506 2415 753 2478 accommodasse
777 2435 848 2478 vero
872 2434 930 2477 non
955 2414 1012 2475 erit
1036 2411 1184 2474 absimile.
1200 2415 1228 2485 ⁸)

251 2505 454 2568 Numerorum
478 2504 643 2585 subjectum
667 2505 816 2584 quoduam
844 2505 900 2575 sit,
931 2522 1023 2583 supra
1053 2500 1190 2562 vidimus.
1236 2499 1279 2561 Et
1301 2505 1382 2559 certe
1405 2503 1527 2576 praeter

166 2603 310 2675 quantum
334 2604 387 2656 aut
405 2603 517 2674 quanto
536 2594 645 2669 simile,
670 2594 808 2672 potentia
822 2593 1019 2674 qualicunque
1033 2588 1213 2670 praeditum,
1238 2586 1311 2648 nibil
1335 2593 1383 2645 est
1406 2584 1436 2646 in
1460 2590 1525 2645 toto

167 2685 306 2747 universo
329 2682 523 2757 numerabile,
547 2691 668 2762 praeter
691 2682 799 2754 Deum,
824 2683 872 2763 qui
896 2681 1050 2761 ipsissima
1073 2678 1244 2740 veneranda
1267 2675 1401 2738 Trinitas
1423 2681 1481 2734 est.
1495 2669 1525 2744 ι’)
1587 2702 1591 2715 »

166 2772 233 2834 Jaru
259 2772 352 2852 igitur
375 2790 502 2850 corpora
525 2771 626 2833 omnia
650 2771 846 2833 dissecnirnus
869 2791 923 2852 per
951 2770 1118 2831 zodiacum.
1134 2772 1160 2840 ⁶)
1207 2765 1392 2835 Videamus,
1422 2761 1527 2841 ecquid

167 2853 301 2923 sectione
325 2862 382 2922 bac
406 2860 548 2922 zodiacus
572 2861 636 2940 ipss
661 2861 788 2939 adeptus
812 2862 860 2923 vel
885 2879 994 2940 passus
1018 2858 1068 2919 sit.
1085 2855 1113 2930 ἀ)
1151 2853 1309 2916 Scotorum
1333 2853 1424 2930 igitur
1448 2851 1528 2912 dicto

167 2951 252 3012 modo
283 2949 353 3011 cubi
383 2948 477 3010 facies
501 2949 696 3011 exsectione
721 2950 872 3011 resultans
896 2949 955 3010 erit
977 2948 1134 3027 quadrata,
1161 2952 1194 3005 nt
1217 2952 1249 3004 et
1266 2940 1410 3012 octaedri,
1436 2958 1528 3020 pyra·

168 3039 254 3101 midis
274 3039 449 3116 triangula,
479 3039 659 3118 reliquorum
688 3038 811 3100 ducrum
840 3037 1017 3116 decaogula.
1066 3034 1182 3105 Quater
1207 3031 1266 3093 tria
1289 3029 1390 3090 decies
1416 3027 1530 3088 faciunt

170 3146 315 3189 summam
338 3136 458 3189 centum
483 3136 516 3189 et
538 3128 654 3207 viginti.
702 3127 798 3206 Igitur
821 3129 967 3205 inscripta
990 3125 1100 3186 circulo
1124 3121 1310 3202 quadratum,
1336 3116 1528 3196 triangulum,

171 3216 367 3295 decangnlum
397 3216 434 3277 ad
464 3217 544 3278 idem
576 3226 718 3296 punctum
749 3236 836 3278 arcus
864 3217 966 3277 varios
998 3214 1026 3275 in
1061 3208 1302 3276 circumferentia
1330 3206 1528 3285 distinguunt,

173 3325 244 3387 quos
268 3324 373 3366 ornnes
396 3305 520 3368 metitur
542 3306 641 3386 portio
670 3323 727 3366 non
755 3306 852 3385 maj0r
882 3304 1048 3366 centesima
1070 3303 1154 3363 vice-

171 3394 243 3455 sima
267 3394 362 3455 totius
387 3394 499 3455 circuli.
546 3394 704 3458 Naturalis
728 3393 820 3472 igitur
848 3394 955 3455 divisio
983 3391 1097 3455 zodiaci
1122 3391 1152 3451 in

175 3479 231 3546 120
254 3502 295 3544 ex
318 3483 448 3562 regulari
473 3483 532 3544 situ
556 3502 712 3562 corporum
737 3483 816 3545 inter
839 3485 937 3545 orbes.
977 3479 1070 3561 Cujus
1094 3481 1149 3542 tri-

173 3573 250 3650 plum
273 3590 341 3633 cum
365 3570 406 3631 sit
429 3565 510 3646 360,
540 3573 675 3635 videmus
703 3570 781 3634 hau'c
805 3572 981 3634 divisionem
1005 3590 1062 3632 non
1087 3589 1152 3632 cm·

173 3661 236 3722 uiuo
251 3661 336 3723 nulla
349 3659 465 3722 ratione
481 3662 547 3723 niti.
579 3661 650 3724 Jam
670 3661 696 3722 si
714 3662 893 3740 quadratum
917 3668 950 3722 et
971 3659 1153 3739 triangulum
1200 3708 1203 3720 .

173 3743 286 3812 rursum
309 3768 348 3810 ex
371 3749 475 3810 eodem
499 3759 609 3830 puncto
634 3750 797 3830 separatim
816 3749 1030 3824 describamus,
1054 3748 1153 3829 portio

173 3837 271 3900 circuli
303 3837 428 3900 minima
459 3839 518 3900 erit
548 3857 620 3919 pars
653 3839 830 3900 duodecima
863 3839 1011 3913 ambitus,
1048 3856 1153 3917 nempe
1210 3840 1216 3856 ⁸

174 3927 319 4006 signum.
367 3927 411 3990 Ut
442 3927 547 3990 mirum
579 3929 638 4003 sit,
672 3937 704 3989 et
735 3937 847 4000 motum
876 3927 957 3991 Solis
987 3938 1019 3991 et
1050 3930 1154 3991 Lunae

174 4026 356 4079 menstruum
370 4018 398 4089 ⁸)
427 4023 460 4078 et
482 4018 709 4095 conjunctiones
734 4037 861 4097 magnas
884 4018 1070 4097 superiorum
1093 4026 1155 4078 tarn

176 4115 240 4186 apto
264 4106 413 4186 quadrare
437 4106 476 4166 ad
499 4107 668 4186 portiones,
699 4126 775 4187 quae
805 4107 842 4169 ab
871 4109 1032 4171 eorundem
1061 4107 1235 4185 corporibus
1263 4126 1317 4188 per
1346 4107 1529 4188 triangulum

176 4203 204 4257 st
223 4194 403 4277 quadratum
426 4195 660 4274 distinguuntur.
675 4193 698 4269 r)

259 4283 361 4364 Atque
386 4283 463 4345 adeo
487 4303 576 4364 quam
600 4285 676 4347 haec
700 4283 886 4345 duodenaria
910 4284 1017 4345 divisio
1036 4303 1128 4363 penes
1143 4293 1281 4347 naturam
1304 4285 1334 4346 in
1359 4284 1456 4363 pretio
1480 4281 1531 4352 sit,

179 4373 308 4451 exemplo
332 4391 407 4452 cape
431 4381 590 4448 extraneo,
622 4382 654 4435 ut
678 4373 814 4450 quamvis
838 4392 932 4434 causa
955 4392 1012 4434 non
1037 4373 1154 4433 omuino
1184 4373 1307 4452 cognita
1335 4374 1394 4446 sit,
1428 4380 1529 4433 tamen

181 4463 291 4522 occasio
314 4469 430 4543 pateat,
455 4460 581 4523 subinde
605 4462 790 4542 praeclarius
815 4462 852 4523 de
877 4461 923 4523 his
948 4462 1075 4543 quinque
1099 4462 1201 4540 figuris
1224 4461 1413 4525 sentiendi!

259 4549 336 4611 Esto
358 4550 517 4632 proposita
541 4552 615 4614 fides
639 4551 749 4631 aliqua,
774 4551 899 4630 ejusque
923 4571 1015 4612 sonus
1034 4552 1061 4614 Γ
1079 4558 1120 4611 ut.
1155 4549 1253 4629 Igitur
1275 4559 1349 4629 quot
1413 4461 1529 4598 ):

182 4648 331 4702 occurrunt
350 4657 441 4700 voces
461 4659 480 4700 a
498 4642 525 4704 Γ
542 4660 636 4721 usque
660 4641 698 4701 ad
722 4648 862 4701 octavam
885 4647 1085 4702 consonantes
1105 4641 1222 4711 cuml',
1246 4638 1337 4700 toties
1370 4555 1531 4730 {5}

184 4744 231 4788 nec
253 4727 384 4811 saepius,
407 4736 496 4813 potes
519 4729 608 4799 fidem
632 4728 824 4795 rationaliter
846 4728 994 4810 dividere,
1018 4728 1063 4788 sic
1087 4735 1119 4791 ut
1142 4726 1258 4792 divisae
1281 4726 1349 4788 udis
1371 4695 1477 4807 pau]
1499 4732 1532 4786 et
