3366 5482
732 283 815 335 reses
834 285 949 335 ιιιιιι
1449 286 1522 354 ν285

164 457 261 508 quoque
280 450 391 494 nostram
408 440 475 492 hauc
493 443 630 492 theoricam
653 443 831 506 improbaturus
851 443 968 507 despero,
995 458 1051 492 cum
1070 443 1187 501 viderint.
1215 444 1355 508 hujusmodi
1377 446 1524 510 hypothesin

163 515 213 562 suis
232 528 392 578 nequaquam
411 513 621 563 observationibus
639 528 786 577 repugnare.

234 584 264 633 ln
283 585 344 634 libio
363 587 416 648 ipso
435 583 639 647 deprehendimus
658 585 772 633 undecim
791 586 918 648 sphaeras,
938 599 1040 648 quarum
1059 586 1151 634 extima
1165 586 1286 648 ,reliquas
1304 601 1351 635 sus
1366 590 1522 637 concavitate

163 655 336 719 complectitur
354 663 380 704 et
397 669 480 705 secum
499 668 545 703 sua
562 655 694 703 velocitate
712 656 801 718 rapit.“
842 654 1114 712 ,Decimaimmediate
1132 657 1269 719 subpriore
1287 658 1411 710 statuitur,
1431 659 1456 706 in
1474 671 1524 722 qua

163 727 238 775 etiam
257 727 425 791 imaginamur
443 725 595 789 eclipticam,
623 729 693 787 cujus
710 726 758 788 poli
783 733 876 775 motum
895 727 1001 774 subeunt
1024 726 1185 775 librationis¹⁴
1223 726 1271 777 Hic
1289 735 1370 776 motus
1397 729 1523 791 perficitur

163 794 304 846 dcirceilis
324 798 391 846 circa
407 805 537 860 utrumque
557 796 651 859 polum,
676 812 777 860 quorum
796 806 876 845 motus
895 797 1002 859 pluribus
1022 798 1165 860 explicatur.
1202 797 1276 847 Noua
1294 798 1401 860 sphaera
1419 800 1524 848 alterum
1611 852 1615 859 Χ

163 867 302 916 librationis
321 875 416 916 motum
435 867 562 916 inmundi
581 867 661 916 latera
679 868 790 930 sphaeris
809 870 875 916 iutra
893 881 948 917 eam
968 869 1089 917 contentis
1109 870 1283 926 communicat,
1303 870 1362 917 item
1376 884 1421 933 ope
1440 866 1456 915 4
1476 871 1521 918 ιιι·

163 938 287 987 callorum.
326 937 439 988 Octavae
457 937 578 1002 sphaerae
596 937 680 986 stellas
699 938 760 986 fixas
780 939 805 987 in
824 940 1025 1001 consequentiam
1051 939 1142 1001 profert
1161 946 1248 987 contra
1265 946 1358 988 motum
1376 941 1523 989 undecimae

163 1011 265 1073 ejusque
293 1009 401 1058 diversus
427 1009 578 1072 aprioribns
606 1009 718 1072 sphaeris·
733 1015 814 1057 motus
842 1008 924 1057 salvat
949 1010 1105 1072 inaequalem
1133 1009 1236 1058 fixarum
1256 1016 1358 1059 motum.
1397 1010 1524 1073 Sphaerao

162 1081 316 1143 superiorum
335 1079 499 1144 planetarum,
519 1079 681 1128 homooeutra
700 1079 810 1142 sphaeris
829 1080 947 1142 prioribus
966 1081 1034 1129 circa
1051 1079 1135 1128 mundi
1151 1086 1261 1129 centrum
1281 1082 1367 1130 diurno
1385 1089 1455 1131 motu
1467 1094 1524 1131 cum

161 1152 239 1214 primo
259 1151 329 1200 coeio
348 1152 582 1206 circumvolvuntur,
603 1151 743 1199 diudnntur
761 1158 845 1199 autem
863 1151 977 1214 singulae
994 1152 1020 1199 in
1040 1147 1056 1196 4
1074 1152 1235 1214 particulares
1255 1152 1325 1201 orbes
1345 1154 1522 1210 „ecoentricon

162 1222 404 1285 mceunspieycios,
434 1221 599 1270 deferentes“.
630 1220 743 1284 Sphaera
762 1219 793 1280 Θ
815 1237 845 1270 ex
864 1221 879 1268 5
899 1229 998 1269 constat
1017 1222 1113 1270 orbibus
1139 1223 1164 1269 iu
1183 1223 1311 1285 superficie
1330 1222 1460 1286 eclipticas
1480 1223 1522 1272 de·

160 1294 267 1355 scriptis,
287 1307 389 1356 quorum
408 1293 511 1341 extremi
530 1292 578 1340 dno
597 1300 655 1340 sunt
674 1293 807 1342 ecceutrici
828 1292 979 1351 „secuudum
1003 1292 1060 1356 quid
1081 1307 1125 1341 seu
1150 1307 1179 1340 ex
1201 1292 1288 1355 parte“
1309 1290 1372 1350 ee..
1397 1293 1423 1342 hi
1442 1295 1523 1343 vocari

160 1370 264 1426 possunt
282 1363 422 1412 deferentes
439 1377 577 1427 apogaeum
596 1378 687 1420 verum,
708 1363 847 1412 deferentes
867 1364 973 1425 corporis
988 1363 1087 1419 Solaris,
1109 1364 1178 1412 orbes
1191 1364 1333 1413 anomaliae
1346 1366 1459 1429 apogaei,
1481 1379 1522 1414 ec·

160 1435 324 1483 centricitatis
343 1432 422 1483 Solis¹⁴
442 1433 488 1482 dte.

232 1504 390 1554 inferioribus
408 1492 514 1568 planetis
534 1504 618 1552 tribuit
632 1503 748 1567 Magiuus
769 1502 784 1551 4
803 1512 829 1551 ιι
849 1502 873 1558 5,
895 1504 982 1551 lunae
1001 1519 1057 1552 vero
1075 1500 1174 1553 derbes
1193 1506 1344 1554 ecceutrioos
1362 1511 1388 1554 et
1401 1505 1523 1569 epicyclos
1619 1553 1623 1561 ,

160 1576 197 1624 ιιι
214 1576 321 1624 invicem
333 1575 483 1631 infibulatos,
504 1581 539 1633 ut,
559 1576 624 1624 sicut
643 1575 666 1621 in
687 1576 814 1637 prioribus,
835 1574 946 1623 soliditas
967 1574 1125 1637 sphaerarum
1138 1575 1189 1624 iere
1201 1577 1341 1625 necessario
1354 1576 1387 1627 ad
1399 1579 1521 1626 ιιιιιιιιι·

161 1646 219 1695 dam
236 1645 303 1696 banc
322 1647 496 1710 complicatam
514 1645 603 1693 molem
623 1646 772 1695 arcessenda
791 1647 829 1693 sit.

231 1784 260 1847 8)
280 1803 304 1851 p.
319 1784 378 1834 2⁴0.
404 1785 508 1849 Spectat
519 1785 557 1833 his
571 1785 696 1850 Keplerns
715 1786 799 1835 literas
813 1785 964 1835 Rothrnauui
984 1786 1007 1834 d.
1024 1785 1139 1836 Caesellio
1159 1787 1182 1836 d.
1204 1787 1244 1835 ii.
1260 1785 1309 1837 Oct
1324 1784 1405 1845 1587,
1424 1748 1450 1838 in
1469 1790 1522 1854 qni-

160 1858 204 1907 bns
221 1857 264 1908 ille
283 1858 315 1907 de
332 1857 419 1908 studiis
437 1857 488 1905 suis
506 1856 569 1905 haec
588 1856 674 1906 refert:

232 1961 373 2025 Conscripsi
391 1961 543 2025 Vitebergae
562 1960 679 2025 Orgauou
699 1960 905 2010 Mathematicum
934 1961 999 2024 quod
1018 1963 1130 2010 eontinet
1151 1961 1304 2026 Logisticam
1323 1964 1522 2028 sexagenariam,

161 2033 308 2084 Doctrinanr
328 2032 431 2082 Sinuum
449 2030 495 2079 ac.
533 2030 671 2093 Conscripsi
690 2033 781 2081 ibidem
800 2034 875 2080 etiam
894 2034 1091 2088 astronomiam,
1119 2034 1144 2080 iu
1162 2046 1212 2096 qua
1229 2032 1377 2095 hypotheses
1395 2032 1523 2097 Cepernici

161 2105 258 2153 nadnxi
278 2104 311 2152 ad
329 2104 492 2152 mobilitatem
512 2102 574 2152 Solis
594 2100 672 2165 (quod
691 2103 745 2151 fieri
763 2118 834 2165 posse
854 2117 903 2151 non
921 2100 1032 2167 ignoras)
1051 2103 1196 2167 singulaque
1211 2103 1376 2153 theoricarum
1393 2104 1524 2155 schemata

162 2176 256 2224 ιιιιιιι
266 2175 399 2223 Ριιιιιιιι
410 2174 550 2222 declarari.
590 2173 681 2221 Verum
699 2187 755 2223 cum
768 2188 811 2236 per
824 2174 1007 2223 observationes
1025 2174 1168 2228 invenerim,
1181 2174 1280 2223 ιιιιιιι
1293 2174 1439 2224 Ριιιιιιιιι
1451 2176 1523 2227 valde

161 2247 292 2312 insigniter
311 2259 327 2294 a
344 2246 451 2294 veritate
463 2244 532 2297 ,coeli
553 2244 653 2299 abesse,
673 2244 865 2306 publicationem
885 2249 939 2307 ejus
957 2244 1082 2307 hucusque
1102 2245 1199 2304 distuli,
1220 2259 1252 2293 ne
1270 2247 1383 2294 vitiosum
1402 2238 1523 2295 calculum

160 2331 202 2380 pro
221 2332 279 2366 vero
298 2316 449 2365 discentibus
468 2315 562 2364 rideres
580 2315 759 2363 commendare.
797 2314 863 2362 hiira
880 2315 1000 2364 brevitate
1024 2329 1068 2377 per
1087 2315 1156 2379 leges
1175 2315 1268 2380 logicas
1294 2316 1406 2365 dissectis
1425 2316 1522 2366 hetero-

161 2389 246 2451 geueis
265 2387 344 2435 multo
363 2386 434 2449 plura
450 2387 474 2434 iu
494 2400 549 2434 earn
564 2387 666 2447 conjeci,
687 2399 759 2448 quam
780 2387 909 2435 continent
928 2385 1041 2450 vulgares
1054 2385 1176 2448 sphaerici
1195 2394 1221 2435 et
1238 2386 1340 2436 ιιιιιιιι
1359 2387 1441 2436 libelii.
1472 2387 1531 2445 ιιι,

161 2459 243 2520 pulsus
268 2473 323 2506 sum
347 2458 379 2506 ad
397 2470 453 2506 eam
472 2458 628 2506 acerbissimo
648 2455 746 2513 dolore,
771 2457 835 2519 qnod
858 2459 965 2506 viderem
989 2457 1014 2504 iu
1034 2457 1168 2506 academiis
1193 2456 1253 2505 nibil
1278 2459 1329 2506 iere
1352 2458 1384 2506 de
1402 2458 1450 2507 hac
1469 2465 1523 2509 arte

161 2529 279 2593 intelligi3
305 2528 428 2577 calculum
447 2529 546 2590 quidem
565 2528 724 2576 Pruteuicum
742 2528 767 2575 in
786 2530 894 2576 omnium
913 2543 967 2578 esse
985 2528 1115 2583 manibus,
1142 2537 1169 2576 at
1187 2535 1284 2577 tautum
1302 2542 1372 2577 mera
1390 2528 1524 2579 Pruteuica

162 2607 298 2663 praecepta
316 2600 419 2648 tractari
438 2613 484 2647 neo
502 2601 613 2654 inveniri,
634 2600 674 2660 qni
692 2597 840 2660 hypotheses
855 2602 907 2661 ejus
918 2598 1066 2663 intelligant,
1086 2599 1228 2662 nequidem
1242 2601 1369 2655 intereos,
1389 2601 1430 2663 qui
1443 2608 1522 2649 astro-

162 2672 271 2719 nomiam
289 2670 451 2733 profiteantur
469 2683 499 2718 ac
521 2683 547 2717 se
567 2684 674 2717 summos
692 2669 881 2719 mathematicos
901 2678 996 2733 putent.
1034 2670 1130 2719 Motum
1152 2672 1330 2734 praecessionis
1353 2673 1521 2734 aequinoctio-

161 2755 213 2789 rum
234 2749 260 2790 ιι
278 2749 392 2789 ιιιιιιιι
410 2741 560 2804 obliquitatis
580 2740 689 2796 zodiaci,
710 2744 779 2801 cnjus
797 2739 945 2803 hypotheses
965 2742 1089 2789 nemiuem
1113 2741 1193 2790 adhuc
1212 2742 1260 2790 vidi
1279 2742 1364 2790 dextre
1383 2742 1522 2807 intelligere

161 2827 206 2862 nec
225 2820 251 2861 te
270 2812 361 2861 multos
380 2812 468 2859 vidisse
488 2813 604 2868 arbitror,
630 2825 727 2858 summa
750 2812 871 2860 facilitate
891 2818 917 2860 et
935 2813 1111 2875 perspicuitate
1136 2813 1254 2867 ιιιιιιιι,
1281 2813 1321 2875 qui
1346 2820 1432 2862 tamen
1450 2814 1523 2863 aliter

161 2883 308 2932 tractandus
332 2884 385 2943 jam
404 2889 454 2935 est,
482 2897 538 2930 cum
562 2881 649 2930 stellae
676 2896 734 2929 suas
760 2891 869 2931 mutasse
896 2882 1039 2932 latitudines
1058 2883 1222 2931 inveniantur.
1258 2881 1299 2930 De
1322 2884 1407 2932 diebus
1426 2898 1522 2948 qnoque

161 2961 211 3003 ism
231 2953 402 3002 artificialibus
420 2967 494 3016 quam
513 2952 667 3001 neutralibus
691 2952 769 3016 deque
788 2955 903 3016 temporis
924 2955 1072 3015 aequatione
1096 2968 1126 3001 ex
1145 2955 1196 3015 ipso
1216 2953 1377 3002 fundamento
1401 2968 1451 3002 non
1469 2954 1521 3003 rul-

161 3027 231 3088 gsria
249 3025 372 3089 proposui.
411 3022 487 3072 Orbes
507 3024 565 3085 illos
584 3024 663 3072 reales
687 3030 712 3072 et
731 3032 768 3072 tot
793 3038 851 3072 axes
870 3025 1030 3073 obscurantes
1055 3025 1135 3086 potius
1158 3025 1332 3072 astronomiam
1351 3038 1425 3087 quam
1445 3025 1521 3088 expli·

161 3103 247 3144 ιιιιιι
273 3095 494 3158 prorsussustuli.
532 3094 560 3142 ln
585 3094 697 3143 theorica
721 3092 752 3154 Θ
781 3089 850 3156 et)
880 3109 956 3142 unam
983 3101 1009 3143 et
1027 3094 1132 3142 eandem
1159 3094 1303 3143 circulorum
1329 3097 1522 3161 suppositionem

161 3169 273 3226 msumsi,
294 3168 407 3214 nimirum
426 3167 601 3221 eoceutricnm,
621 3169 691 3227 cujus
710 3172 821 3213 centrum
840 3168 865 3213 iu
884 3165 981 3213 circello
1006 3179 1080 3227 supra
1098 3171 1209 3213 centrum
1227 3165 1312 3214 muudi
1331 3167 1356 3214 iu
1374 3166 1442 3216 linea
1460 3180 1521 3229 apo·

160 3239 216 3300 gsei
235 3237 311 3286 medii
336 3238 478 3300 etquidem
502 3238 527 3285 in
547 3243 630 3286 centro
649 3237 753 3285 'mediae
773 3238 965 3285 eccentricitatis
991 3237 1142 3286 consistente
1165 3238 1198 3284 sit
1215 3236 1319 3285 mobile·
1348 3243 1522 3301 praeterquam

160 3309 247 3371 quod'
241 3324 267 3356 ιι
281 3308 338 3357 Sole
357 3307 482 3356 anomalia
500 3308 626 3369 simplex'
620 3322 646 3355 in
664 3321 761 3356 summa
779 3308 870 3356 circelli
888 3314 960 3370 parte
979 3308 1091 3370 incipiat,
1112 3309 1137 3356 iu
1152 3307 1225 3356 Luna
1237 3321 1293 3356 vero
1313 3309 1416 3372 duplata
1434 3323 1451 3358 a
1463 3307 1521 3359 Sole

161 3379 281 3428 ιιιιιιιιι
304 3380 408 3441 incipiat
431 3380 553 3427 contrario
576 3379 648 3428 modo
668 3379 699 3428 ab
723 3380 774 3427 ima
798 3379 888 3427 circelli
907 3385 986 3441 parte.
1025 3377 1130 3427 Omnino
1156 3393 1227 3444 spero
1254 3379 1377 3429 discentes
1400 3393 1521 3429 summum

160 3441 215 3500 lude
234 3451 342 3499 fructum
361 3463 450 3513 capere
468 3464 548 3512 posse
1008 3465 1011 3479 ¹

228 3521 301 3570 Haec
320 3520 520 3569 Rothmannus
514 3536 539 3568 sn
558 3520 675 3570 literisd.
697 3516 737 3567 id.
760 3518 817 3569 Οιι
839 3517 907 3568 1588
926 3519 957 3568 ad
971 3520 1114 3583 Tychouem
1135 3521 1199 3569 datis
1218 3522 1253 3569 sic
1273 3520 1405 3583 explanare
1423 3520 1520 3570 studet:

161 3589 220 3641 (lum
240 3582 372 3641 Elementa
389 3606 447 3641 mea
464 3593 637 3640 Astronomioa
655 3592 842 3646 conscriberem,
862 3590 959 3639 Lunam
979 3597 1004 3640 et
1023 3590 1106 3641 Solem
1124 3593 1192 3640 circa
1209 3591 1311 3640 Terram
1330 3592 1518 3652 constituebam,

161 3664 246 3712 sedin
265 3662 631 3725 homocentrepicyclepicyciis,
652 3663 676 3709 iu
696 3669 780 3711 centro
799 3677 856 3710 vero
875 3664 973 3722 majoris
993 3669 1018 3711 et
1036 3664 1106 3725 primi
1125 3663 1229 3725 epioycli
1241 3661 1304 3711 Solis
1322 3677 1416 3711 rursum
1434 3662 1519 3711 homo·

161 3733 449 3797 centrepioyclepicyclos
468 3733 613 3796 reliquorum
631 3733 796 3795 planetarum,
816 3734 852 3781 ita
869 3740 898 3780 ut
917 3740 1027 3781 centrum
1045 3732 1308 3783 homocentricorum
1301 3748 1327 3780 su
1344 3734 1443 3797 reliquis
1466 3733 1519 3796 pla·

161 3807 222 3854 netis
241 3806 307 3854 idem
325 3818 423 3866 semper
441 3809 507 3853 esset
526 3818 581 3852 cnm
601 3811 685 3852 centro
704 3805 803 3865 majoris
822 3802 925 3866 epicyoli
945 3803 1008 3852 Solis
1034 3818 1132 3867 unaque
1157 3819 1201 3867 per
1218 3802 1325 3852 medium
1345 3802 1408 3852 Solis
1426 3811 1520 3853 motum

161 3875 182 3924 iu
200 3875 386 3926 homocentrico
406 3874 469 3924 Solis
490 3875 721 3924 circumduceretur.
761 3874 810 3924 Sed
829 3875 855 3924 id
873 3890 921 3922 uon
940 3889 1004 3923 nova
1022 3875 1118 3923 ratione
1137 3875 1273 3930 faciebam,
1301 3873 1346 3924 sed
1364 3888 1461 3936 prorsus
1479 3889 1518 3924 se-

162 3948 266 3995 cundum
287 3946 458 4008 Ceperuicum,
478 3961 524 3994 nec
543 3953 571 3992 ut
590 3946 724 3993 conversim
744 3960 788 4007 per
806 3947 889 3993 omnia
907 3945 1054 4008 hypotheses
1075 3943 1204 4007 Copernici
1230 3945 1262 3992 ad
1281 3944 1442 3994 mobilitatem
1456 3944 1519 3995 Solis

161 4019 316 4066 transferrem
335 4016 407 4065 aliter
429 4017 512 4066 iacere
531 4024 656 4079 poteram:
683 4016 843 4079 videbamque
870 4030 925 4064 eam
945 4018 1065 4064 rationem
1097 4025 1122 4063 et
1146 4016 1279 4064 Rhetionm
1304 4021 1329 4064 et
1353 4015 1519 4065 Reinholdum

161 4086 307 4138 intellexisse
310 4122 418 4135 ......
445 4088 518 4135 Διιιι
537 4088 645 4135 iuvenire
665 4101 714 4134 uon
733 4102 839 4149 possum,
859 4100 933 4150 quam
946 4087 1038 4135 nuliam
1057 4093 1155 4149 praeter
1172 4088 1272 4135 unicam
1292 4084 1423 4149 Copernioi
1440 4086 1517 4151 hypo·

161 4159 238 4209 thesin
262 4173 347 4208 veram
374 4173 436 4207 esse.
473 4158 527 4207 Nec
551 4164 641 4219 peccat
664 4157 727 4206 haee
748 4165 834 4206 contra
853 4158 955 4220 physica
975 4159 1139 4224 principia..
1155 4193 1177 4212 .,
1205 4171 1252 4206 ιιι
1277 4158 1359 4210 obstat
1383 4160 1518 4209 auctoritas

161 4243 284 4280 sacrarum
303 4231 437 4278 literarum.
473 4228 529 4277 Nou
549 4235 633 4277 tamen
652 4227 799 4290 hypotheses
813 4228 994 4291 Copemicaeas
1014 4228 1163 4277 discentibus
1172 4229 1344 4292 proponendas
1357 4244 1411 4278 esse
1422 4230 1517 4292 judico,

162 4315 213 4350 sum
233 4316 280 4351 eae
299 4302 339 4348 vix
358 4302 389 4349 ab
410 4300 543 4348 artificibus
562 4300 742 4361 percipiantur,
770 4308 797 4346 ut
815 4314 845 4348 ue
866 4299 1013 4348 Maestlinns
1033 4300 1131 4363 quidem
1149 4307 1243 4347 motum
1261 4299 1397 4349 librationis
1416 4303 1441 4348 in
1460 4301 1517 4348 lati·

161 4373 285 4422 munibus
304 4364 493 4434 et'obliquitate
520 4370 615 4418 zodiaci
641 4377 708 4418 recte
727 4370 857 4434 iutelligit;
885 4371 930 4418 sed
949 4384 1007 4426 eas,
1034 4371 1166 4434 quaesiui
1189 4371 1298 4420 omniurn
1316 4371 1461 4427 facillimae,
1490 4376 1519 4419 ut

160 4444 310 4504 pedetentim
337 4456 453 4491 accessus
477 4441 509 4492 ad
528 4440 689 4503 Copernicum
716 4443 848 4504 aperiatur.
887 4441 1041 4503 Quapropter
1065 4442 1117 4503 ipse
1136 4456 1231 4505 quoque
1246 4441 1280 4489 'iu
1299 4441 1434 4491 Elementis
1457 4441 1518 4489 meis

161 4515 336 4564 Διιιιιιιιιιιι
356 4514 505 4575 superiorem
524 4512 600 4565 illam,
610 4511 771 4560 inversionem
790 4513 895 4574 expunxi
920 4520 946 4559 ιι
965 4512 1115 4561 ιιιιιιιιιοι
1138 4513 1163 4559 ιι
1188 4518 1272 4561 centro
1291 4512 1374 4560 mobili
1393 4510 1517 4567 substitui,

162 4592 186 4633 ut
203 4587 330 4636 (ιιιιιιιιι
349 4597 516 4648 apogaeorum
534 4590 616 4630 motus
640 4589 665 4630 et
683 4582 738 4631 ioca
758 4597 786 4630 eo
813 4584 909 4631 iacilius
927 4582 1065 4646 intelligere
1083 4589 1184 4645 possent
1209 4589 1236 4631 ιι
1260 4582 1374 4630 addito
1368 4597 1393 4630 su
1411 4581 1519 4644 planetis
1579 4601 1582 4607 ·

162 4657 268 4720 epicyclo
288 4656 445 4711 direcdones,
466 4655 585 4703 stationes
605 4660 631 4702 et
649 4654 813 4716 regressiones
833 4668 861 4701 eo
881 4654 971 4702 fierent
988 4653 1180 4710 manifestiores,
1199 4667 1246 4702 nec
1266 4654 1342 4702 etiam
1359 4651 1520 4700 latitudinum

160 4729 220 4776 satio
240 4727 305 4781 adeo
325 4732 391 4775 esset
409 4726 515 4774 obscura
533 4732 560 4773 et
577 4724 705 4773 intricata.
743 4723 781 4772 Ne
800 4731 886 4774 tamen
903 4724 1041 4773 deessem
1034 4725 1167 4789 ingeniosis
1186 4731 1213 4773 et
1229 4724 1267 4781 iis,
1286 4722 1328 4786 qui
1344 4725 1398 4785 jam
1410 4735 1518 4772 commu-

160 4810 201 4849 nes
219 4804 333 4849 motuum
351 4795 503 4863 siugvsiorum
521 4795 613 4846 iormas
631 4794 813 4860 intelligerent,
838 4795 870 4847 ad
888 4795 963 4846 ιιιιι
982 4809 1038 4847 eam
1056 4795 1087 4846 de
1106 4808 1155 4860 qus
1173 4807 1249 4858 supra
1266 4793 1315 4844 dixi
1334 4792 1463 4858 Copemloi
1480 4794 1517 4844 in·
