3366 5482
662 214 823 276 mam..
1361 184 1417 290 ‘ts

60 382 242 464 aphaeresin
283 383 414 447 eecentri
449 398 506 445 non
542 403 608 445 esse
638 380 856 465 adjungendam
883 384 921 445 ad
948 374 1139 466 παραιιαξιι·
1154 385 1233 447 orbis
1260 405 1314 466 pro
1345 405 1416 448 arcu

60 473 112 534 illo
135 473 307 553 capiendo,
341 474 424 554 cnjus
447 474 529 534 sinus
553 472 593 534 sit
616 472 761 534 distantia
784 472 912 535 Telluris
936 493 954 534 a
977 483 1089 536 centro.
1135 474 1213 537 Nam
1237 468 1262 536 si
1287 475 1415 548 additur,

54 570 129 623 tcta
150 562 439 643 prosthapbaeresis
463 569 520 623 non
545 561 697 623 exhibebit
718 563 877 624 maximam
895 560 1060 642 planetae,
1099 561 1163 624 sive
1190 564 1291 645 potius
1324 563 1415 644 mini-

54 668 141 713 >mam
164 651 281 712 Terrae
306 651 496 726 distantiam,
522 651 576 712 sed
598 650 697 726 illam,
722 670 809 732 qnam
832 651 923 713 babet
946 652 975 713 in
998 652 1050 713 illo
1073 648 1138 713 loco
1161 658 1244 715 certo
1268 653 1415 727 eceentri-
1473 673 1478 684 ·

61 739 178 802 citatis.
228 739 477 802 commodissime
500 739 592 819 igitur
613 738 932 819 maximamplanetae
948 740 1126 804 distantiam
1139 736 1273 803 elicimus
1288 761 1325 808 ex
1340 760 1415 821 apo-

62 846 141 909 gaea
162 828 442 909 proetbaplmeresi.
482 825 680 890 'Contrarium
704 836 805 891 antem
827 830 858 891 in
871 829 1060 892 interioribus
1075 822 1303 892 obseruandum.
1335 830 1415 893 Nam

64 916 122 994 illi,
156 919 254 980 dnm
250 927 418 980 censentur
439 918 469 981 ln
492 917 591 980 media
613 917 816 999 longitudine,
845 927 915 980 sunt
937 919 966 980 in
991 917 1114 1000 ἀφηλιῳ,
1138 927 1169 980 et
1191 910 1323 982 vicissim
1347 919 1416 981 dnm

62 1015 215 1088 apparent
237 1007 267 1069 in
290 1005 414 1088 droyem
435 1003 504 1068 vel
507 1013 646 1087 uaporem,
669 1015 739 1068 sunt
762 1004 791 1068 iu
814 1007 913 1069 media
936 1008 1092 1072 distantia.
1138 1007 1236 1088 Igitur
1248 1025 1303 1087 pro
1316 1004 1416 1071 media

63 1112 165 1158 eurum
198 1096 347 1158 distantia
378 1094 490 1158 aSol'e
517 1095 725 1217 computanda
757 1089 893 1158 existimo
916 1086 1124 1158 conferendam
1146 1095 1315 1179 parallaxin
1337 1115 1413 1176 apo-

61 1200 173 1291 gaearu
198 1199 265 1247 cnm
282 1185 445 1266 perigaet:
469 1203 546 1266 quae
569 1188 627 1246 non
642 1189 703 1264 'per
725 1183 910 1247 differentiae
934 1199 1063 1260 arcuum,
1089 1184 1167 1249 sed
1160 1191 1213 1265 pei
1228 1185 1414 1253 differentiae

63 1275 181 1336 nanum
204 1274 399 1336 ιιίιιιιίοιιιιιι
422 1274 629 1354 investigatur.
675 1273 809 1335 Maxima
841 1282 940 1336 antem
973 1275 1120 1337 distantia
1152 1271 1264 1338 aSole
1287 1275 1414 1338 habetur

63 1382 99 1425 ex
121 1363 257 1425 maxima
274 1363 488 1442 elongatione3
521 1363 672 1443 elongatio
695 1363 843 1439 maxima,
868 1365 895 1426 si
917 1364 1197 1444 proathapbaeresis
1221 1365 1350 1461 eccentri
1374 1365 1412 1426 ad

62 1453 191 1516 mediam
212 1452 383 1532 parallaain
403 1451 487 1514 orbis
512 1451 700 1532 adjungatur.

144 1540 223 1604 Jam
246 1556 391 1604 summam
415 1550 524 1617 eorum,
549 1560 624 1621 qnae
649 1541 778 1623 scriptas
801 1541 903 1603 theses
926 1544 1100 1622 sequnntur,
1125 1540 1308 1621 subjungam
1341 1541 1412 1616 Mo·
1478 1551 1482 1559 '

62 1631 119 1694 trix
142 1631 266 1705 anima,
289 1639 323 1692 nt
346 1629 449 1704 dixi,
438 1648 470 1692 m
494 1629 576 1692 Sole.
623 1628 657 1692 Si
678 1639 778 1692 motus
802 1630 969 1711 aequalitas
993 1640 1025 1691 et
1046 1629 1126 1691 idem
1147 1629 1233 1710 'vigor
1255 1628 1370 1693 veniret
1394 1652 1412 1692 a

63 1719 130 1783 Sole
152 1721 187 1783 in
213 1730 317 1782 omn'es
340 1720 445 1793 orbes,
468 1727 567 1780 tamen
592 1736 666 1780 unns
690 1719 748 1780 alio
772 1720 887 1781 tardius
910 1717 1093 1793 circumiret,
1116 1726 1240 1798 propter
1265 1720 1410 1801 inaequa-

63 1811 178 1872 litatem
203 1809 343 1871 ambitns.
390 1808 537 1888 Tempora
558 1808 711 1888 periodica
734 1816 846 1882 essent,
869 1817 902 1871 nt
921 1808 1032 1871 circuli.
1078 1808 1159 1870 Nam
1174 1807 1328 1888 quantitas
1342 1822 1408 1872 mo-

64 1909 124 1970 tum¹
141 1898 279 1961 metitur.
326 1896 439 1960 Circnli
461 1904 562 1959 autem
584 1905 617 1958 ut
639 1896 865 1971 semidiametri,
889 1897 1004 1958 seilicet
1019 1904 1053 1958 nt
1067 1896 1239 1959 distantiae.
1285 1896 1337 1960 Sic
1360 1898 1409 1959 fa·

66 1988 169 2051 dldme
194 1987 446 2049 constitueremus
470 2005 513 2047 ex¹
529 1984 658 2047 motibus
683 1986 788 2047 mediis
804 1994 887 2047 certo
902 1985 1030 2065 coguitis
1053 1982 1167 2048 medias
1183 1986 1274 2047 etiam
1289 1980 1408 2050 distan-

65 2079 126 2139 tias.
176 2075 241 2139 Sed
265 2075 383 2138 accedit
400 2076 461 2137 alla
484 2094 594 2149 causa,
625 2093 699 2155 qnae
727 2075 876 2137 tardiores
900 2075 993 2137 efficit
1015 2074 1199 2136 remotiores.
1247 2073 1409 2156 Capiamus

65 2187 80 2228 a
97 2169 167 2230 lnce
190 2166 437 2245 experimentum.
482 2164 562 2226 Nam
584 2164 634 2226 lux
658 2173 689 2225 et
703 2173 801 2226 motas
816 2164 916 2244 otique
930 2173 965 2226 ut
991 2162 1103 2242 origine
1128 2163 1171 2224 sic
1186 2163 1278 2226 etiam
1292 2166 1409 2227 actibus

65 2254 229 2359 conjuncti,
261 2263 293 2316 et
323 2254 426 2316 forsan
454 2253 521 2337 ipsa
550 2253 600 2313 lux
622 2253 790 2315 vehiculum
814 2263 920 2323 motus
935 2261 992 2314 est.
1039 2249 1136 2334 igitur
1157 2253 1187 2313 in
1208 2272 1303 2333 parvo
1327 2253 1407 2329 orbe,

66 2345 162 2407 etsic
190 2344 285 2407 etiarn
311 2344 341 2405 in
369 2361 463 2423 parvo
490 2342 600 2404 circulo
627 2360 718 2422 prope
749 2342 851 2405 Solem
874 2341 1178 2415 tantnmestlucis,
1213 2343 1408 2422 quantumin

65 2448 167 2515 magno
191 2441 225 2494 et
246 2432 414 2495 remotiore.
461 2431 589 2493 Tennior
612 2431 702 2511 igitur
725 2431 805 2492 ιιιιιΙ
798 2450 827 2492 m
851 2449 969 2512 magno,
994 2432 1023 2492 in
1055 2438 1182 2521 angusto
1204 2430 1366 2495 confertior
1379 2440 1411 2494 et

68 2523 174 2586 tortior.
222 2524 268 2584 At
299 2523 374 2584 haec
407 2519 550 2582 tortitudo
582 2537 697 2582 mrsnm
730 2529 777 2583 ιιι
800 2522 828 2582 in
853 2521 1029 2582 circulorum
1050 2514 1260 2601 proportione,
1292 2519 1356 2583 sive
1379 2521 1408 2583 in

67 2611 280 2674 damntiarum.
327 2609 393 2673 Si
380 2630 444 2690 Jam
467 2610 572 2671 eadem
595 2611 672 2672 ratio
696 2602 794 2673 motus
817 2618 865 2671 est
898 2597 972 2690 (qna
994 2608 1113 2690 quidem
1135 2628 1167 2672 re
1190 2608 1264 2671 nibil
1287 2611 1409 2672 concin-

68 2701 124 2763 nitra
146 2701 222 2782 tingi
244 2702 374 2782 potest),
399 2706 540 2779 sequetur
558 2697 719 2760 distantias
743 2699 790 2761 bis
816 2700 913 2762 lacere
937 2699 976 2760 ad
995 2706 1093 2760 motus
1117 2697 1293 2762 tarditatem
1321 2699 1409 2764 indn-

69 2790 195 2852 eneam.-
242 2787 345 2860 Quare
373 2788 496 2849 dimidia
523 2786 669 2849 different
647 2796 690 2848 tra
718 2796 849 2851 motuum
877 2788 1000 2849 dnomm
1023 2787 1165 2867 adjuncta
1187 2787 1293 2850 minori
1316 2788 1410 2851 motui

69 2879 289 2943 emesenus
311 2876 497 2941 remotioris:
520 2885 618 2938 motus
642 2877 707 2956 ipse
731 2878 826 2940 minor
840 2877 898 2939 erit
913 2873 1297 2957 distantiapropinquioris.
1330 2878 1409 2941 Vide

69 2969 130 3048 quid
153 2969 298 3051 sequatur
320 2966 351 3029 in
375 2968 432 3028 hoc
455 2967 679 3047 diagrammate.

922 3106 961 3159 Ex
978 3113 1046 3158 mota
1085 3072 1122 3122 E¹
1134 3071 1227 3192 3⁸:³³&
1261 3105 1410 3158 Differentta

519 3211 540 3290 t>
907 3215 958 3290 'il
981 3211 1044 3278 574
1124 3210 1188 3278 563
1278 3206 1386 3294 -1-11

497 3303 548 3378 tl
608 3312 656 3365 est
682 3301 784 3379 1000,
816 3311 879 3365 tum
930 3301 1044 3374 <5274
1123 3299 1189 3368 294
1279 3334 1323 3354 -·.
1343 3301 1387 3367 20

145 3391 182 3457 si
204 3393 353 3456 distantia
375 3393 474 3455 media
519 3400 545 3462 d
607 3391 667 3456 erit
697 3393 796 3455 media
830 3393 878 3456 di-
931 3388 1042 3470 15694
1123 3388 1189 3456 658
1278 3390 1321 3473 -l-
1345 3389 1393 3455 36·

519 3484 544 3557 ὃ
682 3483 798 3544 stantia
932 3482 957 3555 Q
978 3478 1038 3544 761
1124 3477 1188 3545 710
1278 3480 1321 3560 -l-
1344 3479 1387 3546 42

520 3569 545 3644 Ω
931 3568 1039 3648 11563
1121 3566 1186 3634 519
1278 3568 1387 3650 -1-14

143 3678 226 3739 Ecce
250 3696 337 3757 quam
360 3691 452 3755 prope
475 3675 634 3737 veritatem
659 3676 798 3739 venerim.
844 3675 886 3737 Et
909 3676 1005 3738 adhuc
1029 3677 1166 3750 dubitas,
1200 3676 1316 3756 quoties
1344 3678 1407 3738 tale

65 3766 128 3846 quid
149 3767 283 3842 incidat,
316 3785 365 3827 me
398 3764 490 3842 large>
513 3765 679 3827 lachmmas
704 3765 835 3826 fundere.
881 3766 960 3827 Nam
982 3766 1082 3828 hercle
1106 3767 1180 3828 haec
1203 3765 1252 3827 via
1275 3787 1294 3826 a
1315 3767 1407 3845 priori

64 3864 107 3917 est
128 3856 173 3918 ad·
189 3863 289 3917 motos
312 3853 523 3934 corrigendos;
556 3873 610 3915 nec
634 3855 716 3916 nulla
734 3872 804 3936 spes
823 3853 849 3916 si
872 3854 923 3916 alii
947 3855 1139 3930 annitantnr,
1165 3854 1269 3937 quibus
1293 3874 1405 3935 suppe-

62 3953 124 4007 tunt
145 3944 386 4006 observationes.
432 3943 467 4004 In
491 3943 592 4005 ordine
612 3944 702 4006 tertio
726 3949 797 4005 sunt
820 3942 1004 4006 differentiae
1023 3943 1103 4006 inter
1116 3944 1291 4007 distantiam
1305 3941 1407 4006 ieram

63 4031 216 4115 Cupernici
250 4041 285 4094 et
313 4034 392 4095 inter
422 4032 588 4112 conjectam
613 4049 649 4094 ex
672 4040 764 4094 motu.
811 4030 897 4104 Quae
921 4033 1056 4114 quamvis
1072 4033 1224 4095 'immanes
1246 4033 1404 4095 videntur:

60 4131 155 4186 tamen
178 4123 263 4185 inest
285 4122 316 4184 in
338 4121 399 4184 illia
422 4123 591 4203 aequalitas
615 4122 778 4203 quaedam,
802 4131 836 4183 nt
858 4122 936 4185 sient
958 4122 1051 4184 cubus
1074 4123 1230 4193 octaedro,
1255 4123 1405 4184 dodecad-

61 4211 129 4274 drcn
151 4212 311 4275 icossedro
335 4211 440 4273 similis
455 4220 512 4285 est,
535 4211 580 4273 ita
603 4210 694 4272 etiam
719 4211 904 4273 differentiae
927 4211 1192 4295 propemodnmin
1215 4209 1235 4289 b
1258 4209 1297 4288 ll,
1325 4210 1349 4286 Q
1373 4214 1404 4290 Q,

62 4301 126 4364 item
148 4303 181 4364 in
205 4299 472 4376 616,.6Qsint
495 4300 619 4363 similes.
666 4299 840 4362 Deinde‘ut
863 4302 1014 4380 proportio
1031 4301 1111 4363 inter
1129 4299 1263 4375 ildest
1277 4300 1405 4364 solitarii

61 4392 202 4472 corporis,
227 4408 272 4452 sc.
296 4390 458 4451 tetraddri:
490 4389 534 4451 ita
556 4389 705 4471 peculiare
728 4390 785 4451 hoc
808 4389 900 4451 babet
919 4389 1086 4453 differentia
1109 4390 1193 4470 ejus,
1218 4397 1251 4452 nt
1272 4391 1340 4470 plns
1364 4390 1405 4451 sit

60 4478 288 4564 incepernico,
313 4498 380 4542 cnm
402 4479 452 4541 ille
471 4478 502 4540 in
525 4479 634 4541 ceteris
658 4479 753 4540 minus
777 4494 896 4567 semper
919 4479 1063 4541 obtineat.
1102 4478 1202 4541 Tertio
1218 4479 1267 4560 qni
1280 4480 1404 4559 planeta

62 4569 92 4630 ad
113 4569 301 4652 superiorem
323 4567 452 4638 vicinum
474 4567 594 4648 propios
614 4568 759 4641 ascendit,
783 4586 902 4647 semper
924 4568 1017 4631 habet
1036 4569 1179 4648 majorem
1195 4569 1414 4653 differentiam.

64 4656 155 4730 012,
181 4662 207 4736 ὅ
233 4654 286 4733 36,
312 4654 409 4735 014,-
432 4657 463 4732 ll
489 4654 542 4733 ll,
567 4665 592 4728 ct
615 4655 658 4721 20
681 4658 805 4720 alterius
828 4657 949 4737 speciei.
995 4657 1052 4726 Hic
1071 4658 1136 4738 jam
1160 4659 1303 4720 hactenns
1327 4657 1400 4717 hae-

63 4766 113 4810 reo.
159 4750 241 4811 Nam
263 4746 418 4830 piaculare
442 4746 590 4824 existimo,
614 4746 766 4809 distantiis
789 4746 895 4809 mediis
910 4747 939 4808 in
955 4747 1137 4809 correctione
1152 4740 1267 4809 tantum
1281 4745 1402 4822 addere,
