3366 5482
158 217 202 289 tt
704 321 707 328 Ι
748 220 909 279 eamn

159 382 269 462 majori
289 381 392 446 labore
415 380 525 461 agitur.
571 382 599 444 li
619 399 685 443 cnm
708 399 817 444 nornen
835 381 904 443 iude
919 380 1062 452 habeant,
1085 380 1335 444 aon<·ooneedunt
1356 378 1512 463 postulata

148 473 222 534 -sine
246 470 511 535 demonstratione.
559 469 691 540 Quorum
716 489 773 550 quo
797 470 963 549 imperitior
986 470 1119 551 quisque,
1143 470 1199 532 hoc
1223 469 1290 550 plus
1317 468 1432 549 negotii
1446 511 1447 514 ,
1461 467 1511 528 ia-

158 561 261 623 cessit.
308 560 514 623 Veruntamen
538 570 569 621 et
592 559 824 621 hiorcmedium
848 559 988 621 adhibere
1011 567 1114 642 potest
1138 559 1276 621 solitudo.
1315 558 1374 619 Est
1387 557 1417 618 in
1434 575 1510 637 quo-

159 649 321 712 libetloco
345 648 576 712 mathematicus
599 665 691 722 uuus'3
715 648 746 710 id
768 648 819 711 ubi
843 656 904 729 est,
925 646 1067 730 optimum
1091 655 1147 711 est
1162 648 1165 651 ⁴
1191 649 1265 710 Tum
1289 647 1315 709 si
1330 646 1424 708 habet
1439 644 1512 710 alibi

151 740 289 819 ¹locorum
313 739 459 819 opinionis
483 738 614 812 socium,
639 736 745 799 literas
768 737 837 799 ab'
829 756 895 825 ipso
919 737 1078 819 impetret,
1112 756 1172 818 qua
1194 739 1309 799 ratione
1333 734 1512 799 monstratis

149 827 254 916 ¹litoris
277 829 350 909 (quo
372 846 489 890 mrsum
512 827 608 891 etiam
626 826 697 890 mihi
721 834 790 889 tuae
813 818 953 908 prosunt)
977 826 1146 908 opinionem
1168 826 1276 889 hanc
1267 846 1298 888 ru
1314 825 1421 887 animis
1436 825 1511 887 doc-

158 925 257 980 torum‘
280 917 413 979 excitare
435 923 557 996 potest,
592 914 678 997 quasi
705 935 808 978 omnes
836 916 963 996 undique
986 917 1174 996 professores
1196 916 1414 977 anathematum
1437 932 1511 976 con

158 1007 315 1068 sentirent
362 1006 476 1068 Verum
499 1005 569 1086 quid
593 1006 697 1068 fraude
720 1023 794 1110 opus
817 1006 890 1067 est?
931 1003 1054 1067 Oonhde
1079 1003 1227 1073 Galilaei‚
1260 1013 1292 1065 et
1318 1003 1511 1084 progredere.

90 1090 92 1092 ’
158 1094 192 1159 Si
215 1096 291 1157 hene
315 1094 468 1174 conjecto,
498 1095 585 1176 pauci
610 1094 646 1156 de
669 1094 838 1175 praecipuis
861 1094 1000 1176 Europae
1023 1094 1246 1157 mathematicis
1270 1092 1398 1156 anobis
1422 1112 1510 1155 sece-

159 1186 228 1247 dere
256 1185 381 1245 volent:
418 1191 507 1246 tanta
532 1184 578 1245 vis
607 1192 655 1247 est
682 1182 830 1246 veritatis.
851 1182 912 1247 'Si
941 1183 998 1246 tihi
1025 1183 1116 1246 ltalia
1143 1184 1238 1245 minus
1269 1189 1318 1245 est
1341 1181 1450 1244 idonea
1474 1183 1513 1244 ad

134 1272 402 1357 publicationem,
427 1279 459 1334 et
481 1274 508 1336 si
531 1273 632 1354 aliqua
653 1273 809 1336 habiturus
833 1293 865 1335 es
880 1273 1110 1358 impedimenta,
1128 1273 1229 1334 forsan
1245 1270 1412 1335 Germania
1425 1271 1513 1333 nohis

158 1364 236 1425 hanc
259 1361 430 1424 libertatem
453 1363 607 1426 concedet.
653 1360 716 1425 Sed
739 1363 776 1424 de
799 1363 847 1425 hia
871 1362 958 1424 satis.
1005 1363 1050 1424 Tu
1074 1362 1181 1424 saltem
1205 1360 1326 1443 scriptis
1341 1360 1413 1423 milri
1428 1379 1513 1423 com·

158 1451 275 1528 munica
298 1450 462 1554 privatim,
499 1451 526 1513 si
553 1451 671 1541 publice
702 1471 760 1514 uon
789 1440 910 1533 placet,
946 1451 972 1513 si
996 1451 1096 1533 quid'
1089 1470 1118 1513 ιιι
1143 1449 1302 1533 (lopernici
1325 1451 1512 1515 commodum

158 1535 345 1602 invenisti.

246 1630 333 1691 Nunc
357 1627 412 1691 abs
435 1637 466 1691 te
489 1628 592 1709 placet
615 1628 727 1710 aliquid
751 1577 992 1691 observationum
1014 1627 1188 1709 postulare:
1214 1626 1331 1690 scilicet
1352 1627 1440 1699 mihi,
1464 1628 1513 1708 qui

159 1717 365 1782 instrumentis
389 1737 486 1788 careo,
512 1718 742 1799 confugiendum
766 1727 813 1780 est
800 1718 875 1780 tad
899 1716 986 1780 alios
1031 1717 1136 1780 Habes
1158 1717 1372 1797 quadrantem,
1402 1718 1432 1778 in
1456 1737 1513 1798 quo

157 1808 257 1890 possis
280 1814 383 1869 notare
407 1807 531 1887 singula
549 1808 688 1888 scrupula
710 1806 806 1887 prima
829 1817 861 1869 et
884 1798 1067 1887 quadrantes
1089 1806 1271 1910 primorum?
1295 1805 1459 1870 Observa
1450 1807 1511 1886 rgi-

158 1906 216 1970 tur,
240 1897 324 1960 circa
346 1888 395 1960 19.
411 1896 486 1959 Deo.
511 1898 651 1971 futurum,
675 1897 745 1958 altit
747 1897 865 1958 udinem
888 1895 1055 1959 eductionis
1080 1895 1222 1958 caudae
1214 1917 1242 1958 ιιι
1256 1896 1338 1960 Ursa
1351 1915 1514 1960 maxumam

158 1993 190 2049 et
212 1986 366 2049 minimam
389 1985 494 2047 eadem
517 1994 616 2049 nocte
663 1984 724 2060 Sic,
750 1986 830 2048 circa
853 1980 905 2048 26.
929 1984 1020 2060 Dec,
1046 1985 1173 2048 observa
1196 1986 1335 2048 similiter
1357 1995 1514 2067 utramque

158 2075 264 2137 stellae
287 2074 403 2152 polaris
427 2074 481 2135 alti
484 2075 625 2136 tudinem.
663 2073 794 2141 Primam
819 2074 939 2136 stellam
962 2073 1090 2135 observa
1113 2074 1204 2136 etiam
1228 2075 1308 2136 circa
1334 2070 1384 2138 19.
1409 2073 1513 2137 Martii

159 2163 229 2225 anni
252 2159 295 2227 98
314 2161 471 2224 altitudine
495 2171 642 2224 nocturna
663 2162 738 2226 hora
764 2160 824 2234 12;
848 2163 975 2223 alteram
998 2181 1024 2223 c.
1045 2160 1098 2226 28.
1124 2162 1222 2244 Sept,
1246 2164 1337 2226 etiam
1360 2164 1436 2227 hora
1461 2161 1511 2227 12.

158 2250 237 2316 Nam
260 2251 295 2324 si,
322 2251 400 2332 quod
424 2258 504 2330 opto,
530 2251 699 2313 differentia
722 2252 868 2331 quaedam
892 2251 971 2312 inter
994 2251 1079 2313 binas
1104 2251 1329 2315 observationes
1344 2253 1513 2316 intercedet

159 2342 245 2404 unius
268 2348 359 2421 atque
383 2339 507 2402 alteriue
531 2338 679 2421 scmpnli,
703 2341 800 2420 magis
823 2340 849 2402 si
876 2335 916 2402 10
939 2349 991 2404 aut
1017 2339 1074 2417 15,
1108 2342 1150 2404 rei
1174 2361 1228 2421 per
1251 2350 1347 2405 totam
1370 2351 1512 2413 astronn,

158 2431 249 2493 miam
275 2428 423 2491 latissime
447 2428 571 2492 diffusae
596 2437 803 2509 argumentum
823 2428 889 2491 erit.
923 2427 976 2492 Sin
1001 2439 1101 2502 autern
1124 2431 1197 2492 nihil
1219 2431 1309 2511 plane
1325 2432 1511 2497 differentiae

75 2540 76 2543 ¹
160 2519 424 2600 deprehendemus,
448 2519 580 2598 palmam
603 2527 703 2581 tamen
728 2518 927 2581 demonstrati
942 2519 1120 2582 nobilissimi
1134 2520 1511 2601 problematis,hactenns

159 2630 178 2670 a
201 2608 318 2672 nemine
341 2608 524 2684 affectatam,
549 2607 743 2670 communiter
765 2607 993 2688 reportabimus.
1041 2606 1178 2688 Sapienti
1194 2617 1244 2672 sat
1258 2609 1380 2671 dictum.
1419 2610 1510 2673 ltlitto

160 2706 260 2759 antem
290 2697 346 2758 duo
371 2697 491 2776 insuper
514 2697 697 2777 exemplaria
720 2696 919 2771 (Prodromi),
950 2699 1020 2778 quia
1042 2697 1264 2779 Hambergerus
1287 2698 1358 2760 mihi
1383 2699 1510 2773 dixerat,

161 2795 190 2847 te
213 2787 300 2867 plura
324 2785 518 2848 desiderare..
553 2785 725 2866 Cuicunque
749 2786 885 2859 miseris,
909 2786 958 2847 ille
984 2787 1079 2850 literis
1102 2786 1138 2847 de
1163 2787 1262 2849 libello
1287 2788 1407 2868 scriptis
1431 2806 1509 2850 mer-

160 2876 263 2938 cedem
285 2875 419 2937 solverit.

247 2963 343 3034 Vale,
378 2960 542 3026 clarissime
560 2963 625 3038 vir,
659 2970 692 3025 et
717 2982 772 3043 per
801 2962 959 3043 epistolam
982 2963 1187 3044 longissimam
1209 2972 1341 3029 mutuum
1365 2962 1439 3028 mihi
1461 2985 1511 3029 re·

158 3054 265 3134 pende.

230 3213 269 3263 Ad
286 3211 350 3263 hacc
369 3225 424 3263 cum
443 3209 568 3261 Galilaeae
586 3223 636 3260 non
653 3209 820 3274 respondent,
848 3208 970 3273 Keplerua
987 3224 1083 3275 quoquo
1101 3211 1238 3267 obmutuit.
1257 3211 1353 3271 donec,
1373 3212 1514 3266 detectiaa

161 3283 272 3334 Galilaea
290 3284 358 3334 torte
375 3281 522 3332 satellitibus
540 3281 663 3345 Koplerus
682 3283 846 3330 intermissum
865 3281 1021 3345 epistolarum
1040 3285 1211 3333 commercium
1228 3286 1334 3348 repetiit.

230 3355 351 3420 Keplerua
369 3356 429 3404 item
447 3352 585 3416 Tychoni
604 3352 739 3418 exemplum
757 3352 881 3403 Prodromi
899 3355 979 3410 misit,
997 3353 1046 3404 hao
1066 3354 1152 3404 addita
1170 3356 1292 3419 epistola:

249 3496 325 3560 Cum
347 3504 396 3572 te,
429 3495 475 3557 vir
502 3494 702 3576 amplissime,
732 3495 1011 3578 matlrematicomm
1039 3496 1168 3559 omnium
1195 3518 1253 3570 non
1282 3499 1369 3579 hujus
1394 3507 1516 3565 tantum

162 3588 273 3651 aetatis
307 3587 359 3648 sed
392 3585 485 3647 totius
513 3585 579 3668 aevi
603 3583 795 3646 monarcham
819 3584 1009 3648 constituerit
1031 3586 1274 3667 incomparabilis
1298 3588 1436 3652 doctrina
1459 3590 1521 3670 ju-.

161 3678 288 3758 diciique
311 3674 516 3756 praestantia,
547 3674 677 3754 iniquum
703 3674 819 3749 fecero,
853 3673 879 3735 si
909 3675 1051 3752 opusculo
1085 3675 1121 3735 de
1144 3678 1337 3757 proportione
1361 3679 1515 3757 coelorum

160 3786 254 3847 nuper
276 3766 305 3827 in
325 3766 420 3827 lucem
443 3764 515 3826 dato
540 3763 609 3838 (sub
633 3763 741 3824 titulo:
779 3763 995 3825 Prodromns
1027 3763 1337 3828 dissertationum
1370 3786 1516 3830 cosmo·

161 3854 432 3944 graphicarum)
456 3853 550 3916 ullam
571 3851 697 3932 gloriam
721 3859 772 3913 tuo
792 3851 906 3931 indicio
927 3860 957 3914 et
977 3854 1231 3916 commendatione
1254 3856 1395 3936 neglecta
1417 3877 1516 3932 auen·

160 3961 224 4024 per.
272 3943 357 4016 Quae
380 3962 426 4006 me
451 3962 543 4004 causa
565 3941 672 4016 movit,
706 3948 740 4002 ut
762 3942 881 4021 ignotus
905 3960 943 4002 ex
966 3942 1022 4003 hoo
1046 3941 1171 4006 obscuro
1197 3943 1377 4007 Germaniae
1402 3949 1516 4028 angulo

131 4033 266 4097 literas
290 4034 328 4096 ad
346 4041 376 4095 to
400 4031 568 4107 mitterem,
593 4038 709 4092 oratum
730 4049 785 4112 per
806 4021 890 4093 illum
913 4030 1064 4111 ingentem
1088 4033 1225 4096 veritatis
1250 4053 1403 4106 amorem,
1406 4043 1517 4139 quem

161 4124 191 4186 in
209 4132 240 4188 te
254 4141 395 4204 quoque
393 4123 492 4184 inesse
516 4122 598 4212 fama
619 4127 690 4182 tuae
712 4119 927 4222 magnitudinis
950 4121 1125 4202 praedicat:
1150 4132 1193 4198 ut,
1218 4124 1287 4204 quid
1312 4123 1368 4186 tihi
1392 4125 1429 4186 de
1455 4125 1517 4192 ist·

160 4214 216 4275 hoc
239 4213 376 4274 videatur
399 4211 537 4290 negotio,
562 4229 600 4271 ea
621 4207 795 4271 sinceritate
818 4217 850 4273 et
872 4210 1075 4284 humanitate,
1101 4229 1176 4290 qnae
1201 4212 1230 4275 in
1254 4220 1284 4274 te
1307 4213 1517 4294 praedicatur,

162 4301 293 4384 explices
325 4298 523 4380 brevibusque
554 4298 650 4361 literis
678 4296 838 4378 significes.
885 4289 983 4360 Ome
1007 4298 1142 4374 felicem,
1176 4301 1201 4363 si
1234 4302 1313 4381 qnod
1336 4302 1515 4381 Maestlino,

161 4391 239 4463 idem
260 4397 293 4452 et
315 4388 448 4472 Tychoni
471 4388 632 4462 videbitur,
654 4387 759 4468 quibus
784 4407 838 4468 ego
863 4386 976 4449 duobus
998 4389 1268 4489 propugnatoribus
1286 4410 1344 4452 non
1366 4391 1515 4457 dubitabo

160 4481 253 4544 totius
286 4476 405 4540 orbis
393 4497 458 4557 pam
490 4467 641 4541 exci'tatas
671 4477 885 4540 insectationes
910 4477 979 4539 forti
1003 4476 1112 4538 animo
1125 4478 1285 4542 sustinere.
1331 4479 1385 4543 Sin
1410 4490 1517 4546 autem

117 4608 119 4612 ·
161 4571 191 4634 id
214 4575 392 4631 consecutus
415 4568 507 4647 luero,
531 4575 565 4630 ut
588 4584 663 4649 quae
686 4566 788 4629 insunt
809 4565 938 4639 infirma,
963 4565 1121 4645 ineptaet
1138 4569 1285 4647 puerilia,
1314 4569 1416 4651 qualia
1439 4571 1516 4637 mihi

160 4678 214 4740 per
237 4666 368 4720 aetatem
391 4657 487 4720 multa
509 4655 698 4728 exciderunt,
723 4675 848 4718 censura
870 4654 999 4716 volueris
1022 4663 1146 4731 notare,
1171 4676 1208 4719 an
1233 4678 1288 4739 ego
1311 4679 1371 4721 non
1393 4678 1516 4725 rursum

162 4743 330 4828 hujusmodi
353 4745 613 4827 reprehensionem
631 4744 726 4807 totius
740 4743 850 4824 mundi,
874 4742 900 4805 si
914 4751 1006 4818 esset,
1030 4745 1166 4808 assensui
1179 4747 1372 4828 praeferam?
1394 4747 1515 4825 Exem-
