3366 5482
582 1203 824 1323 JOANNIS
862 1202 1102 1318 KEPLERI

387 1427 629 1526 mutuom
657 1430 887 1527 'rvouovrs
914 1430 1097 1524 nouum
1129 1429 1291 1522 ousuu.

506 1917 576 1989 Al>
603 1914 860 1989 morosum
887 1911 1181 1986 ramaclo.

251 2089 358 2150 Edidit
391 2097 461 2149 ante
497 2089 656 2151 triennium
688 2089 867 2151 Nicolaus
891 2091 1023 2162 Ursus,
1059 2087 1229 2151 Caesareae
1253 2087 1431 2168 Majestatis
1455 2087 1525 2149 dnm

161 2178 279 2238 viveret
310 2177 561 2250 mathematicus,
594 2178 726 2239 libellum
755 2178 792 2237 de
815 2178 1043 2259 Hypothesibus
1071 2175 1290 2244 astronomicis,
1324 2177 1433 2256 inquo
1458 2195 1524 2238 cum

160 2265 319 2327 historiam
342 2265 493 2327 texuisset
515 2266 726 2347 hypothesium
749 2266 929 2346 tandemque
954 2266 993 2326 ad
1013 2266 1187 2326 Helisaeum
1207 2263 1394 2339 Roeslinum,
1419 2264 1523 2326 Medi-

161 2354 247 2415 cinae
271 2353 449 2428 Doctorem,
484 2355 612 2417 amicum
640 2374 737 2415 meum
766 2354 949 2433 singularem
978 2352 1165 2421 devenisset,
1200 2362 1233 2413 et
1260 2354 1298 2413 ad
1331 2349 1525 2414 refutandam

162 2442 226 2522 eJus
250 2441 429 2520 opinionem,
454 2443 587 2505 adducta
610 2444 736 2523 quadam
760 2443 895 2504 Euclidis
918 2441 1138 2521 propositione,
1170 2442 1317 2503 rationem
1341 2440 1523 2507 tradidisset

162 2549 200 2592 ex
224 2530 396 2591 dadomeuis
424 2533 604 2594 necessariis
632 2531 816 2610 geometrica
843 2531 983 2592 methodo
1012 2531 1248 2609 planetariorum
1272 2528 1387 2591 orbium
1412 2529 1522 2609 ampli·

161 2618 282 2681 tudiues
313 2617 488 2680 dimetiendi
522 2622 600 2693 (rem
638 2620 741 2682 tritam
776 2620 854 2699 apud
884 2623 1104 2692 astronomos),
1139 2617 1309 2697 subjunxit,
1342 2636 1381 2679 ex
1413 2617 1523 2679 iisdem

161 2706 365 2767 fundamentis
387 2708 480 2770 etiam
504 2708 669 2771 examinari
692 2728 783 2788 posse
807 2728 875 2769 mea
897 2707 1021 2788 placita,
1047 2725 1122 2787 quae
1142 2725 1219 2767 anno
1238 2705 1337 2785 priore
1362 2705 1417 2768 sub
1433 2704 1523 2768 titulo

116 2816 120 2823 ‘
160 2794 299 2875 Mysterii
324 2792 570 2876 Cosmographiei
598 2797 709 2877 publici
728 2797 806 2875 juris
831 2797 975 2867 leceram;
1014 2814 1108 2874 eaque
1142 2794 1299 2856 occasione
1329 2802 1422 2874 capta
1455 2794 1522 2875 epi-

161 2883 270 2944 stolam
294 2885 453 2963 quandam,
480 2905 539 2966 qua
562 2885 681 2946 biennio
705 2894 775 2946 aute
802 2903 892 2963 super
915 2885 1086 2945 inventione
1101 2903 1169 2945 mea
1189 2884 1284 2962 ipsum
1299 2883 1521 2958 consulueram,

161 2970 261 3033 libello
285 2991 339 3033 suo
362 2971 496 3036 inseruit
542 2973 711 3035 Pessimam
738 2973 856 3052 quidem
880 2971 936 3033 hoc
959 2973 1075 3033 nomine
1100 2971 1230 3051 gratiam
1254 2971 1334 3050 apud
1357 2990 1405 3033 me
1423 2972 1523 3035 Ursus

160 3058 236 3121 iniit.
283 3058 481 3139 Scripseram,
507 3069 612 3141 utpote
635 3061 742 3138 viginti
768 3063 857 3123 trium
885 3079 1028 3121 annorum
1052 3060 1182 3139 juvenis,
1207 3059 1325 3121 minima
1350 3079 1424 3121 saue
1448 3079 1521 3140 gra-

159 3146 246 3209 viter.
293 3148 373 3210 Nam
397 3150 480 3211 etin
503 3150 583 3212 Urso
607 3149 756 3211 laudando
780 3158 812 3209 et
834 3150 864 3210 iu
887 3168 934 3210 me
958 3149 1001 3209 illi
1025 3149 1212 3227 subjiciendo
1237 3148 1357 3209 modum
1380 3149 1520 3229 utrinque

160 3235 285 3297 multum
308 3235 437 3298 excessi.
484 3237 700 3300 Securissimus
729 3237 809 3297 enim
832 3237 868 3297 de
892 3238 948 3297 hoc
972 3245 1081 3297 eventu
1110 3237 1141 3298 id
1165 3237 1275 3297 saltem
1299 3237 1453 3316 spectavi,
1489 3243 1522 3298 ut

159 3342 336 3403 responsum
358 3324 560 3404 impetrarem.
605 3326 648 3388 Et
671 3325 707 3387 iis
731 3325 883 3387 ferebatur
907 3345 975 3386 esse
999 3326 1131 3386 moribus
1155 3325 1267 3398 Ursus,
1297 3335 1330 3386 ut
1354 3324 1402 3386 his
1427 3324 1521 3387 armis

160 3431 235 3491 opus
254 3421 337 3474 esset
360 3413 399 3474 ad
422 3415 653 3494 expugnandum
675 3414 741 3493 ejus
765 3413 925 3475 silentium.
972 3414 1017 3475 At
1044 3413 1070 3474 si
1095 3414 1200 3493 quibus
1225 3413 1261 3474 de
1285 3413 1429 3475 instituto
1453 3431 1520 3475 meo

160 3518 218 3560 nou
252 3508 387 3576 constat,
421 3503 441 3563 ii
474 3503 545 3564 mihi
573 3503 680 3564 merito
710 3502 943 3575 succensebunt,
978 3502 1056 3582 quod
1084 3502 1250 3563 immodicis
1280 3502 1350 3563 Ursi
1378 3502 1521 3564 laudibus

160 3588 299 3668 iujuriam
313 3590 417 3652 multis
431 3592 461 3653 in
475 3590 598 3673 Europa
613 3590 795 3653 doctissimis
811 3590 1033 3652 mathematicis
1054 3591 1190 3664 fecerim3
1214 3589 1402 3653 mirabuntur
1417 3590 1519 3666 etiam,

161 3676 211 3756 qni
237 3696 285 3738 me
317 3678 439 3757 propius
468 3689 588 3754 norunt,
622 3699 668 3741 me
699 3698 752 3758 pro
776 3679 939 3740 Maestlino
963 3680 1071 3741 Ursum
1101 3687 1328 3758 praeceptorem
1353 3679 1519 3753 celebrare,

160 3765 262 3844 illique
296 3768 513 3829 transscribere
537 3769 593 3828 hoo
617 3768 792 3848 quantulum
826 3775 873 3829 est
896 3767 1076 3846 cognitionis
1106 3768 1135 3829 iu
1160 3767 1397 3840 mathematicis,
1431 3785 1520 3847 quem

159 3862 259 3915 tamen
284 3850 341 3916 nisi
364 3857 394 3916 in
408 3856 636 3930 „Fundamenta
651 3876 704 3918 suo
720 3856 943 3917 astronomico“
967 3857 1136 3935 loquentem
1161 3874 1309 3935 nunquam
1334 3855 1520 3926 audiveram,

160 3961 310 4023 uunquam
333 3943 476 4006 videram.
524 3944 587 4006 Sed
610 3945 684 4006 haec
708 3944 805 4006 adhuc
829 3945 908 4005 levia
931 3944 1025 4004 videri
1048 3952 1189 4023 possunt;
1221 3946 1361 4022 graviora
1385 3964 1520 4024 sequun-

159 4037 218 4092 tur.
264 4032 344 4093 Nam
367 4032 426 4093 etsi
450 4034 546 4095 Ursus
569 4032 711 4095 honorem
734 4053 830 4095 meum
855 4033 954 4111 egisse
978 4031 1073 4094 videri
1098 4033 1163 4093 vult
1184 4033 1339 4112 publicata
1363 4051 1433 4094 mea
1453 4034 1520 4114 epi·

158 4119 249 4194 stola,
273 4121 341 4182 dum
366 4140 432 4181 eam
460 4121 525 4183 luce
550 4121 671 4199 diguam
694 4121 865 4201 praedicat:
891 4129 990 4181 tamen
1007 4121 1076 4201 quid
1100 4121 1292 4200 quaesiverit,
1320 4141 1379 4182 nou
1406 4121 1520 4183 obscu-

158 4226 222 4269 rum
247 4209 377 4289 reliquit.
405 4241 445 4251 -
475 4210 607 4271 Primum
631 4210 660 4271 in
684 4211 772 4272 titulo
797 4208 891 4271 libelli
914 4209 1015 4271 Nobili
1045 4217 1076 4270 et
1099 4210 1212 4270 Illustri
1233 4209 1360 4271 Domino
1384 4210 1521 4292 Tychoni

158 4295 258 4358 Brahe
278 4297 376 4371 Dauo,
400 4297 529 4360 Domino
549 4299 578 4359 in
595 4298 789 4378 Knudstorpp
814 4307 846 4359 et
859 4297 1032 4377 Uraniburg
1048 4299 1120 4371 duc,
1146 4298 1358 4377 hypothesium
1373 4318 1521 4361 novarum

158 4384 363 4447 inventionem
389 4386 538 4466 praeripit
563 4406 685 4467 eamque
715 4387 772 4448 sibi
801 4392 933 4465 arrogat.
946 4381 973 4458 ο)
1019 4386 1144 4447 Putavit
1170 4387 1271 4465 itaque
1305 4387 1361 4448 hac
1390 4389 1527 4467 epistola

158 4491 241 4547 mea,
269 4474 300 4535 in
325 4492 384 4553 qua
406 4474 489 4555 haec,
506 4482 576 4536 suut
605 4476 713 4537 verba:
740 4475 952 4557 „Hypotheses
980 4482 1049 4535 tuas
1080 4475 1178 4548 amo“‚
1204 4476 1444 4538 demonstratum
1475 4477 1521 4551 iri,

158 4580 226 4623 esse
255 4570 287 4623 et
310 4561 460 4635 homines,
493 4564 542 4643 qui
566 4564 637 4626 Ursi
659 4564 824 4625 bonitatem
845 4583 954 4623 causae
983 4569 1162 4640 agnoscant,
1197 4582 1290 4644 eaque
1321 4564 1439 4626 ratione
1475 4584 1531 4626 me

159 4648 276 4711 alienae
300 4651 346 4712 liti
369 4650 531 4712 immiscuit
545 4659 577 4712 et
589 4651 795 4713 testimouium
805 4653 843 4712 ab
859 4652 962 4730 ignaro
978 4651 1114 4713 extorsit.
1161 4651 1278 4712 Deinde
1300 4671 1369 4714 cum
1392 4653 1423 4713 in
1437 4653 1535 4715 calce

159 4735 240 4798 tituli
263 4738 461 4802 emditionem
485 4758 569 4800 suam
597 4738 627 4799 in
652 4739 707 4801 hoc
730 4740 832 4801 libello
861 4757 915 4800 oen
946 4740 984 4799 ad
1008 4758 1139 4819 agonem
1164 4739 1533 4822 quendamgolympicum
