3366 5482
176 325 245 394 tto
731 322 772 374 Do
790 323 968 374 munaus

177 485 280 565 Vulgo
304 502 376 545 vero
401 481 478 561 quod
502 480 577 542 haec
600 490 814 561 proponuntur,
841 481 870 541 in
896 500 952 561 qno
976 482 1072 542 minor
1095 500 1165 560 spes
1190 481 1324 543 fructus:
1347 480 1430 542 id'
1404 501 1432 544 ιι
1455 483 1536 562 quis-

178 576 258 655 piam
281 562 492 652 reprehendit,
525 589 591 630 eum
625 571 716 631 velim
739 569 937 649 perpendere,
973 570 1051 649 quod
1083 570 1143 630 alia
1165 569 1217 630 via
1246 570 1285 630 ad
1310 569 1452 632 literatos
1475 570 1538 633 hinc

178 663 249 724 iude
273 662 433 723 latitantes
457 677 514 719 non
538 660 757 737 perveniamus,
784 658 842 720 uisi
865 659 916 719 via
938 658 1068 737 publica.
1116 658 1214 733 Adde,
1241 659 1321 738 quod
1341 658 1391 720 hic
1414 659 1520 721 idem
1512 679 1538 721 ιι

179 750 313 813 curanda
336 748 418 828 vulgi
442 748 617 808 curiositate
641 747 795 808 observari
819 754 935 826 potest,
970 747 1080 827 quod'
1072 766 1102 808 ιιι
1126 765 1218 826 aegro
1242 767 1261 807 a
1284 747 1411 809 medicis
1436 748 1538 810 obser-

179 848 277 913 vatur,
302 846 335 899 ut
359 836 536 898 inordinatis
561 846 592 897 et
614 836 790 915 perniciosis
809 836 891 915 vulgi
915 835 1073 897 desideriis
1098 835 1270 905 abutamur,
1295 836 1335 897 ad
1359 836 1537 916 ingerendas

179 930 249 1000 (ceu
272 927 492 988 medicamenta
516 925 632 1004 aliqua)
666 925 914 986 commonitiones
947 924 1111 1002 ejusmodi,
1146 924 1246 1003 specie
1278 925 1539 1004 prognosticorum

179 1017 315 1084 velatas,
348 1034 423 1096 quae
453 1014 491 1074 ad
515 1013 592 1075 hunc
616 1013 706 1074 animi
730 1014 865 1075 morbum
889 1013 1053 1074 tollendum
1079 1013 1208 1084 faciunt,
1241 1031 1380 1093 quaeque
1410 1014 1475 1076 alia
1495 1015 1540 1075 via

180 1105 317 1185 ingerere
342 1105 393 1164 vix
416 1122 583 1181 possemus.
631 1099 891 1171 Quemadmodum
925 1102 1016 1179 igitur
1046 1121 1104 1162 non
1133 1102 1201 1162 ideo
1225 1121 1293 1163 cum
1317 1120 1412 1182 aegro
1437 1103 1541 1165 delirat

146 1256 151 1260 ,
178 1194 321 1266 medicus,
347 1192 426 1272 quod
450 1191 605 1269 ingerendi
629 1191 840 1253 medicamenti
864 1210 958 1252 causa
982 1190 1122 1251 deliranti
1146 1209 1238 1271 aegro
1262 1191 1366 1252 verbis
1391 1199 1423 1252 et
1445 1193 1539 1272 specie

180 1283 322 1344 simulata
354 1281 559 1341 obsecundat:
593 1279 638 1340 ita
670 1287 702 1340 et
732 1282 769 1341 de
802 1300 848 1340 me
882 1298 970 1359 spero
1003 1288 1085 1341 recte
1119 1279 1286 1340 sentientes
1320 1280 1396 1341 nihil
1429 1281 1539 1342 sinistri

178 1371 401 1450 suspicaturus,
433 1370 511 1447 quod
545 1369 657 1447 optimo
687 1369 785 1430 animo
815 1388 881 1429 cum
908 1369 999 1448 vulgo
1027 1387 1125 1429 rerum
1150 1369 1316 1430 futurarum
1340 1376 1375 1430 et
1397 1388 1537 1431 novarum

180 1459 287 1538 cupido
320 1457 438 1537 publice
463 1458 499 1518 de
524 1457 632 1519 futuris
656 1459 770 1536 loquor.
814 1458 920 1537 Iniqua
938 1457 1063 1535 judicia,
1090 1476 1165 1537 quae
1190 1457 1302 1518 nullum
1327 1458 1378 1519 vel
1393 1477 1538 1520 maxumae

179 1547 342 1628 dignitatis
366 1547 481 1607 culmen
506 1565 563 1609 uon
587 1546 757 1625 pervadunt
780 1555 812 1608 et
842 1545 1040 1621 cavillantur,
1070 1546 1178 1606 nedum
1212 1553 1244 1607 ut
1274 1546 1351 1607 haec
1385 1547 1540 1608 humiliora

177 1636 258 1698 vitae
284 1635 385 1697 munia
409 1643 440 1696 et
463 1635 599 1733 ludibriis
623 1635 714 1697 obuia
736 1636 854 1696 intacta
876 1635 1065 1714 relinquant,
1091 1634 1236 1713 occipite,
1261 1644 1295 1697 ut
1315 1635 1367 1696 ille
1382 1636 1539 1716 praecipit,

177 1743 267 1786 caeco
291 1724 448 1803 excipiam.

266 1814 367 1874 Hasce
391 1831 462 1873 vero
486 1830 581 1880 meas,
605 1810 764 1872 Illustriss.
790 1810 926 1883 Domine,
952 1767 989 1871 de
1013 1829 1091 1871 auno
1116 1805 1229 1872 futuro
1231 1811 1451 1875 meditationes
1475 1832 1539 1875 cum

177 1901 381 1983 disputatione
405 1899 604 1981 pulcherrima
635 1900 671 1960 de
704 1899 834 1960 siderum
867 1899 1043 1973 influxibus,
1077 1900 1160 1960 Tuae
1188 1901 1267 1978 potis
1271 1901 1380 1963 simum
1405 1900 1540 1964 Celsitu-

177 1991 240 2052 diui
263 1991 374 2063 dicare,
400 1989 552 2051 strenulae
578 1990 652 2063 loco,
677 1988 777 2049 volui:
803 1989 880 2068 quod
903 2007 1079 2067 persuasum
1103 1988 1241 2062 habeam,
1266 1987 1302 2052 C.
1320 1992 1356 2052 Τ.
1382 1999 1416 2052 et
1434 1991 1540 2053 litera·

179 2081 220 2140 tis
244 2079 396 2151 omnibus,
433 2085 464 2138 et
494 2077 626 2156 inprimis
650 2077 756 2138 harum
780 2077 890 2137 artium
914 2077 1078 2138 cultoribus
1101 2077 1236 2159 impense
1261 2080 1381 2141 favere:
1408 2081 1488 2161 quod
1511 2090 1543 2143 et

177 2166 279 2228 verbis
302 2167 469 2228 luculenter
492 2185 525 2227 es
550 2175 691 2240 testatus,
717 2167 845 2245 primum
868 2174 989 2244 recepto
1005 2167 1033 2226 in
1050 2167 1212 2228 amicitiam
1228 2168 1472 2231 celebratissimo
1490 2169 1540 2231 illo

98 2264 104 2272 ¹
177 2265 209 2318 et
232 2256 370 2334 generosi
393 2256 565 2316 stemmatis
589 2255 653 2315 viro
678 2256 819 2336 Tychone
845 2255 995 2327 Brahaeo,
1020 2256 1166 2334 phoenice
1186 2264 1447 2320 astronomorum:
1473 2258 1540 2320 dein

177 2363 213 2406 eo
237 2352 364 2418 mortuo,
389 2343 461 2405 mihi
485 2363 600 2424 quoque
626 2344 830 2405 declaratione
855 2344 967 2404 doloris
992 2352 1023 2404 et
1046 2344 1187 2406 desiderii
1206 2346 1251 2406 tui
1275 2347 1359 2408 edita
1387 2356 1422 2407 et
1441 2347 1543 2426 reipsa

175 2432 310 2514 quotidie
335 2432 475 2505 testaris3
500 2434 569 2494 dum
593 2433 623 2493 in
647 2433 717 2495 aula
741 2440 795 2493 tna
818 2433 911 2493 hahes
935 2432 1135 2493 clarissimum
1158 2432 1254 2495 virum
1272 2434 1313 2497 D.
1335 2436 1541 2497 Hermaouum

176 2522 350 2595 Bulderum,
375 2522 533 2591 medicum,
558 2521 775 2582 mathematum
800 2521 1049 2595 amantissimum,
1075 2530 1107 2582 et
1130 2521 1158 2582 in
1174 2520 1231 2584 hoc
1248 2523 1416 2585 studiorum
1431 2543 1540 2605 genere

175 2610 411 2691 polyhistorem:
438 2630 495 2689 quo
519 2630 586 2671 cum
610 2610 657 2671 his
681 2611 718 2670 de
742 2611 830 2671 rebus
855 2610 1030 2689 quotidiana
1049 2609 1147 2690 agites
1163 2612 1323 2692 colloquia.
1343 2608 1388 2686 ¹¹)
1425 2613 1539 2692 Accipe

177 2699 281 2777 igitur,
306 2699 511 2760 illustrissime
525 2698 663 2771 Domine,
687 2699 877 2776 conjecturas
887 2699 979 2759 hasce
1003 2699 1155 2778 physicas,
1179 2708 1212 2761 et
1230 2720 1294 2763 cum
1314 2701 1450 2781 politicis
1467 2720 1540 2763 cou-

168 2787 305 2867 jecturis‚
332 2807 407 2867 quas
431 2787 485 2849 tibi
510 2795 542 2849 et
565 2787 678 2849 ordinis
702 2789 834 2867 dignitas
859 2795 891 2849 et
913 2787 987 2866 reip.
1013 2789 1228 2868 contemplatio
1253 2791 1442 2872 suppeditat,
1463 2809 1537 2871 quas

173 2876 352 2938 creberrime
377 2877 510 2956 appello,
536 2876 647 2937 conler.
695 2875 760 2937 Soli
780 2896 907 2956 namque
932 2877 980 2955 qui
1005 2876 1126 2952 publica
1149 2898 1216 2940 cum
1243 2879 1361 2941 ratione
1392 2887 1536 2954 tractant,

174 2964 212 3025 de
235 2983 422 3044 prognoseos
446 2965 533 3043 hujus
558 2966 678 3026 fortuna
702 2965 869 3026 rectissime
889 2964 1085 3044 judicabunt:
1110 2966 1321 3046 philosophica
1335 2976 1367 3030 et
1381 2969 1538 3049 paradoxa

170 3052 298 3133 physica
338 3053 546 3133 philosophiae
584 3055 772 3134 professores
811 3054 869 3115 sibi
911 3072 1006 3114 sane<
1028 3074 1161 3135 suaeque
1192 3076 1338 3119 censurae
1373 3058 1535 3120 vindicent

171 3140 261 3215 Vale,
288 3143 438 3221 longaeva
462 3151 494 3203 et
516 3142 598 3203 facili
623 3150 748 3203 senecta
771 3163 852 3217 usus,
878 3149 910 3203 et
932 3142 1009 3203 hunc
1033 3143 1185 3207 ineuntem
1209 3165 1320 3208 annum
1342 3146 1536 3210 foelicissime

172 3230 345 3309 transigas:
370 3250 476 3312 meque
501 3229 536 3294 C.
558 3232 592 3293 T.
618 3231 858 3293 commendatum
881 3231 1006 3294 habeas.

599 3318 635 3384 Ο.
661 3321 696 3381 T.
720 3321 857 3399 subjecte
882 3320 984 3382 colens

917 3409 963 3472 Μ.
987 3408 1059 3474 Joi.
1082 3407 1222 3492 Kepler,
1244 3408 1492 3476 Mathematicus.

760 3672 890 3733 Thesis
915 3674 937 3733 l.

256 3757 468 3819 Mathematici
491 3758 620 3819 officium
643 3761 732 3838 vulgo
755 3769 894 3840 putatur,
920 3780 1019 3821 annua
1042 3760 1172 3822 scribere
1197 3761 1410 3843 Prognostica.
1457 3765 1525 3830 Cum

168 3863 239 3924 ergo
274 3847 311 3907 ad
345 3847 510 3907 instantem
542 3866 652 3908 annum
680 3869 699 3908 a
722 3857 794 3909 nato
815 3848 938 3910 Christo
962 3847 1123 3911 Salvatorc
1151 3847 1235 3914 1602
1259 3855 1439 3931 statuerim,
1471 3874 1522 3916 non

166 3941 231 3994 tam
253 3935 391 4014 publicae
416 3936 594 4009 curiositati,
621 3955 709 4016 quam
734 3938 831 3999 officio
855 3938 1044 4017 philosophi,
1070 3940 1098 4000 in
1124 3940 1176 4000 illa
1199 3941 1408 4021 reprimenda,
1435 3945 1520 4006 satis·

167 4021 282 4084 facere:
307 4025 345 4085 ab
370 4043 405 4084 eo
428 4025 618 4103 potissimum
642 4027 795 4101 exordiar,
830 4027 908 4106 quod
937 4027 1086 4088 tutissime
1115 4028 1174 4089 dici
1197 4037 1319 4107 potest:
1351 4032 1516 4113 prognosti-

166 4129 269 4172 corum
292 4113 348 4173 hoc
372 4132 450 4173 auno
474 4122 652 4194 proventum
676 4075 807 4176 futurum
830 4116 969 4203 uberem
994 4134 1060 4178 cum
1075 4125 1230 4180 crescente
1245 4118 1328 4198 vulgi
1353 4121 1515 4184 curiositate

167 4198 303 4278 plures
295 4219 325 4261 ιιι
341 4199 407 4262 dies
431 4201 470 4263 ad
494 4221 648 4264 numerum
672 4204 819 4265 accedant
842 4212 991 4266 auctores.

749 4292 881 4354 Thesis
905 4294 945 4354 Il.

250 4377 286 4439 In
318 4376 379 4438 illis
403 4376 518 4439 libellis
549 4379 651 4459 aliqua
674 4378 824 4455 dicentur,
850 4400 927 4461 quae
950 4382 1132 4462 probaturus
1156 4387 1205 4442 est
1228 4390 1370 4460 eventus,
1395 4385 1505 4464 plurima

160 4482 252 4539 vero,
286 4484 362 4546 quae
389 4471 508 4545 tempus
537 4477 568 4530 et
595 4468 782 4547 experientia
805 4477 838 4531 ut
861 4490 940 4532 vana
964 4479 995 4532 et
1017 4469 1104 4532 irrita
1126 4470 1290 4533 refutabit:
1314 4491 1437 4553 quorum
1457 4473 1504 4536 iau

159 4553 270 4625 ventis,
294 4555 348 4616 illa
371 4556 533 4618 memoriae
556 4556 743 4637 penitissime
767 4559 979 4633 inscribentur,
1001 4567 1036 4622 ut
1058 4557 1142 4638 vulgi
1165 4577 1230 4620 mos
1254 4566 1314 4624 est.

737 4646 869 4709 Thesis
893 4648 949 4711 Ill.

247 4725 369 4790 Etenim
393 4730 491 4811 qualis
514 4751 615 4808 causa,
640 4733 713 4796 talis
737 4737 873 4798 effectus.
906 4735 1064 4815 Astrologi
1083 4754 1155 4797 vero
1174 4754 1285 4799 causas
1308 4736 1497 4799 vaticiniorum

158 4829 280 4876 suorum
302 4818 469 4898 respiciunt
491 4821 604 4901 partim
627 4822 746 4906 quidem
768 4824 921 4906 physicas,
944 4825 1056 4906 partim
1078 4823 1228 4904 politicas,
1252 4831 1344 4907 parts
1365 4845 1434 4891 vero
1452 4839 1502 4906 pe.
