3366 5482
170 239 234 307 138
680 238 794 301 Mysterll
812 234 1014 303 Cosmograpblol

169 398 202 472 5)
225 410 350 457 centrum
369 401 448 472 plani
470 401 573 455 cubici:
597 409 732 471 eruntque
755 399 852 454 talium
873 399 1007 455 linearum
1027 416 1088 464 sex,
1112 407 1143 453 et
1165 399 1235 454 situs
1258 398 1380 471 undique
1402 397 1460 455 sibi
1477 399 1518 471 ips

167 485 271 627 small&
293 562 363 625 Quia
377 561 404 615 in
418 562 560 631 pyramide
575 578 625 629 per
638 561 711 614 bunc
725 557 853 612 vitiosum
868 557 949 613 situm
964 559 1132 628 impedimur,
1152 568 1185 614 ut
1198 559 1288 615 media
1301 559 1396 615 latera
1408 575 1518 631 nequet

303 660 374 695 sere.
1505 676 1509 683 .

168 661 227 698 mut
246 661 377 789 {inrum
393 737 460 777 sane
474 721 560 773 etiam
580 720 605 772 in
627 720 769 789 pyramide
792 717 966 772 invenientur
984 726 1103 788 quatuor
1122 719 1212 774 media
1230 720 1339 789 latera,
1365 727 1434 775 tuno
1446 718 1518 787 otiu

167 805 236 859 situs
250 804 403 875 figurarum
418 802 444 855 in
459 818 489 853 se
504 807 598 854 mutuo
612 800 743 868 respiciet
755 799 835 869 leges
851 798 1057 867 inscriptionum
1070 799 1310 869 geometriearum.

247 881 269 948 l)
294 884 355 937 Non
375 890 492 951 possunt
512 880 623 950 inquam
642 894 794 951 congruere
816 879 908 932 latera
922 879 1001 932 unius
1016 879 1108 933 omnia
1121 880 1258 934 lateribus
1273 879 1401 945 alterins,
1421 878 1518 937 minin

167 964 284 1017 omnium
299 962 458 1034 pyramidis.
500 959 613 1014 Scilicet
636 959 695 1013 ideo
710 975 831 1030 congrue
856 959 920 1027 poni
943 976 997 1012 non
1018 967 1142 1028 possunt,
1168 960 1232 1030 quia
1254 959 1362 1015 Initium
1385 958 1518 1030 positioni

167 1062 220 1098 non
234 1044 338 1097 laetum
351 1051 396 1096 est
409 1041 550 1112 regulare.

245 1136 285 1208 m)
308 1140 361 1194 Hic
382 1139 507 1210 equidem
531 1137 671 1211 legitimus
695 1141 809 1194 duorum
830 1140 927 1193 borum
947 1153 1092 1207 corporum
1112 1139 1182 1193 sit-ns
1196 1144 1242 1191 est
1262 1139 1297 1191 ad
1317 1155 1347 1192 se
1366 1145 1478 1192 mutuos
1498 1152 1518 1193 a

166 1223 289 1276 octaedri
303 1221 381 1283 situs,
397 1218 443 1290 qui
458 1220 498 1272 sie
512 1219 682 1281 adsciscitur,
698 1219 859 1292 illegitimus
874 1228 927 1274 est.

244 1315 273 1382 n)
300 1317 416 1372 Omnino
430 1318 518 1370 multa
532 1324 649 1378 restant,
666 1334 719 1386 quo
735 1316 823 1371 minus
840 1316 892 1368 hoc
907 1316 997 1369 dicere
1013 1314 1157 1385 possimus.
1200 1314 1271 1368 Nam
1284 1312 1363 1377 situs,
1389 1313 1437 1384 qui
1451 1312 1518 1384 polo

164 1397 209 1454 bic
224 1398 327 1469 signat.
347 1397 510 1469 illegitimus
525 1404 577 1449 est.
621 1397 763 1458 Quatenus
778 1411 844 1449 vero
864 1396 892 1449 in
907 1396 1022 1458 duobus,
1047 1396 1218 1449 dodecaddro
1233 1402 1264 1449 et
1280 1393 1436 1456 ioosabdro,
1460 1393 1518 1448 situ

165 1487 210 1533 est
223 1478 372 1549 legitimus,
388 1477 502 1531 totidem
516 1485 633 1545 possunt
647 1494 708 1530 esse
718 1476 784 1545 poli,
807 1483 875 1546 quot
889 1477 986 1546 anguli
1004 1477 1094 1545 buJus,
1119 1477 1206 1545 plana
1219 1473 1303 1537 illins,
1323 1473 1469 1528 duodecim
1481 1490 1518 1529 ss.

165 1575 251 1630 quare
270 1575 357 1611 zonae
381 1555 560 1611 intermediae
581 1574 640 1610 sex.
682 1558 772 1610 Erunt
791 1556 878 1628 igit-ur
893 1556 989 1609 incerti
1003 1558 1146 1626 planetae,
1168 1572 1296 1626 quorsum
1316 1562 1390 1608 eant
1414 1554 1466 1607 *ln
1480 1568 1518 1625 gs

165 1655 230 1693 nere
246 1639 341 1694 obstat
354 1638 415 1700 boc,
432 1638 502 1707 quod
517 1637 623 1708 figurae
638 1636 711 1690 istae
725 1636 796 1689 reali
812 1637 867 1689 situ
882 1636 1002 1705 partium
1017 1639 1052 1690 ad
1068 1653 1097 1688 se
1111 1644 1206 1689 mutuo
1227 1652 1282 1688 non
1296 1643 1362 1688 sunt
1375 1648 1518 1704 expressos

164 1720 192 1772 in
211 1720 318 1782 mundo,
343 1720 390 1771 sed
413 1719 501 1770 solum
519 1716 661 1785 proportio
681 1715 786 1770 orbium
809 1717 969 1787 figuralium
990 1717 1073 1770 exiis
1095 1718 1225 1769 desumta
1243 1715 1271 1767 in
1290 1716 1372 1768 orbes
1391 1713 1518 1767 coeleste

164 1799 217 1853 luit
231 1799 372 1852 translata
381 1813 563 1866 numerusque
576 1796 682 1849 orbium
700 1814 718 1851 a
735 1797 832 1867 liguris
847 1796 1023 1850 constitutus.
1065 1796 1179 1850 Rectius
1194 1794 1281 1866 igitur
1302 1795 1375 1849 hanc
1388 1792 1516 1865 quaestio

165 1897 239 1932 nem:
262 1894 322 1931 cur
345 1879 434 1931 hane
453 1877 581 1946 potius,
603 1893 704 1946 quam
726 1877 1100 1931 aliamriamcurrant
1120 1877 1306 1946 planetae,
1330 1881 1363 1929 ut
1381 1875 1518 1928 absurda!

163 1958 333 2028 repellimus.
375 1959 447 2011 Nam
461 1974 521 2010 cum
540 1964 616 2009 esset
630 1958 656 2010 in
671 1957 824 2010 intentione
838 1958 890 2010 Dei
911 1957 1036 2020 circulus,
1060 1957 1179 2011 motibus
1200 1955 1378 2025 planetarum
1398 1966 1518 2009 necessa

164 2039 229 2100 rius,
252 2037 293 2092 illi
306 2039 383 2092 Deus
407 2053 458 2106 per
471 2036 652 2091 intentionem
671 2036 822 2091 constituto
842 2037 987 2091 materiale
1007 2046 1037 2090 et
1060 2037 1204 2090 stellatum
1226 2034 1402 2104 sphaericum
1416 2034 1518 2089 ciem

161 2117 241 2187 jecit.
284 2118 341 2171 Nec
360 2116 496 2170 dubitatio
517 2115 612 2191 aliqua
624 2118 715 2171 Deum
735 2118 771 2170 ab
792 2131 876 2185 opere
899 2117 1022 2180 retinuit,
1047 2117 1202 2187 quominus
1226 2115 1332 2169 initium
1351 2113 1415 2183 ejus
1437 2114 1518 2169 mosas

164 2205 268 2267 posset,
288 2195 368 2267 quasi
382 2197 442 2250 sine
456 2197 577 2258 ratione;
599 2213 662 2251 nam
677 2205 742 2251 tunc
756 2213 855 2266 corpus
870 2197 975 2251 nullum
993 2196 1214 2267 praeexistebat,
1238 2195 1317 2264 cnjus
1339 2194 1389 2248 ille
1410 2193 1518 2264 parti-

164 2283 294 2347 respeotu
317 2276 466 2330 dubitaret
509 2277 634 2345 Spatium
658 2293 723 2331 vero
746 2276 805 2331 sine
829 2293 943 2346 corpore
964 2291 1036 2346 pura
1049 2284 1094 2330 est
1116 2276 1244 2346 negatio:
1269 2273 1395 2346 satisque
1412 2272 1518 2329 nuum·

164 2359 257 2411 estad
272 2356 427 2410 iaciendum
441 2356 546 2410 initium
571 2357 598 2409 in
612 2356 716 2411 inlinito
741 2356 835 2418 nihilo,
859 2358 904 2410 rel
928 2357 1054 2427 cogitare
1079 2356 1179 2411 leviter
1200 2358 1233 2409 de
1249 2354 1356 2426 aliquo:
1380 2355 1443 2409 tale
1456 2353 1518 2409 eni!

165 2439 318 2507 cogitatum
337 2436 398 2504 jam
421 2437 515 2490 statim
540 2437 650 2490 infinitis
674 2438 759 2492 modis
774 2444 818 2491 est
837 2437 1037 2506 praestantius,
1062 2437 1168 2507 reliquo
1189 2434 1294 2489 inlinito
1308 2452 1363 2488 non
1378 2442 1454 2498 actu,
1479 2450 1518 2489 nel

164 2517 308 2579 existenti,
320 2534 371 2570 neo
386 2516 526 2587 cogitato,
547 2516 629 2570 etsie
644 2517 719 2585 prius
735 2518 783 2572 illo
804 2526 835 2572 et
848 2517 926 2571 initio
941 2525 1046 2587 aptum.
1088 2518 1184 2588 Neque
1194 2532 1261 2569 vero
1275 2514 1378 2585 primus
1388 2530 1445 2586 ego
1459 2530 1518 2569 sum

165 2598 211 2669 qui
234 2615 276 2651 me
298 2596 461 2666 ipsumhoc
484 2596 573 2650 inutili
589 2598 751 2666 quaestione
771 2596 907 2667 fatigari:
932 2614 989 2650 cur
1014 2597 1160 2650 seilicet
1183 2597 1248 2650 hac
1270 2596 1459 2650 traductus
1482 2594 1518 2649 sil

165 2677 348 2738 zodiacus,
374 2694 444 2731 cum
467 2676 625 2745 potuerit
648 2677 737 2742 alia,
768 2678 856 2731 locis
881 2676 1065 2730 infinitis?
1107 2676 1233 2730 Invenias
1257 2674 1373 2729 similem
1394 2674 1479 2744 liujus
1499 2672 1518 2727 ir

164 2756 295 2811 Aristot:
311 2773 369 2809 cur
383 2757 469 2810 banc
483 2757 599 2826 potius
615 2756 648 2809 in
663 2758 803 2828 plagam
823 2766 907 2810 eant
925 2757 1111 2826 planetae,
1133 2772 1233 2826 quam
1252 2754 1284 2808 in
1298 2754 1377 2823 ejus
1392 2762 1518 2809 contra

164 2836 265 2891 riam?
305 2837 376 2890 Nam
392 2854 425 2889 ne
439 2835 484 2890 hic
498 2837 605 2907 quidem
619 2837 691 2889 ratio
707 2847 751 2892 est
765 2838 824 2892 ulla
837 2836 917 2891 unius
941 2853 1008 2905 prae
1024 2838 1122 2899 altero,
1147 2854 1207 2889 cum
1227 2834 1313 2889 omnis
1328 2834 1414 2897 linea,
1438 2830 1518 2907 longi·

165 2916 265 2970 tudinis
280 2917 444 2979 conditione,
466 2918 534 2970 duas
550 2917 676 2971 obtineat
689 2918 800 2989 plagas,
816 2934 888 2988 quae
904 2926 969 2972 sunt
983 2917 1097 2971 inrecta
1117 2932 1213 2969 versus
1228 2917 1295 2970 duos
1310 2913 1372 2984 ejus
1387 2914 1517 2971 terminos

164 2998 280 3050 Fatetur
303 2997 412 3067 quidem
435 2996 472 3049 ibi
487 2997 654 3050 Aristoteles
679 2997 706 3050 in
725 3015 837 3068 genere,
862 3015 915 3050 non
931 2997 1048 3051 omnium
1069 2997 1192 3050 rationes
1216 2999 1312 3048 eodem
1331 2996 1411 3048 modo
1433 3009 1518 3066 quast

163 3093 259 3146 posse:
285 3076 410 3131 adoritur
433 3083 527 3130 tamen
551 3076 741 3146 quaestionem
764 3079 849 3131 hanc:
874 3086 1003 3131 naturam
1018 3077 1060 3130 ait
1081 3077 1154 3130 inter
1173 3075 1319 3146 possibilia
1332 3092 1444 3145 semper
1457 3074 1518 3147 quoi

165 3156 296 3225 optimum
314 3156 436 3226 eligere:
461 3156 557 3210 melius
577 3173 643 3210 roro
663 3174 732 3220 esse,
758 3165 790 3210 ut
810 3158 936 3212 ferantur
957 3157 1049 3210 sidera
1071 3157 1098 3210 in
1122 3158 1238 3227 plagam
1259 3155 1427 3227 digniorem
1451 3162 1517 3227 atqu

164 3235 316 3305 digniorem
330 3253 392 3290 esse
406 3236 521 3307 plagam
535 3253 668 3306 prorsum,
692 3254 774 3307 quam
787 3246 946 3291 retrorsum.
983 3236 1117 3292 Ridicule.
1156 3237 1226 3290 Nam
1246 3236 1321 3305 prius
1341 3251 1425 3306 quam
1439 3242 1518 3291 motu

164 3325 246 3377 esset,
261 3322 363 3369 neutra
377 3317 475 3386 plaga,
497 3334 585 3386 neque
600 3334 734 3385 prorsum,
758 3336 847 3388 neque
871 3325 1021 3372 retrorsum
1045 3318 1202 3377 dicebatur;
1226 3314 1391 3385 principium
1414 3314 1518 3385 petitur

163 3399 323 3465 Argutatur
337 3395 443 3465 quidem
463 3412 481 3449 a
495 3396 670 3450 similitudine
684 3397 776 3451 mundi
790 3414 851 3451 cum
873 3397 1046 3458 animalibus,
1068 3396 1200 3450 animalia
1213 3414 1274 3450 cum
1293 3394 1391 3466 plagis
1406 3395 1464 3451 suis
1477 3410 1518 3449 ser

163 3475 251 3529 ideam
266 3475 357 3530 mundi
371 3484 508 3529 statuens.
550 3477 634 3546 Atqui
650 3494 757 3531 rursum
772 3477 933 3547 principium
948 3476 1061 3547 petitur.
1103 3478 1206 3531 Demus
1228 3475 1301 3531 enim
1324 3476 1518 3531 mundumessr

164 3556 267 3609 lactum
290 3558 324 3608 ad
344 3555 548 3610 similitudinem
569 3556 708 3619 animalis;
733 3558 808 3612 dicat
830 3557 917 3628 igitur
936 3556 1010 3626 prius
1030 3559 1064 3610 de
1080 3556 1139 3626 ipso
1153 3556 1275 3619 animali,
1298 3573 1347 3609 cur
1370 3552 1518 3611 hocilliail

162 3652 295 3705 prorsum,
312 3636 379 3688 illud
394 3645 561 3697 retrorsum;
584 3644 614 3690 et
629 3655 681 3690 non
692 3637 825 3698 vicissim;
848 3639 900 3690 boo
915 3644 966 3699 est,
988 3654 1035 3691 cur
1049 3635 1120 3690 oculi
1135 3652 1271 3707 auresque
1291 3642 1321 3689 ct
1335 3652 1419 3690 nares
1434 3642 1465 3691 et
1476 3632 1518 3691 lin

161 3731 220 3785 gua
241 3723 314 3769 etos
338 3732 434 3769 versus
450 3715 595 3786 imaginem
617 3717 645 3770 in
659 3718 772 3786 speculo
787 3717 950 3788 dirigantur,
972 3717 1153 3779 brachiorum,
1177 3732 1304 3770 manuum
1324 3715 1518 3787 digitorumque

161 3794 272 3849 articuli
295 3796 420 3849 illorsum
441 3796 597 3859 flectantur,
622 3799 721 3866 pedum
744 3798 855 3866 palmae
879 3799 1003 3851 illorsum
1027 3799 1223 3859 extendantur,
1249 3801 1279 3849 et
1297 3813 1352 3849 non
1368 3796 1471 3865 potius,
1494 3800 1518 3849 nl

160 3875 288 3945 imaginis
302 3877 330 3929 in
344 3876 458 3946 speculo
472 3877 595 3930 membra
609 3879 714 3939 eadem,
738 3885 911 3932 retroversus
926 3876 1076 3930 hominem:
1101 3876 1194 3947 potuit
1207 3875 1279 3930 enim
1298 3875 1385 3931 etiam
1399 3875 1440 3931 sio
1452 3874 1518 3931 den‘:

160 3954 213 4007 hoc
235 3964 287 4018 est,
311 3955 405 4026 potuit
419 3973 473 4018 cor,
489 3958 560 4026 quod
576 3974 647 4010 nunc
661 3964 706 4010 est
728 3957 755 4010 in
771 3958 892 4019 sinistra,
918 3957 1050 4012 collocari
1071 3956 1098 4010 in
1114 3959 1187 4020 sede,
1213 3972 1297 4027 quam
1311 3973 1385 4011 nuno
1397 3963 1518 4026 putenm

161 4037 296 4091 dextram.
338 4038 376 4090 Et
393 4043 425 4090 ut
439 4043 548 4090 constet
560 4037 632 4090 ratio
648 4036 675 4090 in
690 4038 742 4091 bac
756 4037 818 4091 idea
832 4037 931 4099 mundi,
955 4038 1038 4108 quid?
1062 4053 1098 4090 an
1112 4054 1166 4091 non
1182 4053 1270 4106 aeque
1288 4036 1373 4091 facile
1388 4034 1518 4091 contrari!

160 4114 251 4184 potuit
265 4115 325 4184 ejus
349 4117 383 4169 ad
397 4117 491 4170 latera
514 4117 605 4170 muudi
628 4117 687 4170 lieri
710 4117 880 4187 applicatio?
903 4117 965 4188 quid
989 4115 1139 4186 impedivit,
1164 4134 1217 4188 quo
1232 4115 1321 4171 minus
1336 4114 1518 4173 sinistramad

161 4193 300 4249 meridiem
314 4196 448 4259 tenderet,
464 4198 592 4251 dextram
608 4199 642 4250 ad
658 4197 884 4266 septentrionem,
905 4199 1014 4267 quando
1028 4198 1131 4267 plagas
1147 4195 1238 4251 mundi
1252 4195 1353 4250 metari
1363 4196 1450 4267 jussa
1462 4198 1518 4251 esti

162 4273 201 4327 sic
219 4272 290 4328 enim
311 4274 410 4329 faciem
429 4276 560 4331 vertisset
573 4277 600 4329 in
615 4278 739 4348 plagam,
765 4293 836 4347 quae
852 4278 929 4331 nobis
945 4295 1016 4330 nunc
1030 4293 1144 4331 occasus
1163 4275 1278 4338 dicitur;
1302 4275 1342 4330 sic
1359 4274 1518 4332 cenoman

161 4352 252 4406 sidera
267 4354 384 4424 plagam
397 4372 521 4423 prorsum
535 4356 707 4419 habuissent,
732 4357 758 4410 in
779 4372 859 4428 quam
879 4357 997 4411 motibus
1018 4356 1074 4409 suis
1098 4358 1254 4410 tenderent.
1297 4356 1414 4412 Rectius
1433 4357 1518 4426 itaque

160 4433 363 4504 supersedisset
383 4435 550 4489 Aristoteles
570 4437 708 4491 solutione
732 4436 815 4506 hujus
831 4437 942 4506 ineptae
958 4437 1141 4507 quaestionis,
1166 4452 1234 4489 suae
1249 4436 1335 4506 ipsius
1351 4432 1518 4492 admonitioni

161 4517 367 4584 obtemperans.
397 4512 467 4568 Nam
482 4516 554 4571 inter
568 4534 616 4575 ea,
632 4534 703 4587 quae
718 4516 809 4571 omnia
823 4536 860 4570 ex
876 4533 965 4586 aequo
981 4517 1143 4586 contingere
1157 4523 1282 4585 possent,
1306 4524 1411 4572 natura
1422 4516 1518 4571 nausa

159 4596 265 4651 invenit
278 4593 400 4648 melioris
416 4601 445 4648 et
459 4595 604 4650 deterioris
620 4597 791 4658 electionem,
817 4597 869 4650 boc
883 4596 954 4650 enim
969 4596 1086 4651 involvit
1104 4596 1359 4652 contradictionem.
1402 4594 1518 4661 Quinimn

159 4676 197 4729 sio
212 4681 452 4748 argumentemur:
478 4694 537 4730 curn
553 4693 600 4729 ens
618 4696 671 4731 non
686 4684 750 4730 ente
764 4684 899 4746 praestet,
920 4678 1038 4730 nondum
1051 4676 1139 4747 igitur
1153 4676 1295 4731 existente
1308 4678 1418 4741 mundo,
1441 4690 1518 4748 quat·

159 4771 265 4829 cunque
280 4755 342 4827 ejus
356 4756 446 4829 plaga
459 4773 543 4826 prosa
551 4765 693 4827 concepta
707 4756 760 4810 luit
774 4756 861 4820 initio,
885 4756 935 4811 illa
953 4758 1073 4828 potiores
1096 4773 1168 4811 nunc
1182 4774 1221 4811 ex
1233 4773 1286 4811 sua
1299 4762 1382 4829 parte
1403 4755 1518 4815 taliam
