3366 5482
557 275 588 325 us
607 273 757 326 occursuro
773 274 800 325 es
818 286 911 327 smum
928 271 1067 323 nnxcrx.
1426 266 1490 338 stt

142 441 252 502 salium
282 437 449 516 'eclipsium‘
478 455 536 497 non
565 447 633 496 esse
656 434 877 509 diminuendas,
906 435 965 496 'sed
994 433 1147 514 augendas
1175 431 1276 511 potius
1298 431 1495 512 aequationes

142 529 230 592 Solis.
280 528 386 606 Itaque
415 527 440 588 si
468 531 594 604 propter
616 532 730 584 certum
755 543 907 585 numerum
931 524 1045 585 dierum
1078 525 1115 583 ab
1140 520 1328 601 aequinoctio
1352 520 1432 580 veris
1456 520 1495 581 ad

142 614 311 682 autumnale
340 620 475 678 centrum
507 621 606 675 motus
630 613 748 674 omuino
774 613 852 674 idem
875 632 997 675 manere
1023 612 1113 673 debet
1138 609 1217 685 Soli,
1251 617 1283 670 et
1305 609 1495 671 nihilominus

142 708 200 787 ejus
226 704 440 767 eccentricitas
464 709 588 782 propter
612 702 740 781 eclipses
763 703 902 780 augenda
925 710 992 762 est:
1016 702 1077 774 fiet,
1103 710 1135 762 ut
1158 701 1237 761 inter
1256 707 1363 762 centra
1387 718 1494 761 eccen-

142 797 209 860 tfl'ci
234 803 268 856 et
291 795 402 854 Terrae
427 800 562 854 centrum
586 792 744 869 aequantia
768 793 866 852 medio
890 791 956 852 loco
981 790 1109 851 incidat:
1136 790 1217 850 sicut
1238 789 1269 849 in
1294 788 1496 867 superioribus

142 893 170 948 et
194 884 220 957 Q
245 883 341 962 (apud
366 882 589 953 Ptolemaeum)
614 889 663 941 est
686 898 777 959 supra
800 889 934 942 centrum
958 879 1127 950 eccentrici,
1153 879 1182 938 in
1203 879 1288 939 Luna
1311 877 1389 939 infra
1413 878 1443 938 id
1467 877 1495 937 in

142 976 204 1054 ipso
230 979 336 1034 centro
359 971 487 1042 Terrae,
520 970 548 1029 iu
574 970 679 1047 §jam
703 989 808 1048 supra,
837 971 901 1049 jam
925 970 1016 1044 iufra,
1048 969 1145 1030 medio
1170 967 1234 1029 loco
1259 970 1337 1030 inter
1360 976 1494 1029 centrum

142 1065 250 1124 l'errae
275 1071 307 1122 et
328 1058 497 1133 eccentrici,
517 1059 581 1138 jam
606 1060 644 1118 ad
669 1059 749 1119 latus
774 1061 961 1121 alterutrum.
1008 1058 1101 1119 Porro
1125 1058 1200 1118 haec
1224 1057 1335 1137 positio
1360 1076 1496 1135 aequau-

142 1153 178 1216 tls
212 1153 242 1212 in
277 1150 408 1230 sphaera
441 1145 480 1224 Θ
509 1148 600 1227 plene
639 1158 744 1209 contra
777 1147 911 1209 normam
944 1148 1128 1226 superiorum
1160 1154 1323 1226 contraque
1362 1146 1497 1206 rationes

142 1241 282 1324 physicas
307 1237 416 1300 terruit
438 1255 497 1309 me,
520 1255 558 1295 ne
583 1236 715 1298 sonasse
738 1238 854 1298 ruinam
879 1237 1133 1316 aequinoctiorum
1158 1255 1260 1298 seeum
1282 1237 1394 1310 trahat,
1420 1254 1497 1315 qnae

142 1330 268 1412 pulchre
297 1334 426 1407 possunt
456 1326 621 1387 observari.
669 1328 774 1405 Itaque
804 1327 936 1387 abstinui
969 1346 1075 1386 manus
1108 1347 1126 1387 a
1156 1326 1286 1404 sphaera
1318 1325 1409 1387 Solis.
1457 1324 1498 1384 Et

142 1430 240 1483 tamen
275 1435 369 1478 causa
398 1415 509 1476 erroris
542 1415 572 1475 in
601 1415 762 1493 eclipsibus
794 1433 858 1476 cum
887 1435 965 1476 anno
990 1415 1188 1489 convertitur,
1222 1424 1256 1477 ut
1284 1416 1413 1476 vidimus
1441 1414 1497 1474 hoc

142 1526 228 1570 auno.
276 1504 459 1568 Necessario
484 1505 585 1582 itaque
610 1506 647 1564 ad
672 1506 764 1565 talem
790 1524 912 1566 causam
934 1504 1070 1583 ooulugi,
1096 1505 1193 1584 qualis
1217 1506 1317 1566 estin
1342 1504 1400 1566 mei
1423 1523 1496 1583 pro-

142 1594 270 1678 gnostici
294 1593 469 1672 appendice.
520 1594 552 1653 ld
568 1612 732 1654 consonum
749 1593 925 1666 rationibus,
952 1595 1009 1655 nisi
1025 1595 1102 1674 qnod
1114 1594 1180 1675 lam
1198 1593 1314 1675 pridem
1327 1595 1399 1655 illas
1413 1612 1498 1654 meas

142 1687 227 1748 uiruis
251 1683 383 1745 audaces
406 1682 541 1742 rationes
565 1683 680 1744 taxasti
704 1683 822 1743 leviter.
871 1681 1043 1744 Cousonnm
1072 1693 1120 1744 est
1143 1682 1234 1763 igitur
1258 1683 1288 1743 si
1311 1704 1370 1746 nou
1400 1683 1497 1744 ratio-

142 1776 236 1848 nibus,
261 1779 344 1835 certe
369 1771 587 1851 suspicionibus
611 1773 771 1833 rationum.
821 1773 966 1833 Videmus
991 1771 1107 1833 Lunam
1130 1781 1220 1853 prout
1243 1774 1311 1852 ipsa
1330 1788 1387 1854 per
1407 1791 1443 1833 se
1466 1780 1498 1833 ot

142 1883 193 1926 ruo
217 1871 302 1923 motu
325 1860 407 1921 circa
426 1860 550 1921 Terram
574 1861 612 1921 ad
637 1860 739 1922 Solem
763 1862 811 1922 vel
835 1882 854 1921 a
873 1861 944 1923 Sole
970 1863 1043 1935 abit,
1068 1864 1197 1938 tardam,
1223 1865 1368 1937 velocem,
1394 1862 1498 1933 altam,

142 1953 281 2014 bumilem
309 1971 329 2010 a
352 1949 447 2011 Terra
468 1948 542 2010 lieri.
590 1951 625 2012 Id
649 1951 707 2012 etsi
737 1952 900 2025 nescimus,
930 1953 1118 2031 suspicamur
1146 1960 1247 2014 tamen
1279 1953 1349 2013 avi
1373 1951 1499 2013 motn'ce

142 2042 221 2104 Solis
247 2057 326 2101 esse.
374 2036 409 2098 Si
432 2039 488 2098 hoc
513 2038 615 2099 evenit
638 2038 742 2100 Lunae
773 2049 898 2120 propter
921 2049 1035 2102 motum
1064 2061 1147 2102 sunm
1167 2043 1333 2122 proprium,
1366 2061 1418 2102 cnr
1441 2058 1499 2101 non

142 2131 261 2192 eveniat
291 2128 388 2188 eidem
418 2135 541 2206 propter
570 2136 683 2188 motum
707 2130 836 2203 Terrae,
860 2148 916 2209 per
944 2150 1031 2210 quern
1055 2132 1122 2212 ipsa
1152 2150 1218 2192 cum
1243 2138 1306 2192 toto
1338 2149 1392 2192 suo
1416 2130 1499 2191 coelo

142 2220 236 2281 bieme
261 2218 439 2278 admovetur
463 2216 538 2283 Soli,
574 2225 693 2278 aestate
718 2218 757 2278 ab
782 2237 816 2279 eo
840 2220 1031 2281 dimovetur?
1078 2220 1230 2300 objicias,
1256 2220 1408 2281 diversam
1433 2236 1500 2278 esse

142 2309 292 2371 rationem
322 2306 472 2384 utrinque.
520 2306 599 2366 Nam
631 2309 656 2368 si
686 2307 757 2385 quid
788 2308 957 2386 hujusmodi
982 2308 1086 2370 Lunae
1110 2310 1244 2383 eveniat,
1281 2311 1359 2389 quod
1384 2326 1500 2369 errores

142 2399 220 2460 circa
239 2395 374 2474 >eclipses
397 2394 600 2473 patefaciant,
634 2397 828 2476 undecunque
852 2398 882 2458 id
906 2399 962 2472 sit,
996 2399 1027 2458 id
1057 2417 1122 2460 cum
1146 2418 1206 2459 una
1234 2399 1420 2459 revolutione
1445 2415 1498 2457 ac-

142 2505 245 2549 cessus
278 2493 309 2544 et
333 2501 471 2545 recessus
495 2485 572 2544 coeli
595 2485 726 2545 Lunaris
759 2485 872 2547 aSole
901 2487 993 2547 semel
1022 2487 1156 2548 converti
1186 2496 1218 2549 et
1241 2487 1407 2548 terminari.
1456 2486 1501 2545 At

142 2595 232 2655 supra
263 2573 295 2633 iu
324 2590 385 2633 una
408 2573 595 2633 revolutione
629 2575 763 2653 corporis
788 2573 892 2636 Lunae
923 2595 1064 2638 accessus
1093 2583 1125 2637 et
1147 2594 1286 2637 recessus
1311 2599 1329 2636 a
1353 2574 1425 2636 Sole
1454 2574 1501 2634 bis

142 2663 362 2726 terminabatur
392 2661 445 2722 illa
471 2661 682 2740 inaequalitas.
730 2664 926 2742 Respondeo,
956 2664 1105 2726 diversam
1135 2665 1226 2726 etiam
1256 2673 1287 2726 et
1314 2666 1404 2743 plane
1434 2662 1501 2723 huic

142 2755 183 2815 rei
208 2751 339 2812 similem
363 2752 509 2812 rationem
533 2753 562 2811 in
587 2770 622 2811 eo
648 2771 729 2825 esse,
761 2753 839 2832 quod
863 2755 957 2815 Terra
980 2763 1012 2815 et
1036 2755 1149 2816 coelum
1165 2756 1269 2816 Lunae
1293 2756 1374 2815 circa
1399 2752 1500 2814 Solem

142 2859 263 2920 semper
285 2840 487 2918 progreditur,
511 2849 545 2901 at
568 2858 675 2920 corpus
692 2842 795 2902 Lunae
820 2842 849 2903 in
875 2843 998 2905 dimidia
1021 2843 1207 2904 revolutione
1226 2843 1426 2923 progreditur,
1453 2840 1500 2900 di-

142 2930 236 2992 midia
259 2929 428 3007 regreditur
451 2938 591 3007 respectu
607 2928 699 2991 Solis.
746 2929 831 2993 Haec
855 2932 969 2992 habent
991 2932 1068 2993 iuter
1087 2951 1120 2992 se
1144 2932 1314 3010 analogiam
1340 2930 1499 3009 quandam.

142 3022 251 3099 ltaque
270 3019 402 3096 suspicio
426 3029 488 3092 est,
516 3037 604 3079 uuum
629 3037 697 3079 esse
722 3038 843 3080 causam
868 3020 1003 3081 alterius.
1051 3020 1113 3081 Sed
1142 3021 1273 3082 sufficiat
1305 3026 1423 3090 tantum
1446 3035 1501 3094 pro

142 3107 337 3172 excusatione
353 3106 477 3168 dixisse.
525 3105 655 3176 Quinto:
681 3128 718 3169 an
738 3127 809 3169 vero
826 3128 882 3168 non
898 3109 1004 3188 ingens
1019 3109 1146 3170 audacia
1161 3115 1217 3183 est,
1243 3109 1362 3169 unicam
1377 3107 1501 3167 diurnae

142 3196 340 3259 revolutionis
363 3205 395 3256 et
418 3196 537 3274 quidem
562 3196 806 3275 aequalissimam
830 3217 999 3259 mensnram
1024 3198 1216 3258 adulterare?
1262 3199 1348 3258 Nam.
1364 3197 1421 3256 hoc
1444 3212 1501 3255 uno

144 3285 303 3347 conamine
327 3293 395 3345 tota
418 3284 494 3345 coeli
518 3286 658 3345 machina
683 3286 842 3347 iurabitur.
891 3285 970 3356 Quid
991 3288 1055 3366 jam
1080 3287 1155 3348 certi
1180 3287 1216 3348 de
1232 3286 1313 3349 Solis
1337 3292 1421 3347 motu
1444 3283 1501 3343 ha-

142 3375 297 3448 bebimus,
322 3374 348 3434 si
374 3374 411 3434 de
435 3392 574 3434 mensura
598 3374 656 3435 diei
682 3376 755 3436 certi
781 3393 837 3435 nou
863 3396 974 3451 sumne,
999 3384 1053 3437 aut
1076 3396 1134 3456 qua
1157 3395 1298 3437 mensura
1321 3382 1453 3443 utemur,
1477 3372 1502 3432 si

144 3464 209 3524 dies
234 3463 323 3523 nobis
344 3463 494 3523 metienda
518 3463 584 3523 est?
631 3464 823 3542 Respondeo,
848 3465 957 3526 nullius
982 3485 1029 3526 me
1045 3466 1139 3544 pudet
1157 3466 1312 3539 audaciae,
1336 3482 1390 3543 per
1414 3478 1502 3540 quam

142 3570 268 3633 sperare
293 3570 435 3630 possum,
465 3571 511 3612 rne
530 3560 645 3613 certum
670 3554 707 3613 ab
733 3553 897 3615 artificibus
920 3573 1096 3634 responsum
1121 3554 1229 3616 elicere
1253 3572 1353 3635 posse.
1401 3549 1502 3620 Quare

144 3643 186 3703 ite
214 3641 366 3716 artifices,
401 3641 490 3701 facite
519 3641 682 3720 periculum
717 3641 775 3716 rei,
816 3645 972 3721 explorate
1006 3644 1216 3705 certitudinem
1249 3649 1348 3705 motus
1382 3657 1501 3701 arenae.
1535 3707 1541 3712 ⁴

144 3731 292 3809 Magnum
316 3729 445 3808 aliquem
470 3730 618 3791 cumulum
643 3749 753 3791 arenae
777 3749 830 3809 per
855 3733 986 3792 foramen
1012 3733 1088 3793 satis
1105 3733 1234 3811 amplum
1259 3730 1420 3802 demittite,
1446 3728 1503 3788 ad-

144 3829 208 3880 este
233 3819 291 3899 ipsi
316 3817 447 3897 negotio,
474 3838 595 3899 operam
619 3820 690 3879 date
714 3839 751 3880 ne
775 3819 860 3880 initio
884 3822 1015 3881 maximo
1030 3823 1162 3901 pondere
1186 3828 1341 3899 prematur
1357 3821 1501 3890 foramen,

144 3909 200 3968 dne
224 3926 297 3968 vero
320 3908 394 3968 nibil
418 3917 536 3987 urgeat.
583 3908 706 3969 Modica
729 3927 848 3987 semper
872 3910 917 3971 vis
942 3930 1030 3971 mauu
1051 3910 1226 3971 sufficiatur.
1273 3906 1423 3968 Metimini
1449 3904 1503 3967 hoc

143 4006 234 4077 pacto
265 3997 343 4057 diem
373 3997 540 4072 hibernum,
576 3998 655 4058 diem
679 3996 751 4058 item
776 3998 939 4073 aestivum,
974 3999 999 4060 si
1025 3998 1224 4060 differentiam
1253 3996 1393 4070 invenitis
1418 3994 1504 4056 nnius

145 4095 198 4148 aut
225 4086 354 4147 duamm
376 4085 529 4161 horamm,
564 4085 758 4167 gratulamini
782 4087 878 4147 vobis.
925 4088 1031 4167 Neque
1055 4087 1120 4148 Soli
1148 4089 1284 4149 metuite.
1329 4086 1409 4148 Nam
1435 4084 1504 4164 quid

143 4175 279 4236 efficiunt
303 4173 334 4237 51
359 4175 473 4246 (motus
497 4173 518 4237 2
541 4176 696 4246 horarum)
723 4176 749 4235 in
775 4174 990 4251 declinatione,
1016 4196 1105 4256 quam
1131 4177 1228 4238 solam
1250 4175 1336 4237 vobis
1360 4173 1435 4236 licet
1456 4173 1503 4234 in-

144 4264 323 4325 strumentis
346 4265 476 4343 capere?
522 4263 585 4326 Sed
609 4282 691 4325 erarn
716 4264 828 4326 oblitus
852 4285 943 4344 supra
967 4266 1094 4326 alteram
1118 4285 1243 4328 causam
1267 4266 1305 4325 de
1320 4264 1407 4325 Luna
1431 4263 1504 4334 (uon

144 4353 181 4416 de
196 4352 288 4425 Sole)
312 4352 483 4432 suspicandi
508 4354 681 4432 adjungere.
727 4352 847 4414 Etenim
872 4354 897 4414 si
915 4353 996 4416 Solis
1021 4355 1216 4433 aequationes
1239 4355 1268 4415 in
1285 4372 1379 4414 causa
1403 4357 1505 4410 essent

145 4442 259 4503 moris
282 4442 363 4503 circa
386 4441 529 4521 eclipses,
557 4443 661 4504 Lunae
686 4441 778 4521 igitur
798 4450 900 4511 motus
925 4453 1029 4504 essent
1052 4443 1142 4513 certi,
1172 4452 1203 4504 et
1231 4442 1356 4504 irlveniri
1380 4439 1506 4500 deberet
1597 4499 1599 4502 Α

146 4531 235 4591 Luna
258 4551 294 4591 eo
318 4532 395 4605 loco,
420 4532 449 4592 in
474 4550 560 4611 quern
585 4551 603 4591 a
626 4531 742 4592 calculo
763 4532 925 4609 reponitur.
972 4515 1017 4593 At
1041 4532 1089 4592 die
1114 4533 1281 4611 paschatis,
1308 4530 1348 4590 uti
1374 4546 1420 4588 me
1439 4525 1504 4604 pri-

146 4619 215 4680 dem
240 4620 400 4698 scripsisse
424 4620 596 4681 meminisse
620 4628 717 4698 potes,
744 4619 831 4680 Luna
855 4628 940 4681 tauto
966 4621 1027 4682 lere
1052 4620 1148 4682 serius
1172 4622 1211 4681 ad
1235 4621 1332 4682 locum
1356 4613 1504 4677 acalculo

146 4709 331 4770 destinatum
356 4711 504 4787 pervenit,
529 4718 641 4786 quanto
666 4708 762 4768 serius
787 4709 908 4788 eclipsis
932 4710 1014 4787 prior
1038 4716 1228 4788 apparuerat.
1275 4707 1358 4785 Ergo
1373 4703 1505 4783 suspicio

146 4809 205 4873 est,
230 4800 336 4860 Lunae
361 4808 474 4859 motum
499 4798 599 4879 potius
624 4817 714 4878 quam
738 4795 820 4860 Solis
844 4798 872 4859 in
897 4817 990 4861 causa
1013 4818 1099 4871 esse.
