3366 5482
680 242 763 308 cant
780 244 815 295 11·
1224 222 1229 239 ’
1365 248 1428 314 ras

64 400 171 463 baculo
196 419 335 480 gressum
358 401 480 462 lirmans
505 403 553 474 (ut
577 401 641 479 ipse
665 400 796 463 Rhetioo
820 403 920 464 dicere
944 403 1050 465 solitus
1076 407 1138 477 est)
1157 399 1197 478 ῃ)
1228 405 1308 468 felici
1332 409 1429 487 magis

64 508 152 570 quam
177 490 341 551 confidenti
363 491 537 568 conjectura
551 492 719 563 coristituiq
746 501 836 570 atque
859 492 904 553 ita
927 511 995 553 sese
1018 493 1130 554 habere
1154 494 1292 570 credidit,
1318 515 1354 556 ea
1378 496 1427 558 in-

64 597 150 660 quam
176 579 280 640 omnia
303 579 469 640 rationibus
493 599 511 638 a
534 578 634 656 priori,
661 602 678 639 a
698 581 807 651 causis,
832 600 851 641 a
874 580 1036 642 creationis
1061 581 1131 642 idea
1154 581 1292 644 deductis
1315 584 1427 649 rectia·

63 668 135 729 sime
160 667 331 729 constituta
354 686 422 728 esse
447 667 718 746 deprehendantur.

149 756 234 818 Nam
263 758 288 817 si
317 756 383 835 quis
413 755 637 835 philosophicas
666 758 743 818 istas
776 757 908 818 rationes
938 757 1002 819 sine
1033 757 1199 819 rationibus
1223 768 1255 821 et
1278 762 1342 823 solo
1366 761 1427 824 risu
1536 772 1539 779 '

63 846 201 924 excipere
225 853 318 925 atque
341 846 461 906 eludere
485 846 622 918 voluerit,
647 855 809 924 propterea
832 842 910 925 quod
931 864 1023 907 novus
1043 847 1130 907 homo
1150 847 1205 909 sub
1224 849 1310 910 linem
1335 870 1425 911 secu-

64 937 168 1003 lorum,
193 935 368 995 tacentibus
392 935 452 994 illis
472 935 679 1013 philosophiae
696 934 854 1005 luminibus
871 934 1012 1012 antiquis,
1038 936 1246 1016 philosophica
1269 937 1331 999 ista
1353 957 1426 1019 pro-

64 1025 169 1096 teram,
192 1023 238 1084 illi
253 1043 310 1102 ego
325 1024 441 1097 ducem,
466 1031 619 1084 auctorem
643 1033 673 1083 et
697 1032 1004 1102 praemonstratorem
1028 1043 1065 1085 ex
1089 1024 1301 1105 antiquissimo
1324 1029 1427 1089 seculo
1491 1050 1494 1055 ’

61 1113 211 1193 proferam
230 1111 498 1193 Pythagoram:
523 1112 608 1190 cujus
627 1113 723 1173 multa
745 1112 774 1172 in
791 1111 904 1174 scholis
922 1112 1043 1187 mentio,
1069 1113 1147 1191 quod
1171 1133 1237 1174 cum
1263 1124 1425 1192 praestan-

62 1203 132 1263 tiam
158 1200 279 1262 videret
301 1200 429 1280 quinque
458 1218 634 1279 corpomm,
668 1200 759 1261 simili
788 1201 879 1279 plane
907 1200 1024 1262 ratione
1048 1209 1120 1262 ante
1144 1201 1190 1262 bis
1214 1202 1296 1263 mille
1320 1222 1425 1279 annos,

37 1329 38 1332 =
61 1308 117 1371 qua
131 1307 212 1351 nnnc
227 1307 294 1368 ego,
319 1287 476 1352 creatoris
491 1308 562 1350 cura
581 1308 637 1350 non
662 1289 815 1368 iudignum
839 1288 990 1351 censuerit
1013 1290 1051 1349 ad
1075 1289 1129 1350 illa
1151 1290 1310 1370 respicere,
1336 1300 1426 1373 atque

60 1378 149 1442 rebus
173 1377 397 1440 mathematicis
419 1378 543 1458 physice
568 1386 661 1439 etex
685 1399 741 1439 sua
766 1378 902 1457 qualibet
919 1377 1104 1457 proprietate
1125 1379 1330 1441 accidentaria
1354 1400 1425 1443 cen-

59 1468 126 1530 sitis
155 1486 206 1529 res
231 1486 289 1528 non
313 1467 546 1528 mathematicas
572 1467 854 1528 accommodaverit.
894 1467 1016 1528 Terram
1042 1467 1119 1528 enim
1144 1468 1219 1529 cubo
1244 1469 1430 1549 aequipara-‘

62 1557 114 1633 rit,
129 1559 160 1629 Ι)
185 1555 256 1635 quia
280 1556 400 1617 stabilis
425 1564 560 1635 uterque,
586 1556 664 1635 quod
689 1566 790 1617 tamen
811 1556 847 1616 de
867 1555 941 1616 cubo
962 1575 1020 1615 uon
1038 1556 1157 1634 proprie
1177 1555 1295 1618 dicitnr.
1330 1556 1424 1619 Coelo

62 1645 252 1708 iconaedrum
276 1645 369 1717 dedit,
395 1644 465 1724 quia
479 1653 635 1724 utrumque
650 1644 790 1706 volubile.
824 1645 889 1721 Igni
911 1644 1076 1726 pyramide,
1101 1645 1171 1723 quia
1194 1646 1269 1706 haec
1291 1645 1424 1707 volantis

60 1733 182 1815 igniculi
198 1734 307 1795 forma:
332 1733 448 1812 reliqua
471 1733 529 1794 dno
554 1751 680 1811 corpora
703 1733 782 1794 iuter
806 1751 905 1794 aerem
930 1741 961 1793 et
985 1751 1093 1812 aquam
1115 1733 1277 1809 distribuit,
1303 1741 1425 1815 propter

58 1823 187 1885 similem
216 1822 355 1902 utrinque
388 1842 454 1884 cum
487 1822 595 1883 vicinis
625 1823 843 1901 cognationem.
888 1820 950 1882 Sed
975 1822 1052 1882 enim
1077 1819 1261 1900 Copemious
1291 1822 1335 1884 illi
1359 1822 1423 1883 viro

58 1913 164 1986 deluit,
190 1911 242 1990 qui
265 1911 357 1991 prius,
384 1911 453 1990 quid
478 1920 561 1972 esset
586 1911 613 1971 in
639 1911 758 1984 mundo,
784 1909 917 1971 diceret:
942 1909 1055 1989 absque
1080 1929 1115 1971 eo
1139 1929 1197 1971 non
1222 1912 1338 1986 luisset,
1364 1912 1422 1972 du·

58 2001 135 2063 bium
159 2017 220 2061 nou
246 2008 311 2076 est,
336 2001 405 2080 quin
431 2018 522 2083 quare
546 2007 643 2073 esset,
673 1999 855 2070 invenisset,
884 2007 975 2078 atque
999 2000 1073 2060 haee
1097 1999 1246 2061 coelorum
1269 2000 1424 2080 proportio

59 2095 115 2153 tam
140 2096 216 2150 nota
240 2108 316 2151 nunc
341 2098 439 2162 esset,
466 2108 552 2169 quarn
576 2089 644 2167 ipsa
668 2088 795 2169 quinque
819 2105 958 2166 corpora,
991 2097 1052 2148 tam
1077 2087 1147 2149 item
1172 2098 1310 2167 recepta,
1335 2106 1423 2169 quam

59 2179 111 2241 hoe
146 2186 318 2258 temporum
345 2178 473 2238 decursu
502 2177 630 2239 invaluit
656 2176 710 2238 illa
743 2178 779 2238 de
812 2175 893 2238 Solis
926 2185 1008 2238 motu
1041 2177 1136 2255 deque
1170 2177 1270 2256 quiete
1294 2177 1423 2240 Telluris

59 2286 167 2330 ormo.

74 2286 93 2349 p
144 2356 261 2418 Verum
284 2373 342 2434 age
365 2355 413 2416 vel
443 2355 564 2416 tandem
594 2353 799 2432 experiamur,
831 2361 929 2414 utrum
957 2354 1036 2415 inter
1065 2354 1152 2415 orbes
1176 2350 1337 2434 Copernici
1360 2355 1422 2416 sint

59 2445 132 2507 istae
157 2463 315 2524 corporum
339 2445 559 2523 proportiones.
594 2445 641 2503 Ac
666 2442 752 2504 initio
772 2462 833 2505 rem
850 2442 1049 2504 crassiuscule
1065 2461 1251 2504 censeamus.
1285 2442 1420 2504 Maxima

61 2534 270 2596 distantiarum
294 2533 464 2593 differentia
486 2532 516 2593 in
542 2530 709 2610 Copemico
733 2541 781 2593 est
805 2533 883 2597 iuter
905 2530 1012 2593 Jovem
1038 2540 1070 2594 et
1091 2533 1241 2605 Martem,
1274 2540 1308 2592 ut
1335 2531 1420 2594 vides

62 2620 312 2702 inexplicatione
336 2621 547 2701 hypothesium
572 2620 646 2681 Tab.
672 2618 711 2682 10
735 2629 767 2682 01
790 2620 868 2681 infra
892 2640 957 2699 cap.
988 2616 1082 2682 1101
1109 2618 1159 2684 15.
1206 2620 1317 2682 Martis
1341 2620 1419 2682 enim

64 2711 203 2774 distantia
227 2731 246 2771 a
270 2708 342 2771 Sole
366 2730 424 2770 non
449 2717 561 2794 aequat
587 2708 709 2770 tertiam
732 2716 852 2789 partem
874 2709 992 2771 Joviae.
1041 2708 1212 2780 Quaeratur
1236 2709 1418 2786 1311111001-

65 2818 121 2879 pus,
140 2801 221 2881 qnod
236 2800 397 2861 maximam
413 2799 488 2860 facit
503 2799 701 2860 differentiam
716 2798 795 2860 inter
808 2797 910 2859 orbem
926 2800 1180 2879 circumscriptum
1195 2806 1226 2859 et
1240 2798 1419 2877 inscriptum

69 2890 254 2960 (concedatur
276 2887 362 2950 nubis
386 2889 460 2948 haec
485 2909 662 2967 καταχρησις
692 2906 797 2948 ravum
825 2906 879 2965 pro
908 2887 1003 2948 solido
1035 2888 1191 2960 censendi)
1206 2885 1235 2958 h)
1267 2889 1345 2966 qnod
1371 2896 1419 2949 est

70 2980 240 3041 tetraedmm
265 2977 329 3038 sive
352 2976 494 3058 pyramis.
532 2976 591 3037 Est
614 2976 705 3055 igitur
730 2977 807 3037 inter
824 2974 931 3037 Jovem
956 2985 987 3037 et
1005 2976 1138 3038 Martem
1160 2974 1303 3056 pyramis.
1341 2975 1419 3038 Post

72 3065 115 3127 hos
142 3069 303 3130 maximam
336 3066 451 3128 iaciunt
483 3064 683 3126 differentiam
715 3065 879 3126 distantiae
908 3064 1028 3144 Jupiter
1058 3073 1089 3126 et
1112 3063 1273 3127 Saturnus.
1319 3063 1417 3144 Hujus

75 3155 137 3217 enim
158 3157 209 3219 ille
231 3156 324 3235 paulo
347 3155 415 3234 plus
440 3153 592 3215 dimidium
616 3161 737 3232 aequat.
785 3151 900 3215 Similis
933 3161 1060 3233 apparet
1092 3153 1121 3214 in
1156 3153 1223 3214 oubi
1251 3151 1356 3215 intimo
1386 3161 1417 3215 et

77 3244 165 3307 extimo
189 3246 261 3307 orbe
286 3243 464 3305 differentia.
512 3240 628 3304 Cabum
652 3242 744 3321 igitur
767 3240 916 3303 Saturnus
940 3243 1051 3318 ambit,
1076 3243 1169 3304 cubus
1192 3241 1307 3304 lovem.

143 3333 290 3414 Aequalis
315 3334 375 3394 iere
399 3331 553 3412 proportio
578 3341 626 3392 est
650 3332 729 3392 iuter
748 3331 897 3392 Venerem
922 3340 955 3392 et
976 3331 1165 3406 Mercurium,
1191 3351 1245 3392 nec
1270 3329 1417 3393 absimilis

79 3417 136 3482 iuter
155 3424 243 3486 orbes
266 3421 412 3483 octaedri.
460 3421 565 3482 Venus
588 3420 680 3498 igitur
703 3420 759 3480 hoo
783 3438 891 3499 corpus
914 3420 1023 3493 ambit,
1046 3419 1213 3482 Mercurius
1235 3419 1342 3481 induit.

144 3511 290 3592 Reliquae
314 3511 392 3571 duae
416 3508 626 3590 proportiones
657 3509 736 3570 inter
759 3509 911 3571 Venerem
939 3516 971 3571 et
994 3508 1137 3584 Terram,
1170 3509 1248 3570 inter
1280 3509 1357 3570 hanc
1385 3518 1418 3569 at

80 3593 184 3663 11111011
206 3599 348 3662 minimae
371 3607 456 3672 sunt,
488 3607 519 3659 et
543 3598 604 3658 lere
636 3598 793 3676 aequales,
824 3616 929 3676 nempe
954 3597 1078 3660 interior
1102 3598 1260 3660 exterioris
1285 3597 1417 3659 dodrans

80 3693 119 3746 art
135 3689 183 3751 bes
206 3683 275 3771 (Ἄ,
298 3684 363 3766 ²l3).
398 3689 431 3750 ln
447 3687 603 3749 icosaedro
619 3694 651 3747 et
669 3687 858 3747 dodecasdro
875 3695 945 3748 suut
968 3687 1061 3749 etiam
1085 3687 1227 3767 aequales
1252 3686 1416 3747 distantiae

81 3771 188 3840 binomm
212 3778 345 3852 orbium,
372 3785 403 3838 et
426 3777 617 3856 proportione
641 3785 766 3836 utuntur
788 3775 911 3836 minima
934 3776 1012 3836 inter
1036 3777 1150 3856 reliqua
1173 3775 1323 3855 regularia
1346 3792 1415 3835 cor-

79 3877 141 3938 pora.
178 3866 282 3938 Quare
305 3865 467 3929 verisimile
491 3875 548 3939 est,
574 3865 704 3925 Martem
728 3864 840 3925 ambire
865 3863 989 3925 Terram
1012 3866 1163 3927 mediante
1188 3865 1334 3926 alterutro
1357 3863 1415 3924 ho-

79 3968 126 4013 rum
145 3975 306 4037 corporum,
331 3958 453 4017 Terram
480 3963 613 4015 autema
630 3952 954 4026 Veneresummotam,
978 3954 1130 4015 mediante
1153 3952 1277 4032 reliquo.
1313 3950 1415 4022 Quare

79 4039 170 4123 siquis
193 4066 231 4108 ex
253 4065 301 4107 me
325 4051 464 4126 quaerat,
486 4063 539 4105 cur
563 4043 625 4104 sint
647 4050 764 4103 tautum
788 4061 842 4102 sex
858 4041 945 4103 orbes
961 4040 1097 4115 mobiles,
1122 4040 1319 4119 respondebo,
1346 4041 1417 4122 qnia

79 4146 122 4192 101
140 4143 277 4214 oporteat
299 4135 401 4214 plures
416 4131 544 4212 quinque
559 4129 768 4210 proportiones
784 4149 861 4203 esse,
887 4130 1013 4191 totidem
1037 4148 1153 4210 nempe,
1178 4137 1250 4210 quot
1264 4130 1416 4209 regularia

77 4228 130 4281 sunt
144 4222 171 4284 in
189 4224 320 4286 mathesi
335 4240 470 4301 corpora.
505 4220 567 4283 Sex
591 4228 690 4281 autem
715 4219 833 4280 termini
858 4227 1067 4281 consummant
1088 4220 1165 4282 hunc
1188 4219 1414 4299 proportionum

76 4324 213 4375 humerum.
