3366 5482
644 282 675 331 de
694 283 767 332 rebem
785 283 947 349 utrologicia
1411 286 1475 357 339

133 432 280 495 enninos?
325 437 392 508 An,
427 455 485 498 non
509 447 558 498 est
582 438 610 498 in
642 440 772 519 ipsorum
800 449 969 520 potestate,
1004 445 1209 524 qualecunque
1233 469 1393 526 manuopera
1417 450 1473 511 oh-

136 523 232 583 cere?
280 522 343 584 Sed
376 533 523 603 coguntur
546 528 722 589 occasiones
746 538 885 608 captare,
920 550 1010 610 seque
1040 539 1288 612 temperamentis
1316 545 1350 597 et
1379 539 1473 599 statui

134 611 225 672 tentis
253 631 372 673 suarum
406 614 567 676 tutelarum
601 618 847 679 accommodare?
894 616 1051 688 Quomodo
1084 622 1176 699 igitur
1204 634 1327 686 movent
1359 626 1473 688 animos

133 709 244 773 ostros,
270 720 463 781 percorpus,
487 723 577 764 ause
603 703 698 783 ipsis?

184 805 371 856 Fabricius:
397 806 445 867 Qui
464 809 505 864 fit,
532 810 596 872 quod
615 824 680 872 aqua
699 812 808 873 impense
833 810 909 860 salita
930 811 1012 861 hieme
1036 828 1084 861 non
1106 823 1264 874 concrescat,
1292 818 1357 868 sicut
1375 826 1473 870 ceterae

134 874 214 996 pirae?t
232 877 314 996 &Hine
337 885 397 942 puto
423 880 515 943 aliquid
541 895 633 929 causae
657 883 770 940 subesse,
800 881 864 944 qnod
889 884 914 930 iu
937 882 997 931 locis
1017 886 1077 932 mari
1097 887 1182 935 ricinis
1201 893 1298 937 tanturn
1318 889 1374 953 gelu
1392 890 1473 939 hieme

134 962 162 997 un
180 962 203 997 n
256 963 277 997 e.

202 1019 406 1098 Keplerus:
445 1020 536 1082 Salsa
559 1033 631 1103 puto
656 1023 761 1083 iisdem
786 1024 822 1083 de
847 1024 948 1085 causis
967 1044 1025 1086 non
1041 1044 1246 1104 concrescere,
1272 1030 1380 1111 quibus
1395 1031 1471 1093 olea.

134 1107 192 1168 iam
216 1110 242 1169 si
266 1110 360 1170 salita
383 1111 531 1189 quaedam
556 1113 652 1184 luere,
682 1111 831 1193 pinguedo
856 1112 899 1171 eis
923 1113 1019 1188 inest,
1049 1123 1079 1175 et
1104 1116 1203 1178 lentus
1227 1127 1318 1199 atque
1341 1119 1473 1182 viscidus

134 1215 236 1271 umor,
275 1206 308 1259 ut
340 1198 480 1259 carnibus
513 1200 697 1262 animalium.
744 1200 812 1260 Non
845 1210 988 1279 penetrat
1019 1202 1111 1282 igitur
1139 1204 1234 1284 frigus
1262 1216 1327 1268 tam
1357 1227 1472 1269 crassa.

134 1284 218 1346 liems
242 1305 313 1348 vero
337 1306 396 1347 non
420 1287 487 1348 ideo
512 1288 612 1349 mitior
635 1289 721 1348 vobis
746 1288 874 1359 videtur,
903 1291 967 1363 sed,
992 1293 1069 1370 qnod
1093 1294 1238 1354 Francius
1264 1303 1332 1356 tuns
1357 1297 1472 1375 ajebat,

134 1372 152 1435 b
176 1384 314 1436 aestuum
339 1377 492 1456 appulsus,
519 1397 620 1438 auram
645 1378 785 1456 vapidum
810 1379 970 1454 spirantes.

185 1480 370 1531 Fabricius:
400 1480 425 1530 Si
445 1482 549 1531 fulmina
567 1491 625 1531 sunt
643 1483 796 1537 materialia,
820 1490 848 1531 ut
865 1484 960 1547 physici
978 1484 1076 1543 volunt,
1100 1499 1143 1533 cnr
1161 1484 1233 1535 homo
1252 1487 1281 1535 iis
1300 1502 1348 1535 non
1366 1487 1473 1537 laeditur

134 1549 145 1599 d
165 1551 284 1601 sensnm?
321 1553 409 1601 Audivi
428 1553 467 1602 hic
486 1554 610 1617 quendam
629 1554 730 1603 fulmine
750 1554 919 1602 exanimatum
938 1555 1022 1611 luisse,
1041 1557 1066 1603 in
1086 1559 1156 1618 cujus
1175 1558 1239 1620 pileo
1257 1558 1388 1606 rotundum
1407 1559 1471 1608 lora·

134 1636 171 1673 ren
189 1624 299 1672 inustum
317 1623 407 1682 inerat,
428 1631 453 1673 et
471 1633 555 1673 tamen
575 1632 651 1687 eaput
668 1625 789 1673 illaesum.

203 1711 406 1791 Keplerus:
440 1713 486 1773 De
511 1712 676 1774 fulminatis
700 1732 888 1793 nunquamne
916 1714 1047 1774 audisti?
1093 1716 1141 1774 Au
1170 1734 1272 1775 omues
1303 1715 1470 1777 itafulmi·

134 1801 243 1860 antur?
289 1800 391 1861 Nobili
408 1799 499 1883 Styro
528 1798 566 1863 12
592 1820 735 1862 annorum
759 1821 860 1881 puero,
880 1804 943 1880 jam
970 1801 1100 1863 exanimi
1123 1821 1210 1881 pene,
1236 1823 1338 1864 arsere
1357 1813 1470 1880 vestes,

134 1907 248 1949 namen
275 1889 392 1950 eratin
417 1891 510 1951 calcei
536 1889 620 1951 solea
645 1889 732 1969 inque
757 1910 895 1958 scamno,
920 1891 948 1951 in
974 1910 1030 1969 quo
1056 1891 1175 1964 stabat;
1210 1892 1272 1969 ipse
1298 1901 1397 1954 tamen
1422 1894 1469 1954 in-

134 1995 206 2055 eger.
255 1977 331 2038 Poto
357 1979 533 2057 oleaginosa
556 1979 620 2056 peti
644 1988 672 2038 et
698 1979 854 2058 insigniter
879 1979 992 2058 ignita,
1017 1979 1085 2039 hinc
1109 1998 1176 2038 non.
1192 1999 1298 2040 carnes
1321 1980 1470 2056 humidae,

134 2066 167 2126 ed
191 2086 244 2126 cor
268 2076 298 2126 et
322 2067 349 2126 in
375 2086 410 2127 eo
435 2069 586 2128 flammula
610 2067 706 2140 vitae;
732 2068 799 2129 hinc
823 2088 924 2141 canes,
950 2069 1069 2147 igneum
1093 2067 1212 2129 animal.

184 2171 366 2221 Fabricius:
400 2172 545 2232 Quaeritur.
574 2187 638 2237 quae
663 2175 695 2221 sit
719 2188 796 2223 cansa
820 2175 1003 2224 anniversariae
1026 2173 1170 2222 mutationis
1194 2176 1257 2222 aeris
1283 2163 1388 2222 inlocis
1406 2175 1474 2225 ultra

134 2250 274 2306 equamrem
294 2252 320 2292 et
338 2246 412 2299 circa,
433 2253 459 2293 et
477 2245 547 2292 simul
567 2245 630 2292 ratio
650 2245 780 2294 diuturnae
799 2247 940 2294 serenitatis
958 2258 1097 2307 perunum
1116 2252 1247 2301 semestre,
1268 2252 1293 2294 et
1312 2251 1400 2294 eontra
1416 2245 1471 2309 plu·

134 2327 169 2363 ae
187 2328 232 2377 per
250 2313 371 2363 alterum?
409 2315 525 2378 Perpetui
544 2316 595 2364 iere
614 2317 680 2365 venti
699 2316 761 2364 flant
779 2318 868 2371 sereni,
889 2318 981 2381 absque
999 2317 1105 2364 materia
1123 2317 1231 2364 nubium.
1268 2315 1366 2378 Physici
1385 2323 1471 2365 rento·

134 2399 167 2433 ern
187 2387 318 2433 materiam
337 2386 369 2434 ad
388 2387 559 2435 exhalationes
578 2394 705 2434 terrestres
725 2387 847 2442 referunt;
867 2394 894 2435 at
912 2388 960 2435 illic
980 2402 1076 2449 semper
1088 2401 1210 2435 serenum.
1241 2385 1313 2436 Unde
1327 2386 1470 2450 ln'gnshor·
1559 2431 1561 2435 ,

134 2455 218 2504 endum
239 2459 263 2504 in
283 2454 333 2503 41¹¹
352 2457 399 2519 poli
421 2466 497 2506 austr.
516 2460 541 2505 in
561 2460 647 2505 itinera
667 2452 761 2506 Draei?
800 2459 848 2506 Cur
867 2460 891 2506 in
911 2458 970 2507 locis
989 2458 1173 2506 australioribus
1191 2458 1271 2506 hieme
1289 2460 1369 2520 malus
1387 2457 1472 2522 frigus,

134 2539 187 2575 nm
205 2529 230 2574 in
250 2527 287 2575 his
306 2527 454 2577 maritimis?
485 2528 577 2576 Contra
597 2536 694 2577 aestate
714 2529 763 2577 illic
782 2532 862 2590 major
880 2537 964 2577 aestus
983 2536 1030 2584 est,
1049 2540 1123 2592 quam
1141 2529 1189 2588 hie,
1210 2529 1268 2577 licet
1280 2529 1332 2577 dieu
1351 2530 1401 2577 sint
1418 2529 1470 2577 lon·

134 2599 210 2653 iores,
239 2605 264 2646 et
281 2608 380 2661 propter
398 2615 491 2648 moram
511 2601 645 2663 longiorem
666 2600 729 2649 Solis
753 2614 827 2663 snpra
845 2600 997 2649 horizontem
1014 2603 1086 2663 juxta
1104 2606 1173 2648 tuam
1192 2601 1342 2649 seumntiam
1362 2607 1387 2648 et
1406 2599 1473 2648 calor

137 2672 192 2731 ator
210 2685 265 2718 esse
284 2670 392 2718 deberet.
434 2669 529 2719 Suntne
548 2671 666 2733 planetae
690 2677 812 2719 certorum
835 2680 963 2720 ventorum
981 2665 1108 2721 motoresl
1144 2671 1279 2721 Habentne
1296 2670 1386 2735 singuli
1405 2673 1472 2720 venti

134 2747 209 2789 artam
230 2754 246 2788 a
264 2748 356 2789 natura
373 2742 479 2790 inditam
498 2741 693 2805 proprietatem?
730 2742 777 2791 Vel
796 2745 876 2805 potius
896 2756 912 2791 a
930 2750 1021 2791 natura
1038 2742 1085 2790 loci
1105 2750 1130 2790 et
1148 2740 1271 2805 regionis?
1341 2766 1344 2770 ’

202 2830 407 2908 Keplerus:
446 2832 512 2891 lloc
536 2850 603 2892 esse
619 2841 691 2910 puto
708 2830 977 2909 transaequatoriis
996 2841 1157 2909 perpetuas
1177 2829 1367 2903 serenitates,
1393 2830 1470 2908 quod

134 2919 199 2979 obis
225 2928 383 2979 aestatem.
427 2921 466 2981 Et
491 2929 524 2980 ut
548 2920 633 2981 nobis
657 2921 707 2979 nix
732 2929 851 2980 aestate
876 2938 933 2979 non
958 2919 1048 2991 cadit,
1075 2918 1233 2978 turbantur
1257 2928 1358 2977 tamen
1379 2919 1469 2977 calidi

134 3007 178 3069 ies
205 3008 338 3086 frigidis,
374 3009 418 3068 ita
443 3010 501 3069 illis
526 3009 582 3069 sub
611 3019 765 3086 aspectus,
791 3008 815 3067 si
840 3027 897 3067 non
921 3007 1055 3086 pluviae,
1081 3015 1162 3066 certe
1186 3005 1350 3066 nubeculae
1375 3013 1470 3067 erunt.

134 3097 206 3157 'enti
232 3097 350 3176 quidem
366 3117 402 3158 ex
418 3099 579 3171 montibus,
605 3098 658 3159 sed
673 3118 710 3158 ex
726 3098 787 3159 alia
802 3097 877 3158 forte
894 3095 1075 3168 continente,
1101 3103 1132 3154 et
1147 3093 1288 3169 continui,
1313 3094 1383 3173 quia
1397 3112 1468 3155 con-

136 3204 197 3247 nua
213 3186 357 3247 montium
373 3188 536 3261 exhalatio,
563 3186 611 3265 qui
627 3186 664 3247 iis
680 3186 753 3247 loeis
770 3185 872 3247 Solem
886 3185 1080 3246 accedentem
1095 3182 1201 3245 fortius
1216 3182 1359 3257 sentiunt,
1384 3202 1470 3263 quarn

134 3294 174 3336 os.
223 3274 306 3335 Pluit
330 3277 460 3336 lbrtasse
486 3277 563 3354 apud
589 3275 657 3336 illos
682 3284 811 3348 montes,
836 3284 870 3335 at
893 3274 994 3355 pluvia
1018 3273 1078 3334 cito
1103 3272 1250 3334 considet.
1296 3271 1390 3333 Venti
1414 3291 1467 3331 va·

134 3381 193 3425 tum
216 3381 361 3424 oceanum
385 3374 516 3438 tranant,
537 3364 707 3442 pluviarum
731 3363 862 3425 soboles.
912 3362 945 3424 Si
970 3362 1035 3443 quis
1060 3360 1132 3423 mihi
1156 3361 1350 3440 consignaret
1372 3361 1472 3422 omnia

134 3452 325 3524 bserrabilia,
352 3463 507 3514 ventorum
532 3455 656 3533 plagas,
683 3454 772 3515 lacile
797 3453 996 3531 confingerem
1019 3451 1220 3532 hypotheses,
1239 3448 1347 3529 juncta
1370 3460 1472 3510 astro·

134 3541 229 3602 umiae
254 3542 494 3621 cosmographia.
540 3541 622 3603 Nihil
648 3541 723 3602 adeo
749 3542 892 3603 insolens.
935 3541 1038 3602 Habet
1062 3548 1093 3601 et
1113 3537 1245 3602 Graecia
1268 3546 1367 3601 statas
1390 3547 1470 3600 tem-

134 3639 267 3703 estates3
293 3629 457 3691 Germania
481 3631 518 3691 oh
542 3631 718 3692 vastitatem
743 3641 775 3693 et
798 3631 920 3692 crebros
936 3640 1053 3691 montes
1077 3629 1174 3690 minus
1200 3628 1246 3689 his
1270 3636 1394 3688 assueta
1413 3636 1469 3698 est,

134 3720 291 3781 raesertim
317 3720 429 3781 boreali
455 3719 551 3780 litore.

203 3809 237 3869 ln
262 3808 492 3886 septentrionali
518 3809 660 3869 Amerina
684 3817 821 3886 apparet,
847 3806 1072 3866 exlralationum
1097 3824 1171 3884 opus
1196 3823 1263 3864 esse
1283 3812 1400 3863 tantum
1420 3800 1474 3863 fri-

134 3917 187 3970 us,
218 3905 253 3957 ut
276 3898 355 3976 apud
380 3917 434 3957 nos
459 3898 555 3959 siinile
580 3897 648 3975 quid
675 3895 823 3956 interdum
848 3902 977 3955 aestate.
1025 3894 1108 3954 llaec
1133 3894 1185 3954 illa
1208 3892 1304 3971 regio,
1335 3891 1412 3952 unde
1436 3891 1475 3951 ad

134 4005 166 4047 os
201 3986 339 4047 Nordost
376 3987 425 4046 ille
465 3987 601 4065 frigidus.
651 3982 730 4055 Quid
760 3985 786 4044 si
812 3985 849 4044 ibi
875 3983 958 4045 culus
988 3981 1114 4043 mundi?
1158 3981 1279 4043 Natura
1307 3978 1405 4042 ventis
1437 3979 1474 4040 ab

134 4075 237 4155 riginis
263 4085 295 4135 et
314 4075 494 4136 atransitus
511 4075 593 4135 locis.
633 4074 797 4152 lmpetuosi
818 4073 955 4133 videntur
979 4090 995 4132 e
1014 4071 1179 4150 propinquo
1194 4069 1305 4130 venire.
1342 4071 1474 4129 Austra-

136 4163 251 4226 bosut
283 4163 419 4225 omnibus
452 4165 525 4225 locis
556 4165 649 4241 frigus
676 4171 707 4223 et
731 4172 834 4223 aestus
865 4182 883 4221 a
910 4161 1057 4225 tenuitate
1086 4159 1166 4219 aeris
1194 4158 1353 4236 adjuvatur
1382 4168 1476 4218 auta

134 4253 225 4314 entis.
282 4253 360 4313 Hinc
394 4254 526 4332 Angliae
560 4253 632 4312 mite
664 4252 757 4330 frigus
790 4270 895 4313 crasso
925 4256 1004 4310 abre.
1059 4246 1215 4332 Lirnpidus
1245 4246 1337 4325 igitur
1365 4253 1419 4307 ae'r
1446 4246 1474 4305 in

134 4343 274 4416 'eruana‚
305 4352 409 4402 aestus
434 4362 505 4402 vero
530 4342 644 4419 major,
678 4340 747 4419 (piria
771 4339 823 4401 Sol
850 4339 959 4411 altior,
998 4345 1029 4399 et
1052 4337 1120 4416 plus
1144 4336 1238 4397 vincit
1261 4335 1389 4396 altitudo
1413 4334 1474 4407 illa,

134 4450 203 4494 uam
228 4440 335 4492 nostra
359 4431 419 4491 diei
444 4432 611 4510 longitudo.
658 4431 728 4490 Mea
752 4429 898 4508 principia
926 4447 983 4487 tion
1009 4436 1185 4504 comparant
1213 4425 1350 4485 diversas
1375 4422 1475 4501 regio·'

134 4539 179 4594 es,
204 4521 258 4581 sed
284 4521 439 4583 cumulant
463 4520 628 4600 qualitates
652 4518 681 4579 in
707 4537 764 4579 uno
789 4518 889 4597 aliquo
906 4523 986 4576 a‘ere.
1033 4515 1152 4586 Pluvia,
1177 4523 1293 4584 ventus,
1320 4532 1357 4573 an
1378 4512 1475 4572 sumus

134 4607 156 4669 it
181 4609 310 4682 iuturus,
338 4607 417 4689 quod
442 4610 582 4681 exhalat,
609 4608 637 4666 in
663 4609 776 4667 Terrae
800 4604 960 4666 habilitate
985 4606 1075 4664 situm
1101 4603 1246 4676 arbitror,
1269 4619 1327 4660 non
1353 4601 1381 4660 in
1404 4601 1473 4678 pla·

135 4704 249 4761 etarum
274 4698 409 4760 arbitrio.
455 4698 498 4759 Et
526 4706 626 4758 tamen
662 4697 761 4776 aptior
790 4694 867 4756 alius
901 4693 938 4753 ad
971 4693 1061 4755 aliam
1092 4690 1294 4755 conditionem
1318 4690 1474 4763 materiae,

134 4806 177 4870 um
201 4789 265 4851 siut
289 4786 423 4849 distincti
448 4788 608 4849 coloribus.

1197 4883 1258 4935 ²²·
