<?xml version="1.0" encoding="UTF-8"?>
<!DOCTYPE html PUBLIC "-//W3C//DTD XHTML 1.0 Transitional//EN"
    "http://www.w3.org/TR/xhtml1/DTD/xhtml1-transitional.dtd">
<html xmlns="http://www.w3.org/1999/xhtml" xml:lang="en" lang="en">
 <head>
  <title>
</title>
<meta http-equiv="Content-Type" content="text/html;charset=utf-8" />
  <meta name='ocr-system' content='tesseract 3.04.00' />
  <meta name='ocr-capabilities' content='ocr_page ocr_carea ocr_par ocr_line ocrx_word'/>
</head>
<body>
  <div class='ocr_page' id='page_1' title='image "./joanniskepleria04frisgoog_0200.png"; bbox 0 0 3366 5482; ppageno 0'>
   <div class='ocr_carea' id='block_1_1' title="bbox 722 239 987 308">
    <p class='ocr_par' dir='ltr' id='par_1_1' title="bbox 722 239 987 308">
     <span class='ocr_line' id='line_1_1' title="bbox 722 239 987 308; baseline -0.004 -12"><span class='ocrx_word' id='word_1_1' title='bbox 722 239 887 308; x_wconf 73' lang='lat' dir='ltr'><strong>dapum.</strong></span> <span class='ocrx_word' id='word_1_2' title='bbox 906 241 987 297; x_wconf 81' lang='lat' dir='ltr'><strong>ml.</strong></span> 
     </span>
    </p>
   </div>
   <div class='ocr_carea' id='block_1_2' title="bbox 520 425 1187 606">
    <p class='ocr_par' dir='ltr' id='par_1_2' title="bbox 520 425 1187 606">
     <span class='ocr_line' id='line_1_2' title="bbox 520 425 1187 510; baseline 0.01 -20"><span class='ocrx_word' id='word_1_3' title='bbox 520 426 566 491; x_wconf 83' lang='lat' dir='ltr'><strong>IN</strong></span> <span class='ocrx_word' id='word_1_4' title='bbox 590 425 730 491; x_wconf 65' lang='lat' dir='ltr'><strong>catur</strong></span> <span class='ocrx_word' id='word_1_5' title='bbox 752 426 1187 510; x_wconf 80' lang='lat' dir='ltr'>VIGESIMUMPRIMUM</span> 
     </span>
     <span class='ocr_line' id='line_1_3' title="bbox 695 551 1010 606; baseline 0.003 -4"><span class='ocrx_word' id='word_1_6' title='bbox 695 551 811 603; x_wconf 79' lang='lat' dir='ltr'><strong>uorsa</strong></span> <span class='ocrx_word' id='word_1_7' title='bbox 832 552 1010 606; x_wconf 79' lang='lat' dir='ltr'><strong>socruum.</strong></span> 
     </span>
    </p>
   </div>
   <div class='ocr_carea' id='block_1_3' title="bbox 171 655 1552 2404">
    <p class='ocr_par' dir='ltr' id='par_1_3' title="bbox 174 655 1533 813">
     <span class='ocr_line' id='line_1_4' title="bbox 248 655 1533 735; baseline 0.007 -23"><span class='ocrx_word' id='word_1_8' title='bbox 248 655 280 724; x_wconf 82' lang='lat' dir='ltr'><strong>a)</strong></span> <span class='ocrx_word' id='word_1_9' title='bbox 300 657 484 729; x_wconf 62' lang='lat' dir='ltr'><strong>superma</strong></span> <span class='ocrx_word' id='word_1_10' title='bbox 506 656 567 728; x_wconf 85' lang='lat' dir='ltr'><strong>jam</strong></span> <span class='ocrx_word' id='word_1_11' title='bbox 594 676 677 729; x_wconf 91' lang='lat' dir='ltr'><strong>porro</strong></span> <span class='ocrx_word' id='word_1_12' title='bbox 698 668 742 715; x_wconf 88' lang='lat' dir='ltr'><strong>est</strong></span> <span class='ocrx_word' id='word_1_13' title='bbox 770 661 842 715; x_wconf 89' lang='lat' dir='ltr'><strong>baec</strong></span> <span class='ocrx_word' id='word_1_14' title='bbox 871 662 1048 731; x_wconf 85' lang='lat' dir='ltr'><strong>conjectatio.</strong></span> <span class='ocrx_word' id='word_1_15' title='bbox 1090 665 1166 719; x_wconf 90' lang='lat' dir='ltr'><strong>Vera</strong></span> <span class='ocrx_word' id='word_1_16' title='bbox 1192 663 1265 718; x_wconf 87' lang='lat' dir='ltr'><strong>enim</strong></span> <span class='ocrx_word' id='word_1_17' title='bbox 1293 663 1471 735; x_wconf 73' lang='lat' dir='ltr'><strong>proportione</strong></span> <span class='ocrx_word' id='word_1_18' title='bbox 1491 664 1533 720; x_wconf 90' lang='lat' dir='ltr'><strong>iu·</strong></span> 
     </span>
     <span class='ocr_line' id='line_1_5' title="bbox 174 737 1338 813; baseline 0.003 -20"><span class='ocrx_word' id='word_1_19' title='bbox 174 744 263 802; x_wconf 79' lang='lat' dir='ltr'><strong>venta.</strong></span> <span class='ocrx_word' id='word_1_20' title='bbox 284 737 315 794; x_wconf 89' lang='lat' dir='ltr'><strong>in</strong></span> <span class='ocrx_word' id='word_1_21' title='bbox 334 754 391 810; x_wconf 80' lang='lat' dir='ltr'><strong>qua</strong></span> <span class='ocrx_word' id='word_1_22' title='bbox 411 737 536 793; x_wconf 80' lang='lat' dir='ltr'><strong>deiectus</strong></span> <span class='ocrx_word' id='word_1_23' title='bbox 556 740 641 809; x_wconf 88' lang='lat' dir='ltr'><strong>plane</strong></span> <span class='ocrx_word' id='word_1_24' title='bbox 662 741 764 803; x_wconf 89' lang='lat' dir='ltr'><strong>nullus,</strong></span> <span class='ocrx_word' id='word_1_25' title='bbox 786 740 850 812; x_wconf 87' lang='lat' dir='ltr'><strong>quid</strong></span> <span class='ocrx_word' id='word_1_26' title='bbox 871 742 936 796; x_wconf 85' lang='lat' dir='ltr'><strong>mihi</strong></span> <span class='ocrx_word' id='word_1_27' title='bbox 957 761 1027 813; x_wconf 91' lang='lat' dir='ltr'><strong>opus</strong></span> <span class='ocrx_word' id='word_1_28' title='bbox 1050 752 1095 799; x_wconf 89' lang='lat' dir='ltr'><strong>est</strong></span> <span class='ocrx_word' id='word_1_29' title='bbox 1115 744 1186 798; x_wconf 79' lang='lat' dir='ltr'><strong>falso</strong></span> <span class='ocrx_word' id='word_1_30' title='bbox 1207 744 1338 798; x_wconf 76' lang='lat' dir='ltr'><strong>delectui</strong></span> 
     </span>
    </p>

    <p class='ocr_par' dir='ltr' id='par_1_4' title="bbox 173 814 1534 975">
     <span class='ocr_line' id='line_1_6' title="bbox 247 814 1534 894; baseline 0.006 -22"><span class='ocrx_word' id='word_1_31' title='bbox 247 814 282 887; x_wconf 88' lang='lat' dir='ltr'><strong>b)</strong></span> <span class='ocrx_word' id='word_1_32' title='bbox 304 817 458 882; x_wconf 77' lang='lat' dir='ltr'><strong>Quia-nec</strong></span> <span class='ocrx_word' id='word_1_33' title='bbox 487 835 604 888; x_wconf 87' lang='lat' dir='ltr'><strong>corpora</strong></span> <span class='ocrx_word' id='word_1_34' title='bbox 631 837 681 874; x_wconf 87' lang='lat' dir='ltr'><strong>seu</strong></span> <span class='ocrx_word' id='word_1_35' title='bbox 706 821 814 892; x_wconf 75' lang='lat' dir='ltr'><strong>figurae</strong></span> <span class='ocrx_word' id='word_1_36' title='bbox 844 823 922 876; x_wconf 88' lang='lat' dir='ltr'><strong>solae</strong></span> <span class='ocrx_word' id='word_1_37' title='bbox 944 823 1064 879; x_wconf 80' lang='lat' dir='ltr'><strong>formant</strong></span> <span class='ocrx_word' id='word_1_38' title='bbox 1090 824 1241 879; x_wconf 80' lang='lat' dir='ltr'><strong>intervella</strong></span> <span class='ocrx_word' id='word_1_39' title='bbox 1261 825 1451 894; x_wconf 85' lang='lat' dir='ltr'><strong>planetarum,</strong></span> <span class='ocrx_word' id='word_1_40' title='bbox 1482 841 1534 880; x_wconf 88' lang='lat' dir='ltr'><strong>nee</strong></span> 
     </span>
     <span class='ocr_line' id='line_1_7' title="bbox 173 897 1438 975; baseline 0.002 -19"><span class='ocrx_word' id='word_1_41' title='bbox 173 905 292 956; x_wconf 83' lang='lat' dir='ltr'><strong>motuum</strong></span> <span class='ocrx_word' id='word_1_42' title='bbox 311 898 380 953; x_wconf 82' lang='lat' dir='ltr'><strong>talis</strong></span> <span class='ocrx_word' id='word_1_43' title='bbox 399 897 428 953; x_wconf 90' lang='lat' dir='ltr'><strong>in</strong></span> <span class='ocrx_word' id='word_1_44' title='bbox 447 897 587 953; x_wconf 85' lang='lat' dir='ltr'><strong>individuo</strong></span> <span class='ocrx_word' id='word_1_45' title='bbox 608 907 652 954; x_wconf 88' lang='lat' dir='ltr'><strong>est</strong></span> <span class='ocrx_word' id='word_1_46' title='bbox 672 901 824 970; x_wconf 78' lang='lat' dir='ltr'><strong>proportio.</strong></span> <span class='ocrx_word' id='word_1_47' title='bbox 867 902 911 955; x_wconf 91' lang='lat' dir='ltr'><strong>lta</strong></span> <span class='ocrx_word' id='word_1_48' title='bbox 932 909 1077 975; x_wconf 87' lang='lat' dir='ltr'><strong>utrumque</strong></span> <span class='ocrx_word' id='word_1_49' title='bbox 1100 904 1128 958; x_wconf 93' lang='lat' dir='ltr'><strong>in</strong></span> <span class='ocrx_word' id='word_1_50' title='bbox 1149 919 1242 959; x_wconf 88' lang='lat' dir='ltr'><strong>errore</strong></span> <span class='ocrx_word' id='word_1_51' title='bbox 1262 906 1438 958; x_wconf 75' lang='lat' dir='ltr'><strong>versabatur.</strong></span> 
     </span>
    </p>

    <p class='ocr_par' dir='ltr' id='par_1_5' title="bbox 247 975 1091 1045">
     <span class='ocr_line' id='line_1_8' title="bbox 247 975 1091 1045; baseline 0.006 -11"><span class='ocrx_word' id='word_1_52' title='bbox 247 975 275 1045; x_wconf 89' lang='lat' dir='ltr'><strong>c)</strong></span> <span class='ocrx_word' id='word_1_53' title='bbox 299 977 457 1034; x_wconf 81' lang='lat' dir='ltr'><strong>conciliata</strong></span> <span class='ocrx_word' id='word_1_54' title='bbox 476 984 541 1032; x_wconf 90' lang='lat' dir='ltr'><strong>sunt</strong></span> <span class='ocrx_word' id='word_1_55' title='bbox 561 978 634 1033; x_wconf 76' lang='lat' dir='ltr'><strong>inter</strong></span> <span class='ocrx_word' id='word_1_56' title='bbox 655 998 685 1033; x_wconf 89' lang='lat' dir='ltr'><strong>se</strong></span> <span class='ocrx_word' id='word_1_57' title='bbox 706 980 777 1034; x_wconf 90' lang='lat' dir='ltr'><strong>libro</strong></span> <span class='ocrx_word' id='word_1_58' title='bbox 799 981 832 1035; x_wconf 89' lang='lat' dir='ltr'><strong>V.</strong></span> <span class='ocrx_word' id='word_1_59' title='bbox 854 981 1091 1039; x_wconf 87' lang='lat' dir='ltr'><strong>Harmonicorum.</strong></span> 
     </span>
    </p>

    <p class='ocr_par' dir='ltr' id='par_1_6' title="bbox 171 1052 1552 1434">
     <span class='ocr_line' id='line_1_9' title="bbox 246 1052 1532 1134; baseline 0.003 -20"><span class='ocrx_word' id='word_1_60' title='bbox 246 1052 280 1127; x_wconf 88' lang='lat' dir='ltr'><strong>d)</strong></span> <span class='ocrx_word' id='word_1_61' title='bbox 300 1057 396 1114; x_wconf 85' lang='lat' dir='ltr'><strong>Posito</strong></span> <span class='ocrx_word' id='word_1_62' title='bbox 426 1059 493 1113; x_wconf 90' lang='lat' dir='ltr'><strong>orbe</strong></span> <span class='ocrx_word' id='word_1_63' title='bbox 524 1058 659 1128; x_wconf 87' lang='lat' dir='ltr'><strong>perihelic</strong></span> <span class='ocrx_word' id='word_1_64' title='bbox 681 1060 811 1123; x_wconf 88' lang='lat' dir='ltr'><strong>Veneris,</strong></span> <span class='ocrx_word' id='word_1_65' title='bbox 842 1061 886 1114; x_wconf 90' lang='lat' dir='ltr'><strong>cui</strong></span> <span class='ocrx_word' id='word_1_66' title='bbox 916 1065 1066 1118; x_wconf 73' lang='lat' dir='ltr'><strong>octatdrcu</strong></span> <span class='ocrx_word' id='word_1_67' title='bbox 1095 1062 1263 1117; x_wconf 89' lang='lat' dir='ltr'><strong>inscribatur</strong></span> <span class='ocrx_word' id='word_1_68' title='bbox 1291 1060 1414 1134; x_wconf 86' lang='lat' dir='ltr'><strong>partium</strong></span> <span class='ocrx_word' id='word_1_69' title='bbox 1446 1061 1532 1127; x_wconf 82' lang='lat'><strong>100⁰,</strong></span> 
     </span>
     <span class='ocr_line' id='line_1_10' title="bbox 172 1137 1535 1212; baseline 0.002 -18"><span class='ocrx_word' id='word_1_70' title='bbox 172 1145 266 1194; x_wconf 70' lang='lat' dir='ltr'><strong>centn</strong></span> <span class='ocrx_word' id='word_1_71' title='bbox 288 1137 413 1194; x_wconf 65' lang='lat' dir='ltr'><strong>ootafflri</strong></span> <span class='ocrx_word' id='word_1_72' title='bbox 433 1138 579 1193; x_wconf 86' lang='lat' dir='ltr'><strong>distabunt</strong></span> <span class='ocrx_word' id='word_1_73' title='bbox 599 1156 618 1193; x_wconf 91' lang='lat' dir='ltr'><strong>a</strong></span> <span class='ocrx_word' id='word_1_74' title='bbox 638 1147 733 1194; x_wconf 88' lang='lat' dir='ltr'><strong>centro</strong></span> <span class='ocrx_word' id='word_1_75' title='bbox 755 1139 916 1211; x_wconf 69' lang='lat' dir='ltr'><strong>systematis</strong></span> <span class='ocrx_word' id='word_1_76' title='bbox 942 1143 1071 1212; x_wconf 86' lang='lat' dir='ltr'><strong>partibus</strong></span> <span class='ocrx_word' id='word_1_77' title='bbox 1094 1143 1166 1206; x_wconf 80' lang='grc'><strong>559,</strong></span> <span class='ocrx_word' id='word_1_78' title='bbox 1197 1158 1257 1198; x_wconf 90' lang='lat' dir='ltr'><strong>cum</strong></span> <span class='ocrx_word' id='word_1_79' title='bbox 1277 1141 1408 1198; x_wconf 83' lang='lat' dir='ltr'><strong>Mercurii</strong></span> <span class='ocrx_word' id='word_1_80' title='bbox 1428 1156 1535 1197; x_wconf 83' lang='lat' dir='ltr'><strong>summa</strong></span> 
     </span>
     <span class='ocr_line' id='line_1_11' title="bbox 171 1214 1552 1294; baseline 0.002 -19"><span class='ocrx_word' id='word_1_81' title='bbox 171 1218 305 1275; x_wconf 58' lang='lat' dir='ltr'><strong>&amp;untia</strong></span> <span class='ocrx_word' id='word_1_82' title='bbox 327 1237 364 1274; x_wconf 86' lang='lat' dir='ltr'><strong>ex</strong></span> <span class='ocrx_word' id='word_1_83' title='bbox 378 1217 530 1288; x_wconf 84' lang='lat' dir='ltr'><strong>Cepernico</strong></span> <span class='ocrx_word' id='word_1_84' title='bbox 553 1227 697 1290; x_wconf 90' lang='lat' dir='ltr'><strong>promatur</strong></span> <span class='ocrx_word' id='word_1_85' title='bbox 713 1219 778 1284; x_wconf 81' lang='lat'><strong>723,</strong></span> <span class='ocrx_word' id='word_1_86' title='bbox 803 1220 894 1275; x_wconf 86' lang='lat' dir='ltr'><strong>media</strong></span> <span class='ocrx_word' id='word_1_87' title='bbox 908 1222 974 1286; x_wconf 84' lang='lat'><strong>500,</strong></span> <span class='ocrx_word' id='word_1_88' title='bbox 995 1223 1092 1294; x_wconf 86' lang='lat' dir='ltr'><strong>itaque</strong></span> <span class='ocrx_word' id='word_1_89' title='bbox 1114 1229 1255 1293; x_wconf 87' lang='lat' dir='ltr'><strong>punctum,</strong></span> <span class='ocrx_word' id='word_1_90' title='bbox 1279 1223 1327 1277; x_wconf 92' lang='lat' dir='ltr'><strong>ubi</strong></span> <span class='ocrx_word' id='word_1_91' title='bbox 1349 1214 1552 1278; x_wconf 79' lang='lat' dir='ltr'><strong>terminentur</strong></span> 
     </span>
     <span class='ocr_line' id='line_1_12' title="bbox 171 1298 1533 1371; baseline 0.003 -17"><span class='ocrx_word' id='word_1_92' title='bbox 171 1305 263 1371; x_wconf 83' lang='lat' dir='ltr'><strong>partes</strong></span> <span class='ocrx_word' id='word_1_93' title='bbox 290 1298 357 1362; x_wconf 82' lang='lat'><strong>559,</strong></span> <span class='ocrx_word' id='word_1_94' title='bbox 382 1305 427 1353; x_wconf 91' lang='lat' dir='ltr'><strong>est</strong></span> <span class='ocrx_word' id='word_1_95' title='bbox 450 1298 559 1368; x_wconf 90' lang='lat' dir='ltr'><strong>inipso</strong></span> <span class='ocrx_word' id='word_1_96' title='bbox 584 1300 676 1368; x_wconf 86' lang='lat' dir='ltr'><strong>spatio</strong></span> <span class='ocrx_word' id='word_1_97' title='bbox 700 1317 749 1354; x_wconf 88' lang='lat' dir='ltr'><strong>seu</strong></span> <span class='ocrx_word' id='word_1_98' title='bbox 774 1300 953 1371; x_wconf 76' lang='lat' dir='ltr'><strong>spissitudine</strong></span> <span class='ocrx_word' id='word_1_99' title='bbox 976 1303 1064 1365; x_wconf 66' lang='lat' dir='ltr'><strong>orbim</strong></span> <span class='ocrx_word' id='word_1_100' title='bbox 1087 1309 1118 1357; x_wconf 83' lang='lat' dir='ltr'><strong>at</strong></span> <span class='ocrx_word' id='word_1_101' title='bbox 1139 1321 1194 1357; x_wconf 90' lang='lat' dir='ltr'><strong>nou</strong></span> <span class='ocrx_word' id='word_1_102' title='bbox 1216 1302 1244 1357; x_wconf 91' lang='lat' dir='ltr'><strong>in</strong></span> <span class='ocrx_word' id='word_1_103' title='bbox 1267 1301 1364 1366; x_wconf 88' lang='lat' dir='ltr'><strong>medio,</strong></span> <span class='ocrx_word' id='word_1_104' title='bbox 1387 1303 1437 1357; x_wconf 87' lang='lat' dir='ltr'><strong>sed</strong></span> <span class='ocrx_word' id='word_1_105' title='bbox 1459 1301 1533 1358; x_wconf 85' lang='lat' dir='ltr'><strong>iuter</strong></span> 
     </span>
     <span class='ocr_line' id='line_1_13' title="bbox 171 1378 666 1434; baseline 0 0"><span class='ocrx_word' id='word_1_106' title='bbox 171 1380 286 1434; x_wconf 88' lang='lat' dir='ltr'><strong>medium</strong></span> <span class='ocrx_word' id='word_1_107' title='bbox 309 1378 367 1434; x_wconf 85' lang='lat'><strong>500</strong></span> <span class='ocrx_word' id='word_1_108' title='bbox 391 1385 421 1432; x_wconf 87' lang='lat' dir='ltr'><strong>et</strong></span> <span class='ocrx_word' id='word_1_109' title='bbox 441 1395 576 1433; x_wconf 90' lang='lat' dir='ltr'><strong>summum</strong></span> <span class='ocrx_word' id='word_1_110' title='bbox 599 1378 666 1434; x_wconf 81' lang='lat'><strong>723.</strong></span> 
     </span>
    </p>

    <p class='ocr_par' dir='ltr' id='par_1_7' title="bbox 172 1455 1530 1610">
     <span class='ocr_line' id='line_1_14' title="bbox 246 1455 1530 1532; baseline 0.002 -19"><span class='ocrx_word' id='word_1_111' title='bbox 246 1455 279 1527; x_wconf 89' lang='lat' dir='ltr'><strong>e)</strong></span> <span class='ocrx_word' id='word_1_112' title='bbox 300 1460 361 1512; x_wconf 79' lang='lat' dir='ltr'><strong>Hoc</strong></span> <span class='ocrx_word' id='word_1_113' title='bbox 374 1457 500 1513; x_wconf 88' lang='lat' dir='ltr'><strong>nimirum</strong></span> <span class='ocrx_word' id='word_1_114' title='bbox 512 1458 661 1513; x_wconf 87' lang='lat' dir='ltr'><strong>limandum</strong></span> <span class='ocrx_word' id='word_1_115' title='bbox 675 1466 746 1523; x_wconf 90' lang='lat' dir='ltr'><strong>erat,</strong></span> <span class='ocrx_word' id='word_1_116' title='bbox 770 1460 976 1530; x_wconf 82' lang='lat' dir='ltr'><strong>proportionem</strong></span> <span class='ocrx_word' id='word_1_117' title='bbox 991 1464 1111 1517; x_wconf 89' lang='lat' dir='ltr'><strong>alteram</strong></span> <span class='ocrx_word' id='word_1_118' title='bbox 1124 1479 1185 1516; x_wconf 91' lang='lat' dir='ltr'><strong>esse</strong></span> <span class='ocrx_word' id='word_1_119' title='bbox 1208 1461 1325 1518; x_wconf 73' lang='lat' dir='ltr'><strong>alberita</strong></span> <span class='ocrx_word' id='word_1_120' title='bbox 1340 1479 1395 1517; x_wconf 89' lang='lat' dir='ltr'><strong>uon</strong></span> <span class='ocrx_word' id='word_1_121' title='bbox 1409 1462 1530 1532; x_wconf 87' lang='lat' dir='ltr'><strong>duplam,</strong></span> 
     </span>
     <span class='ocr_line' id='line_1_15' title="bbox 172 1538 1433 1610; baseline 0.001 -16"><span class='ocrx_word' id='word_1_122' title='bbox 172 1542 214 1594; x_wconf 90' lang='lat' dir='ltr'><strong>sed</strong></span> <span class='ocrx_word' id='word_1_123' title='bbox 238 1538 462 1610; x_wconf 65' lang='lat' dir='ltr'><strong>sequialteram</strong></span> <span class='ocrx_word' id='word_1_124' title='bbox 1419 1552 1433 1568; x_wconf 71' lang='lat'><strong><em>⁶</em></strong></span> 
     </span>
    </p>

    <p class='ocr_par' dir='ltr' id='par_1_8' title="bbox 247 1615 1082 1688">
     <span class='ocr_line' id='line_1_16' title="bbox 247 1615 1082 1688; baseline -0.001 -14"><span class='ocrx_word' id='word_1_125' title='bbox 247 1616 277 1685; x_wconf 81' lang='lat' dir='ltr'><strong>i)</strong></span> <span class='ocrx_word' id='word_1_126' title='bbox 302 1618 341 1673; x_wconf 88' lang='lat' dir='ltr'><strong>Ut</strong></span> <span class='ocrx_word' id='word_1_127' title='bbox 362 1618 469 1674; x_wconf 73' lang='lat' dir='ltr'><strong>cunin</strong></span> <span class='ocrx_word' id='word_1_128' title='bbox 491 1615 544 1672; x_wconf 82' lang='lat' dir='ltr'><strong>ieci</strong></span> <span class='ocrx_word' id='word_1_129' title='bbox 567 1617 653 1686; x_wconf 87' lang='lat' dir='ltr'><strong>priori</strong></span> <span class='ocrx_word' id='word_1_130' title='bbox 678 1617 770 1688; x_wconf 89' lang='lat' dir='ltr'><strong>capite</strong></span> <span class='ocrx_word' id='word_1_131' title='bbox 792 1618 820 1672; x_wconf 94' lang='lat' dir='ltr'><strong>iu</strong></span> <span class='ocrx_word' id='word_1_132' title='bbox 845 1619 1082 1674; x_wconf 70' lang='lat' dir='ltr'><strong>annotationibus.</strong></span> 
     </span>
    </p>

    <p class='ocr_par' dir='ltr' id='par_1_9' title="bbox 172 1693 1531 1851">
     <span class='ocr_line' id='line_1_17' title="bbox 245 1693 1531 1770; baseline 0.003 -19"><span class='ocrx_word' id='word_1_133' title='bbox 245 1693 283 1770; x_wconf 76' lang='lat' dir='ltr'><strong>g)</strong></span> <span class='ocrx_word' id='word_1_134' title='bbox 306 1696 429 1753; x_wconf 85' lang='lat' dir='ltr'><strong>Vidimus</strong></span> <span class='ocrx_word' id='word_1_135' title='bbox 441 1693 517 1768; x_wconf 73' lang='lat' dir='ltr'><strong>&#39;post</strong></span> <span class='ocrx_word' id='word_1_136' title='bbox 531 1696 569 1751; x_wconf 81' lang='lat'><strong>22</strong></span> <span class='ocrx_word' id='word_1_137' title='bbox 584 1714 670 1752; x_wconf 87' lang='lat' dir='ltr'><strong>annos</strong></span> <span class='ocrx_word' id='word_1_138' title='bbox 692 1705 722 1752; x_wconf 90' lang='lat' dir='ltr'><strong>et</strong></span> <span class='ocrx_word' id='word_1_139' title='bbox 744 1698 836 1769; x_wconf 78' lang='lat' dir='ltr'><strong>gavisi</strong></span> <span class='ocrx_word' id='word_1_140' title='bbox 856 1715 957 1763; x_wconf 87' lang='lat' dir='ltr'><strong>sumus,</strong></span> <span class='ocrx_word' id='word_1_141' title='bbox 982 1699 1082 1753; x_wconf 86' lang='lat' dir='ltr'><strong>saltem</strong></span> <span class='ocrx_word' id='word_1_142' title='bbox 1105 1714 1169 1770; x_wconf 76' lang='lat' dir='ltr'><strong>ego,</strong></span> <span class='ocrx_word' id='word_1_143' title='bbox 1193 1706 1261 1769; x_wconf 92' lang='lat' dir='ltr'><strong>puto</strong></span> <span class='ocrx_word' id='word_1_144' title='bbox 1276 1705 1307 1755; x_wconf 92' lang='lat' dir='ltr'><strong>et</strong></span> <span class='ocrx_word' id='word_1_145' title='bbox 1320 1698 1486 1755; x_wconf 77' lang='lat' dir='ltr'><strong>Maestliuus</strong></span> <span class='ocrx_word' id='word_1_146' title='bbox 1501 1704 1531 1756; x_wconf 86' lang='lat' dir='ltr'><strong>st</strong></span> 
     </span>
     <span class='ocr_line' id='line_1_18' title="bbox 172 1777 1342 1851; baseline 0 -16"><span class='ocrx_word' id='word_1_147' title='bbox 172 1778 277 1850; x_wconf 82' lang='lat' dir='ltr'><strong>plurimi</strong></span> <span class='ocrx_word' id='word_1_148' title='bbox 304 1777 361 1841; x_wconf 86' lang='lat' dir='ltr'><strong>alii,</strong></span> <span class='ocrx_word' id='word_1_149' title='bbox 386 1777 432 1848; x_wconf 86' lang='lat' dir='ltr'><strong>qui</strong></span> <span class='ocrx_word' id='word_1_150' title='bbox 455 1777 504 1832; x_wconf 88' lang='lat' dir='ltr'><strong>lib.</strong></span> <span class='ocrx_word' id='word_1_151' title='bbox 529 1777 562 1831; x_wconf 89' lang='lat' dir='ltr'><strong>V.</strong></span> <span class='ocrx_word' id='word_1_152' title='bbox 588 1777 721 1832; x_wconf 83' lang='lat' dir='ltr'><strong>Hormou.</strong></span> <span class='ocrx_word' id='word_1_153' title='bbox 746 1784 811 1831; x_wconf 91' lang='lat' dir='ltr'><strong>sunt</strong></span> <span class='ocrx_word' id='word_1_154' title='bbox 833 1778 941 1841; x_wconf 88' lang='lat' dir='ltr'><strong>lecturi,</strong></span> <span class='ocrx_word' id='word_1_155' title='bbox 964 1778 1115 1848; x_wconf 71' lang='lat' dir='ltr'><strong>participes</strong></span> <span class='ocrx_word' id='word_1_156' title='bbox 1139 1787 1220 1834; x_wconf 88' lang='lat' dir='ltr'><strong>eruut</strong></span> <span class='ocrx_word' id='word_1_157' title='bbox 1237 1780 1342 1851; x_wconf 77' lang='lat' dir='ltr'><strong>gaudii.</strong></span> 
     </span>
    </p>

    <p class='ocr_par' dir='ltr' id='par_1_10' title="bbox 171 1855 1529 2169">
     <span class='ocr_line' id='line_1_19' title="bbox 246 1855 1529 1928; baseline 0.002 -16"><span class='ocrx_word' id='word_1_158' title='bbox 246 1855 279 1922; x_wconf 79' lang='lat' dir='ltr'><strong>lu)</strong></span> <span class='ocrx_word' id='word_1_159' title='bbox 303 1859 349 1913; x_wconf 87' lang='lat' dir='ltr'><strong>its</strong></span> <span class='ocrx_word' id='word_1_160' title='bbox 371 1857 542 1912; x_wconf 87' lang='lat' dir='ltr'><strong>somniabam</strong></span> <span class='ocrx_word' id='word_1_161' title='bbox 567 1857 600 1910; x_wconf 86' lang='lat' dir='ltr'><strong>de</strong></span> <span class='ocrx_word' id='word_1_162' title='bbox 621 1857 750 1922; x_wconf 74' lang='lat' dir='ltr'><strong>veritate,</strong></span> <span class='ocrx_word' id='word_1_163' title='bbox 775 1858 873 1928; x_wconf 91' lang='lat' dir='ltr'><strong>opinor</strong></span> <span class='ocrx_word' id='word_1_164' title='bbox 897 1859 967 1911; x_wconf 90' lang='lat' dir='ltr'><strong>bono</strong></span> <span class='ocrx_word' id='word_1_165' title='bbox 981 1859 1043 1912; x_wconf 90' lang='lat' dir='ltr'><strong>Deo</strong></span> <span class='ocrx_word' id='word_1_166' title='bbox 1066 1858 1229 1927; x_wconf 87' lang='lat' dir='ltr'><strong>inspirante.</strong></span> <span class='ocrx_word' id='word_1_167' title='bbox 1271 1859 1375 1914; x_wconf 84' lang='lat' dir='ltr'><strong>Elicits</strong></span> <span class='ocrx_word' id='word_1_168' title='bbox 1397 1865 1450 1923; x_wconf 87' lang='lat' dir='ltr'><strong>est,</strong></span> <span class='ocrx_word' id='word_1_169' title='bbox 1474 1876 1529 1914; x_wconf 92' lang='lat' dir='ltr'><strong>uon</strong></span> 
     </span>
     <span class='ocr_line' id='line_1_20' title="bbox 171 1937 1529 2008; baseline -0.001 -14"><span class='ocrx_word' id='word_1_170' title='bbox 171 1938 231 1994; x_wconf 88' lang='lat' dir='ltr'><strong>hinc</strong></span> <span class='ocrx_word' id='word_1_171' title='bbox 245 1937 363 2008; x_wconf 84' lang='lat' dir='ltr'><strong>quidem,</strong></span> <span class='ocrx_word' id='word_1_172' title='bbox 387 1939 436 1991; x_wconf 88' lang='lat' dir='ltr'><strong>sed</strong></span> <span class='ocrx_word' id='word_1_173' title='bbox 458 1955 496 1992; x_wconf 86' lang='lat' dir='ltr'><strong>ex</strong></span> <span class='ocrx_word' id='word_1_174' title='bbox 518 1937 676 2000; x_wconf 72' lang='lat' dir='ltr'><strong>harmoniis,</strong></span> <span class='ocrx_word' id='word_1_175' title='bbox 700 1938 773 1992; x_wconf 93' lang='lat' dir='ltr'><strong>ratio</strong></span> <span class='ocrx_word' id='word_1_176' title='bbox 794 1937 1039 2000; x_wconf 89' lang='lat' dir='ltr'><strong>ecceutricitatum,</strong></span> <span class='ocrx_word' id='word_1_177' title='bbox 1068 1939 1115 1990; x_wconf 91' lang='lat' dir='ltr'><strong>sed</strong></span> <span class='ocrx_word' id='word_1_178' title='bbox 1138 1942 1232 1993; x_wconf 85' lang='lat' dir='ltr'><strong>tamen</strong></span> <span class='ocrx_word' id='word_1_179' title='bbox 1253 1940 1390 1994; x_wconf 86' lang='lat' dir='ltr'><strong>mediante</strong></span> <span class='ocrx_word' id='word_1_180' title='bbox 1413 1938 1466 1993; x_wconf 89' lang='lat' dir='ltr'><strong>hcc</strong></span> <span class='ocrx_word' id='word_1_181' title='bbox 1489 1938 1529 1993; x_wconf 92' lang='lat' dir='ltr'><strong>in·</strong></span> 
     </span>
     <span class='ocr_line' id='line_1_21' title="bbox 171 2015 1527 2088; baseline 0.004 -18"><span class='ocrx_word' id='word_1_182' title='bbox 171 2025 265 2079; x_wconf 77' lang='lat' dir='ltr'><strong>vent03</strong></span> <span class='ocrx_word' id='word_1_183' title='bbox 289 2033 343 2070; x_wconf 86' lang='lat' dir='ltr'><strong>nec</strong></span> <span class='ocrx_word' id='word_1_184' title='bbox 363 2016 433 2072; x_wconf 91' lang='lat' dir='ltr'><strong>illud</strong></span> <span class='ocrx_word' id='word_1_185' title='bbox 456 2023 522 2070; x_wconf 91' lang='lat' dir='ltr'><strong>aute</strong></span> <span class='ocrx_word' id='word_1_186' title='bbox 545 2015 604 2070; x_wconf 88' lang='lat' dir='ltr'><strong>lieri</strong></span> <span class='ocrx_word' id='word_1_187' title='bbox 627 2017 727 2086; x_wconf 90' lang='lat' dir='ltr'><strong>potuit,</strong></span> <span class='ocrx_word' id='word_1_188' title='bbox 752 2033 834 2088; x_wconf 85' lang='lat' dir='ltr'><strong>quam</strong></span> <span class='ocrx_word' id='word_1_189' title='bbox 857 2018 909 2072; x_wconf 86' lang='lat' dir='ltr'><strong>hoc</strong></span> <span class='ocrx_word' id='word_1_190' title='bbox 932 2019 1105 2071; x_wconf 88' lang='lat' dir='ltr'><strong>emendatum</strong></span> <span class='ocrx_word' id='word_1_191' title='bbox 1127 2017 1288 2074; x_wconf 88' lang='lat' dir='ltr'><strong>baberetur.</strong></span> <span class='ocrx_word' id='word_1_192' title='bbox 1329 2019 1407 2074; x_wconf 80' lang='lat' dir='ltr'><strong>Nem·</strong></span> <span class='ocrx_word' id='word_1_193' title='bbox 1423 2017 1472 2073; x_wconf 90' lang='lat' dir='ltr'><strong>lib.</strong></span> <span class='ocrx_word' id='word_1_194' title='bbox 1494 2017 1527 2075; x_wconf 95' lang='lat' dir='ltr'><strong>V.</strong></span> 
     </span>
     <span class='ocr_line' id='line_1_22' title="bbox 173 2095 1452 2169; baseline -0.002 -16"><span class='ocrx_word' id='word_1_195' title='bbox 173 2100 263 2153; x_wconf 81' lang='lat' dir='ltr'><strong>liarm.</strong></span> <span class='ocrx_word' id='word_1_196' title='bbox 279 2112 341 2165; x_wconf 88' lang='lat' dir='ltr'><strong>cap.</strong></span> <span class='ocrx_word' id='word_1_197' title='bbox 357 2095 385 2150; x_wconf 89' lang='grc'><strong>3.</strong></span> <span class='ocrx_word' id='word_1_198' title='bbox 399 2097 512 2166; x_wconf 89' lang='lat' dir='ltr'><strong>ponitur</strong></span> <span class='ocrx_word' id='word_1_199' title='bbox 525 2095 598 2150; x_wconf 90' lang='lat' dir='ltr'><strong>inter</strong></span> <span class='ocrx_word' id='word_1_200' title='bbox 611 2096 748 2166; x_wconf 89' lang='lat' dir='ltr'><strong>principia</strong></span> <span class='ocrx_word' id='word_1_201' title='bbox 761 2096 1002 2151; x_wconf 78' lang='lat' dir='ltr'><strong>demonstrationis</strong></span> <span class='ocrx_word' id='word_1_202' title='bbox 1017 2097 1088 2157; x_wconf 81' lang='lat' dir='ltr'><strong>haec</strong></span> <span class='ocrx_word' id='word_1_203' title='bbox 1101 2097 1289 2167; x_wconf 79' lang='lat' dir='ltr'><strong>sesquialtera</strong></span> <span class='ocrx_word' id='word_1_204' title='bbox 1302 2097 1452 2169; x_wconf 88' lang='lat' dir='ltr'><strong>proportio.</strong></span> 
     </span>
    </p>

    <p class='ocr_par' dir='ltr' id='par_1_11' title="bbox 173 2171 1528 2325">
     <span class='ocr_line' id='line_1_23' title="bbox 246 2171 1528 2248; baseline 0.001 -17"><span class='ocrx_word' id='word_1_205' title='bbox 246 2171 272 2244; x_wconf 90' lang='lat' dir='ltr'><strong>i)</strong></span> <span class='ocrx_word' id='word_1_206' title='bbox 295 2176 350 2230; x_wconf 86' lang='lat' dir='ltr'><strong>Pro</strong></span> <span class='ocrx_word' id='word_1_207' title='bbox 371 2176 414 2230; x_wconf 87' lang='lat' dir='ltr'><strong>bis</strong></span> <span class='ocrx_word' id='word_1_208' title='bbox 436 2193 489 2230; x_wconf 94' lang='lat' dir='ltr'><strong>ncn</strong></span> <span class='ocrx_word' id='word_1_209' title='bbox 512 2175 644 2245; x_wconf 81' lang='lat' dir='ltr'><strong>perlectis</strong></span> <span class='ocrx_word' id='word_1_210' title='bbox 659 2175 815 2230; x_wconf 78' lang='lat' dir='ltr'><strong>intervallis</strong></span> <span class='ocrx_word' id='word_1_211' title='bbox 834 2194 871 2230; x_wconf 84' lang='lat' dir='ltr'><strong>ex</strong></span> <span class='ocrx_word' id='word_1_212' title='bbox 886 2177 1037 2246; x_wconf 86' lang='lat' dir='ltr'><strong>Copernioo</strong></span> <span class='ocrx_word' id='word_1_213' title='bbox 1057 2176 1145 2231; x_wconf 86' lang='lat' dir='ltr'><strong>habea</strong></span> <span class='ocrx_word' id='word_1_214' title='bbox 1159 2177 1255 2233; x_wconf 80' lang='lat' dir='ltr'><strong>Herm.</strong></span> <span class='ocrx_word' id='word_1_215' title='bbox 1271 2176 1320 2233; x_wconf 93' lang='lat' dir='ltr'><strong>lib.</strong></span> <span class='ocrx_word' id='word_1_216' title='bbox 1334 2178 1368 2232; x_wconf 89' lang='lat' dir='ltr'><strong>V.</strong></span> <span class='ocrx_word' id='word_1_217' title='bbox 1383 2176 1528 2248; x_wconf 77' lang='lat' dir='ltr'><strong>perfectis·</strong></span> 
     </span>
     <span class='ocr_line' id='line_1_24' title="bbox 173 2255 1124 2325; baseline -0.003 -13"><span class='ocrx_word' id='word_1_218' title='bbox 173 2256 237 2312; x_wconf 85' lang='lat' dir='ltr'><strong>sima</strong></span> <span class='ocrx_word' id='word_1_219' title='bbox 250 2273 290 2311; x_wconf 84' lang='lat' dir='ltr'><strong>ex</strong></span> <span class='ocrx_word' id='word_1_220' title='bbox 304 2256 475 2310; x_wconf 84' lang='lat' dir='ltr'><strong>astronomia</strong></span> <span class='ocrx_word' id='word_1_221' title='bbox 488 2272 539 2325; x_wconf 91' lang='lat' dir='ltr'><strong>per</strong></span> <span class='ocrx_word' id='word_1_222' title='bbox 552 2255 761 2309; x_wconf 83' lang='lat' dir='ltr'><strong>observationes</strong></span> <span class='ocrx_word' id='word_1_223' title='bbox 776 2257 939 2310; x_wconf 88' lang='lat' dir='ltr'><strong>Braheanas</strong></span> <span class='ocrx_word' id='word_1_224' title='bbox 954 2263 1124 2311; x_wconf 77' lang='lat' dir='ltr'><strong>restaurata.</strong></span> 
     </span>
    </p>

    <p class='ocr_par' dir='ltr' id='par_1_12' title="bbox 246 2333 1526 2404">
     <span class='ocr_line' id='line_1_25' title="bbox 246 2333 1526 2404; baseline -0.001 -14"><span class='ocrx_word' id='word_1_225' title='bbox 246 2333 283 2404; x_wconf 83' lang='lat' dir='ltr'><strong>k)</strong></span> <span class='ocrx_word' id='word_1_226' title='bbox 307 2336 424 2390; x_wconf 82' lang='lat' dir='ltr'><strong>Rursum</strong></span> <span class='ocrx_word' id='word_1_227' title='bbox 439 2335 608 2390; x_wconf 72' lang='lat' dir='ltr'><strong>somniabam</strong></span> <span class='ocrx_word' id='word_1_228' title='bbox 622 2336 655 2389; x_wconf 93' lang='lat' dir='ltr'><strong>de</strong></span> <span class='ocrx_word' id='word_1_229' title='bbox 669 2335 800 2390; x_wconf 81' lang='lat' dir='ltr'><strong>veritate.</strong></span> <span class='ocrx_word' id='word_1_230' title='bbox 834 2336 903 2390; x_wconf 92' lang='lat' dir='ltr'><strong>Vide</strong></span> <span class='ocrx_word' id='word_1_231' title='bbox 920 2337 1095 2391; x_wconf 90' lang='lat' dir='ltr'><strong>emendatum</strong></span> <span class='ocrx_word' id='word_1_232' title='bbox 1109 2337 1216 2390; x_wconf 90' lang='lat' dir='ltr'><strong>modum</strong></span> <span class='ocrx_word' id='word_1_233' title='bbox 1230 2337 1303 2390; x_wconf 86' lang='lat' dir='ltr'><strong>hunc</strong></span> <span class='ocrx_word' id='word_1_234' title='bbox 1316 2335 1365 2390; x_wconf 90' lang='lat' dir='ltr'><strong>lib.</strong></span> <span class='ocrx_word' id='word_1_235' title='bbox 1381 2334 1416 2389; x_wconf 92' lang='lat' dir='ltr'><strong>V.</strong></span> <span class='ocrx_word' id='word_1_236' title='bbox 1431 2334 1526 2389; x_wconf 84' lang='lat' dir='ltr'><strong>Harm</strong></span> 
     </span>
    </p>
   </div>
   <div class='ocr_carea' id='block_1_4' title="bbox 172 2415 1527 2563">
    <p class='ocr_par' dir='ltr' id='par_1_13' title="bbox 172 2415 1527 2563">
     <span class='ocr_line' id='line_1_26' title="bbox 172 2415 622 2488; baseline -0.007 -16"><span class='ocrx_word' id='word_1_237' title='bbox 172 2432 228 2488; x_wconf 86' lang='lat' dir='ltr'><strong>cap.</strong></span> <span class='ocrx_word' id='word_1_238' title='bbox 245 2417 273 2470; x_wconf 80' lang='lat'><strong>9.</strong></span> <span class='ocrx_word' id='word_1_239' title='bbox 288 2432 369 2487; x_wconf 87' lang='lat' dir='ltr'><strong>prop.</strong></span> <span class='ocrx_word' id='word_1_240' title='bbox 384 2417 431 2470; x_wconf 84' lang='grc'><strong>46.</strong></span> <span class='ocrx_word' id='word_1_241' title='bbox 448 2415 495 2470; x_wconf 81' lang='grc'><strong>47.</strong></span> <span class='ocrx_word' id='word_1_242' title='bbox 511 2415 558 2471; x_wconf 84' lang='grc'><strong>48.</strong></span> <span class='ocrx_word' id='word_1_243' title='bbox 575 2416 622 2469; x_wconf 88' lang='grc'><strong>49.</strong></span> 
     </span>
     <span class='ocr_line' id='line_1_27' title="bbox 245 2493 1527 2563; baseline -0.003 -13"><span class='ocrx_word' id='word_1_244' title='bbox 245 2493 270 2562; x_wconf 90' lang='lat'><strong>1)</strong></span> <span class='ocrx_word' id='word_1_245' title='bbox 296 2495 389 2550; x_wconf 84' lang='lat' dir='ltr'><strong>Cubus</strong></span> <span class='ocrx_word' id='word_1_246' title='bbox 403 2495 572 2550; x_wconf 73' lang='lat' dir='ltr'><strong>exteriorum</strong></span> <span class='ocrx_word' id='word_1_247' title='bbox 595 2501 626 2548; x_wconf 91' lang='lat' dir='ltr'><strong>et</strong></span> <span class='ocrx_word' id='word_1_248' title='bbox 648 2496 798 2548; x_wconf 69' lang='lat' dir='ltr'><strong>octaedron</strong></span> <span class='ocrx_word' id='word_1_249' title='bbox 816 2494 975 2549; x_wconf 88' lang='lat' dir='ltr'><strong>interiorum</strong></span> <span class='ocrx_word' id='word_1_250' title='bbox 998 2494 1113 2549; x_wconf 88' lang='lat' dir='ltr'><strong>ultimae</strong></span> <span class='ocrx_word' id='word_1_251' title='bbox 1132 2493 1266 2559; x_wconf 85' lang='lat' dir='ltr'><strong>similiter,</strong></span> <span class='ocrx_word' id='word_1_252' title='bbox 1290 2495 1317 2549; x_wconf 92' lang='lat' dir='ltr'><strong>id</strong></span> <span class='ocrx_word' id='word_1_253' title='bbox 1340 2498 1385 2547; x_wconf 90' lang='lat' dir='ltr'><strong>est</strong></span> <span class='ocrx_word' id='word_1_254' title='bbox 1397 2497 1527 2563; x_wconf 86' lang='lat' dir='ltr'><strong>penetra·</strong></span> 
     </span>
    </p>
   </div>
   <div class='ocr_carea' id='block_1_5' title="bbox 171 2572 1575 3284">
    <p class='ocr_par' dir='ltr' id='par_1_14' title="bbox 171 2572 1575 2966">
     <span class='ocr_line' id='line_1_28' title="bbox 171 2572 1528 2638; baseline -0.003 -8"><span class='ocrx_word' id='word_1_255' title='bbox 171 2576 221 2631; x_wconf 87' lang='lat' dir='ltr'><strong>tire</strong></span> <span class='ocrx_word' id='word_1_256' title='bbox 245 2576 393 2637; x_wconf 82' lang='lat' dir='ltr'><strong>intersunt,</strong></span> <span class='ocrx_word' id='word_1_257' title='bbox 419 2581 450 2628; x_wconf 89' lang='lat' dir='ltr'><strong>at</strong></span> <span class='ocrx_word' id='word_1_258' title='bbox 473 2593 527 2628; x_wconf 89' lang='lat' dir='ltr'><strong>non</strong></span> <span class='ocrx_word' id='word_1_259' title='bbox 550 2573 741 2628; x_wconf 85' lang='lat' dir='ltr'><strong>intermedias</strong></span> <span class='ocrx_word' id='word_1_260' title='bbox 757 2574 912 2638; x_wconf 83' lang='lat' dir='ltr'><strong>distantias,</strong></span> <span class='ocrx_word' id='word_1_261' title='bbox 934 2574 1044 2630; x_wconf 91' lang='lat' dir='ltr'><strong>nimium</strong></span> <span class='ocrx_word' id='word_1_262' title='bbox 1065 2576 1126 2630; x_wconf 87' lang='lat' dir='ltr'><strong>hoc.</strong></span> <span class='ocrx_word' id='word_1_263' title='bbox 1154 2575 1217 2628; x_wconf 89' lang='lat' dir='ltr'><strong>Duo</strong></span> <span class='ocrx_word' id='word_1_264' title='bbox 1232 2591 1297 2628; x_wconf 84' lang='lat' dir='ltr'><strong>vero</strong></span> <span class='ocrx_word' id='word_1_265' title='bbox 1311 2572 1453 2635; x_wconf 80' lang='lat' dir='ltr'><strong>interiora,</strong></span> <span class='ocrx_word' id='word_1_266' title='bbox 1481 2572 1528 2626; x_wconf 86' lang='lat' dir='ltr'><strong>(lo-</strong></span> 
     </span>
     <span class='ocr_line' id='line_1_29' title="bbox 171 2653 1527 2718; baseline -0.004 -8"><span class='ocrx_word' id='word_1_267' title='bbox 171 2657 321 2710; x_wconf 64' lang='lat' dir='ltr'><strong>decaEdrou</strong></span> <span class='ocrx_word' id='word_1_268' title='bbox 336 2661 366 2708; x_wconf 85' lang='lat' dir='ltr'><strong>et</strong></span> <span class='ocrx_word' id='word_1_269' title='bbox 379 2656 550 2718; x_wconf 75' lang='lat' dir='ltr'><strong>icosaedrcn,</strong></span> <span class='ocrx_word' id='word_1_270' title='bbox 566 2654 675 2716; x_wconf 87' lang='lat' dir='ltr'><strong>similia,</strong></span> <span class='ocrx_word' id='word_1_271' title='bbox 690 2671 797 2708; x_wconf 87' lang='lat' dir='ltr'><strong>rursum</strong></span> <span class='ocrx_word' id='word_1_272' title='bbox 811 2653 949 2718; x_wconf 78' lang='lat' dir='ltr'><strong>similiter,</strong></span> <span class='ocrx_word' id='word_1_273' title='bbox 965 2654 1050 2708; x_wconf 89' lang='lat' dir='ltr'><strong>idest</strong></span> <span class='ocrx_word' id='word_1_274' title='bbox 1065 2654 1213 2718; x_wconf 80' lang='lat' dir='ltr'><strong>defective,</strong></span> <span class='ocrx_word' id='word_1_275' title='bbox 1233 2660 1265 2708; x_wconf 92' lang='lat' dir='ltr'><strong>at</strong></span> <span class='ocrx_word' id='word_1_276' title='bbox 1278 2672 1333 2709; x_wconf 93' lang='lat' dir='ltr'><strong>non</strong></span> <span class='ocrx_word' id='word_1_277' title='bbox 1347 2653 1419 2707; x_wconf 88' lang='lat' dir='ltr'><strong>inter</strong></span> <span class='ocrx_word' id='word_1_278' title='bbox 1433 2657 1527 2706; x_wconf 85' lang='lat' dir='ltr'><strong>extre·</strong></span> 
     </span>
     <span class='ocr_line' id='line_1_30' title="bbox 171 2731 1527 2798; baseline -0.004 -8"><span class='ocrx_word' id='word_1_279' title='bbox 171 2752 235 2791; x_wconf 87' lang='lat' dir='ltr'><strong>nam</strong></span> <span class='ocrx_word' id='word_1_280' title='bbox 250 2742 281 2789; x_wconf 89' lang='lat' dir='ltr'><strong>et</strong></span> <span class='ocrx_word' id='word_1_281' title='bbox 295 2734 420 2798; x_wconf 87' lang='lat' dir='ltr'><strong>mediam,</strong></span> <span class='ocrx_word' id='word_1_282' title='bbox 444 2750 552 2788; x_wconf 90' lang='lat' dir='ltr'><strong>rursum</strong></span> <span class='ocrx_word' id='word_1_283' title='bbox 575 2735 626 2787; x_wconf 88' lang='lat' dir='ltr'><strong>hoc</strong></span> <span class='ocrx_word' id='word_1_284' title='bbox 641 2734 751 2788; x_wconf 92' lang='lat' dir='ltr'><strong>nimium</strong></span> <span class='ocrx_word' id='word_1_285' title='bbox 765 2740 817 2788; x_wconf 88' lang='lat' dir='ltr'><strong>est.</strong></span> <span class='ocrx_word' id='word_1_286' title='bbox 856 2735 1028 2789; x_wconf 79' lang='lat' dir='ltr'><strong>Tetraddrcn</strong></span> <span class='ocrx_word' id='word_1_287' title='bbox 1041 2751 1107 2788; x_wconf 82' lang='lat' dir='ltr'><strong>sero</strong></span> <span class='ocrx_word' id='word_1_288' title='bbox 1127 2734 1235 2788; x_wconf 90' lang='lat' dir='ltr'><strong>omnino</strong></span> <span class='ocrx_word' id='word_1_289' title='bbox 1254 2750 1304 2788; x_wconf 92' lang='lat' dir='ltr'><strong>suo</strong></span> <span class='ocrx_word' id='word_1_290' title='bbox 1319 2733 1419 2789; x_wconf 80' lang='lat' dir='ltr'><strong>fruitur</strong></span> <span class='ocrx_word' id='word_1_291' title='bbox 1441 2731 1527 2786; x_wconf 90' lang='lat' dir='ltr'><strong>etiam</strong></span> 
     </span>
     <span class='ocr_line' id='line_1_31' title="bbox 171 2811 1575 2886; baseline -0.001 -16"><span class='ocrx_word' id='word_1_292' title='bbox 171 2816 207 2870; x_wconf 85' lang='lat' dir='ltr'><strong>lio</strong></span> <span class='ocrx_word' id='word_1_293' title='bbox 222 2814 383 2886; x_wconf 78' lang='lat' dir='ltr'><strong>privilegio,</strong></span> <span class='ocrx_word' id='word_1_294' title='bbox 408 2813 578 2885; x_wconf 82' lang='lat' dir='ltr'><strong>interestque</strong></span> <span class='ocrx_word' id='word_1_295' title='bbox 601 2814 674 2867; x_wconf 92' lang='lat' dir='ltr'><strong>inter</strong></span> <span class='ocrx_word' id='word_1_296' title='bbox 697 2820 838 2869; x_wconf 85' lang='lat' dir='ltr'><strong>extremas</strong></span> <span class='ocrx_word' id='word_1_297' title='bbox 861 2813 1025 2868; x_wconf 89' lang='lat' dir='ltr'><strong>distantias:</strong></span> <span class='ocrx_word' id='word_1_298' title='bbox 1050 2814 1130 2868; x_wconf 92' lang='lat' dir='ltr'><strong>imam</strong></span> <span class='ocrx_word' id='word_1_299' title='bbox 1152 2814 1239 2878; x_wconf 80' lang='lat' dir='ltr'><strong>loris,</strong></span> <span class='ocrx_word' id='word_1_300' title='bbox 1264 2829 1395 2869; x_wconf 88' lang='lat' dir='ltr'><strong>summam</strong></span> <span class='ocrx_word' id='word_1_301' title='bbox 1415 2811 1524 2867; x_wconf 76' lang='lat' dir='ltr'><strong>Martis.</strong></span> <span class='ocrx_word' id='word_1_302' title='bbox 1574 2865 1575 2868; x_wconf 74' lang='grc'>,</span> 
     </span>
     <span class='ocr_line' id='line_1_32' title="bbox 171 2893 1146 2966; baseline -0.004 -15"><span class='ocrx_word' id='word_1_303' title='bbox 171 2897 223 2951; x_wconf 87' lang='lat' dir='ltr'><strong>llcc</strong></span> <span class='ocrx_word' id='word_1_304' title='bbox 238 2896 278 2949; x_wconf 91' lang='lat' dir='ltr'><strong>sic</strong></span> <span class='ocrx_word' id='word_1_305' title='bbox 292 2911 357 2948; x_wconf 91' lang='lat' dir='ltr'><strong>esss</strong></span> <span class='ocrx_word' id='word_1_306' title='bbox 370 2895 471 2949; x_wconf 84' lang='lat' dir='ltr'><strong>debere</strong></span> <span class='ocrx_word' id='word_1_307' title='bbox 486 2894 671 2948; x_wconf 87' lang='lat' dir='ltr'><strong>demonstrari</strong></span> <span class='ocrx_word' id='word_1_308' title='bbox 686 2893 919 2964; x_wconf 87' lang='lat' dir='ltr'><strong>propositionibus</strong></span> <span class='ocrx_word' id='word_1_309' title='bbox 928 2895 990 2962; x_wconf 88' lang='lat' dir='ltr'><strong>jam</strong></span> <span class='ocrx_word' id='word_1_310' title='bbox 1004 2894 1146 2966; x_wconf 77' lang='lat' dir='ltr'><strong>allegatis.</strong></span> 
     </span>
    </p>

    <p class='ocr_par' dir='ltr' id='par_1_15' title="bbox 171 2970 1525 3284">
     <span class='ocr_line' id='line_1_33' title="bbox 243 2970 1524 3045; baseline -0.005 -16"><span class='ocrx_word' id='word_1_311' title='bbox 243 2974 364 3030; x_wconf 82' lang='lat' dir='ltr'><strong>Ceterae</strong></span> <span class='ocrx_word' id='word_1_312' title='bbox 387 2974 538 3028; x_wconf 90' lang='lat' dir='ltr'><strong>errantium</strong></span> <span class='ocrx_word' id='word_1_313' title='bbox 553 2990 725 3028; x_wconf 89' lang='lat' dir='ltr'><strong>numerorum</strong></span> <span class='ocrx_word' id='word_1_314' title='bbox 740 2975 774 3027; x_wconf 88' lang='lat' dir='ltr'><strong>ad</strong></span> <span class='ocrx_word' id='word_1_315' title='bbox 789 2974 937 3030; x_wconf 83' lang='lat' dir='ltr'><strong>veritatem</strong></span> <span class='ocrx_word' id='word_1_316' title='bbox 951 2974 1110 3037; x_wconf 85' lang='lat' dir='ltr'><strong>allusiones,</strong></span> <span class='ocrx_word' id='word_1_317' title='bbox 1133 2989 1201 3045; x_wconf 90' lang='lat' dir='ltr'><strong>quas</strong></span> <span class='ocrx_word' id='word_1_318' title='bbox 1221 2971 1324 3041; x_wconf 90' lang='lat' dir='ltr'><strong>passim</strong></span> <span class='ocrx_word' id='word_1_319' title='bbox 1339 2971 1444 3042; x_wconf 76' lang='lat' dir='ltr'><strong>allego,</strong></span> <span class='ocrx_word' id='word_1_320' title='bbox 1468 2970 1524 3025; x_wconf 83' lang='lat' dir='ltr'><strong>ior·</strong></span> 
     </span>
     <span class='ocr_line' id='line_1_34' title="bbox 172 3049 1524 3126; baseline -0.004 -17"><span class='ocrx_word' id='word_1_321' title='bbox 172 3055 253 3109; x_wconf 87' lang='lat' dir='ltr'><strong>luitae</strong></span> <span class='ocrx_word' id='word_1_322' title='bbox 268 3059 343 3116; x_wconf 66' lang='lat' dir='ltr'><strong>sunt.</strong></span> <span class='ocrx_word' id='word_1_323' title='bbox 367 3071 419 3109; x_wconf 89' lang='lat' dir='ltr'><strong>nec</strong></span> <span class='ocrx_word' id='word_1_324' title='bbox 433 3054 543 3126; x_wconf 80' lang='lat' dir='ltr'><strong>dignae,</strong></span> <span class='ocrx_word' id='word_1_325' title='bbox 566 3069 638 3124; x_wconf 88' lang='lat' dir='ltr'><strong>quae</strong></span> <span class='ocrx_word' id='word_1_326' title='bbox 652 3053 845 3116; x_wconf 83' lang='lat' dir='ltr'><strong>excutiantur;</strong></span> <span class='ocrx_word' id='word_1_327' title='bbox 866 3053 1007 3123; x_wconf 89' lang='lat' dir='ltr'><strong>jucundae</strong></span> <span class='ocrx_word' id='word_1_328' title='bbox 1022 3062 1115 3108; x_wconf 84' lang='lat' dir='ltr'><strong>tamen</strong></span> <span class='ocrx_word' id='word_1_329' title='bbox 1129 3053 1195 3107; x_wconf 91' lang='lat' dir='ltr'><strong>mihi</strong></span> <span class='ocrx_word' id='word_1_330' title='bbox 1211 3050 1365 3122; x_wconf 74' lang='lat' dir='ltr'><strong>recognit-u,</strong></span> <span class='ocrx_word' id='word_1_331' title='bbox 1388 3049 1454 3122; x_wconf 91' lang='lat' dir='ltr'><strong>quia</strong></span> <span class='ocrx_word' id='word_1_332' title='bbox 1467 3065 1524 3104; x_wconf 91' lang='lat' dir='ltr'><strong>mo·</strong></span> 
     </span>
     <span class='ocr_line' id='line_1_35' title="bbox 171 3129 1525 3206; baseline -0.006 -16"><span class='ocrx_word' id='word_1_333' title='bbox 171 3141 245 3200; x_wconf 89' lang='lat' dir='ltr'><strong>nent,</strong></span> <span class='ocrx_word' id='word_1_334' title='bbox 269 3135 371 3206; x_wconf 84' lang='lat' dir='ltr'><strong>quibus</strong></span> <span class='ocrx_word' id='word_1_335' title='bbox 395 3133 557 3197; x_wconf 75' lang='lat' dir='ltr'><strong>meandris,</strong></span> <span class='ocrx_word' id='word_1_336' title='bbox 582 3150 695 3204; x_wconf 88' lang='lat' dir='ltr'><strong>quorum</strong></span> <span class='ocrx_word' id='word_1_337' title='bbox 718 3133 856 3202; x_wconf 76' lang='lat' dir='ltr'><strong>parietum</strong></span> <span class='ocrx_word' id='word_1_338' title='bbox 878 3135 1041 3205; x_wconf 85' lang='lat' dir='ltr'><strong>palpatione</strong></span> <span class='ocrx_word' id='word_1_339' title='bbox 1062 3150 1112 3203; x_wconf 89' lang='lat' dir='ltr'><strong>per</strong></span> <span class='ocrx_word' id='word_1_340' title='bbox 1133 3135 1264 3187; x_wconf 86' lang='lat' dir='ltr'><strong>tenebras</strong></span> <span class='ocrx_word' id='word_1_341' title='bbox 1288 3129 1465 3202; x_wconf 79' lang='lat' dir='ltr'><strong>ignorantiae</strong></span> <span class='ocrx_word' id='word_1_342' title='bbox 1489 3129 1525 3183; x_wconf 87' lang='lat' dir='ltr'><strong>ad</strong></span> 
     </span>
     <span class='ocr_line' id='line_1_36' title="bbox 171 3213 778 3284; baseline 0 -15"><span class='ocrx_word' id='word_1_343' title='bbox 171 3215 307 3284; x_wconf 80' lang='lat' dir='ltr'><strong>pelluoeus</strong></span> <span class='ocrx_word' id='word_1_344' title='bbox 336 3214 437 3270; x_wconf 87' lang='lat' dir='ltr'><strong>ostium</strong></span> <span class='ocrx_word' id='word_1_345' title='bbox 458 3213 587 3269; x_wconf 82' lang='lat' dir='ltr'><strong>veritatis</strong></span> <span class='ocrx_word' id='word_1_346' title='bbox 615 3213 778 3269; x_wconf 80' lang='lat' dir='ltr'><strong>devenerim.</strong></span> 
     </span>
    </p>
   </div>
   <div class='ocr_carea' id='block_1_6' title="bbox 750 3445 941 3462">
    <p class='ocr_par' dir='ltr' id='par_1_16' title="bbox 750 3445 941 3462">
     <span class='ocr_line' id='line_1_37' title="bbox 750 3445 941 3462; baseline -0.01 0"><span class='ocrx_word' id='word_1_347' title='bbox 750 3445 941 3462; x_wconf 44' lang='grc' dir='ltr'><strong><em>μ</em></strong></span> 
     </span>
    </p>
   </div>
   <div class='ocr_carea' id='block_1_7' title="bbox 320 3643 1367 3886">
    <p class='ocr_par' dir='ltr' id='par_1_17' title="bbox 320 3643 1367 3886">
     <span class='ocr_line' id='line_1_38' title="bbox 708 3643 982 3745; baseline -0.007 -25"><span class='ocrx_word' id='word_1_348' title='bbox 708 3645 829 3745; x_wconf 84' lang='lat' dir='ltr'><strong>Caput</strong></span> <span class='ocrx_word' id='word_1_349' title='bbox 854 3643 982 3721; x_wconf 84' lang='lat' dir='ltr'><strong>XXII.</strong></span> 
     </span>
     <span class='ocr_line' id='line_1_39' title="bbox 320 3792 1367 3886; baseline -0.003 -20"><span class='ocrx_word' id='word_1_350' title='bbox 320 3799 464 3866; x_wconf 81' lang='lat' dir='ltr'><strong>Planetu</strong></span> <span class='ocrx_word' id='word_1_351' title='bbox 486 3822 544 3866; x_wconf 81' lang='lat' dir='ltr'><strong>car</strong></span> <span class='ocrx_word' id='word_1_352' title='bbox 565 3823 660 3884; x_wconf 82' lang='lat' dir='ltr'><strong>super</strong></span> <span class='ocrx_word' id='word_1_353' title='bbox 682 3792 850 3886; x_wconf 75' lang='lat' dir='ltr'><strong>deponatis</strong></span> <span class='ocrx_word' id='word_1_354' title='bbox 872 3812 976 3868; x_wconf 73' lang='lat' dir='ltr'><strong>semro</strong></span> <span class='ocrx_word' id='word_1_355' title='bbox 999 3803 1176 3885; x_wconf 74' lang='lat' dir='ltr'><strong>aequaliter</strong></span> <span class='ocrx_word' id='word_1_356' title='bbox 1196 3810 1367 3867; x_wconf 80' lang='lat' dir='ltr'><strong>moveatur.</strong></span> 
     </span>
    </p>
   </div>
   <div class='ocr_carea' id='block_1_8' title="bbox 160 3939 1584 4736">
    <p class='ocr_par' dir='ltr' id='par_1_18' title="bbox 162 3939 1525 4362">
     <span class='ocr_line' id='line_1_40' title="bbox 250 3939 1523 4025; baseline -0.003 -19"><span class='ocrx_word' id='word_1_357' title='bbox 250 3942 396 4006; x_wconf 85' lang='lat' dir='ltr'><strong>Didicisti</strong></span> <span class='ocrx_word' id='word_1_358' title='bbox 418 3939 515 4018; x_wconf 86' lang='lat' dir='ltr'><strong>modo,</strong></span> <span class='ocrx_word' id='word_1_359' title='bbox 541 3945 646 4017; x_wconf 84' lang='lat' dir='ltr'><strong>lector,</strong></span> <span class='ocrx_word' id='word_1_360' title='bbox 669 3945 763 4007; x_wconf 88' lang='lat' dir='ltr'><strong>etism</strong></span> <span class='ocrx_word' id='word_1_361' title='bbox 786 3945 965 4025; x_wconf 82' lang='lat' dir='ltr'><strong>imperfecta</strong></span> <span class='ocrx_word' id='word_1_362' title='bbox 988 3963 1184 4025; x_wconf 81' lang='lat' dir='ltr'><strong>cognoscere,</strong></span> <span class='ocrx_word' id='word_1_363' title='bbox 1210 3964 1267 4024; x_wconf 89' lang='lat' dir='ltr'><strong>quo</strong></span> <span class='ocrx_word' id='word_1_364' title='bbox 1290 3944 1388 4007; x_wconf 90' lang='lat' dir='ltr'><strong>minus</strong></span> <span class='ocrx_word' id='word_1_365' title='bbox 1412 3949 1523 4015; x_wconf 86' lang='lat' dir='ltr'><strong>metuo,</strong></span> 
     </span>
     <span class='ocr_line' id='line_1_41' title="bbox 168 4029 1524 4115; baseline -0.002 -21"><span class='ocrx_word' id='word_1_366' title='bbox 168 4039 195 4094; x_wconf 85' lang='lat' dir='ltr'><strong>ts</strong></span> <span class='ocrx_word' id='word_1_367' title='bbox 217 4033 357 4095; x_wconf 87' lang='lat' dir='ltr'><strong>ultimam</strong></span> <span class='ocrx_word' id='word_1_368' title='bbox 379 4031 458 4094; x_wconf 86' lang='lat' dir='ltr'><strong>hanc</strong></span> <span class='ocrx_word' id='word_1_369' title='bbox 480 4042 513 4095; x_wconf 89' lang='lat' dir='ltr'><strong>et</strong></span> <span class='ocrx_word' id='word_1_370' title='bbox 537 4034 676 4114; x_wconf 80' lang='lat' dir='ltr'><strong>frigidam</strong></span> <span class='ocrx_word' id='word_1_371' title='bbox 692 4035 907 4115; x_wconf 80' lang='lat' dir='ltr'><strong>catastmpbeu</strong></span> <span class='ocrx_word' id='word_1_372' title='bbox 924 4034 1124 4115; x_wconf 85' lang='lat' dir='ltr'><strong>explosorum.</strong></span> <span class='ocrx_word' id='word_1_373' title='bbox 1158 4033 1272 4096; x_wconf 86' lang='lat' dir='ltr'><strong>Ultimo</strong></span> <span class='ocrx_word' id='word_1_374' title='bbox 1293 4041 1394 4094; x_wconf 87' lang='lat' dir='ltr'><strong>antem</strong></span> <span class='ocrx_word' id='word_1_375' title='bbox 1411 4029 1524 4093; x_wconf 80' lang='lat' dir='ltr'><strong>referre</strong></span> 
     </span>
     <span class='ocr_line' id='line_1_42' title="bbox 166 4121 1525 4204; baseline -0.001 -22"><span class='ocrx_word' id='word_1_376' title='bbox 166 4121 263 4193; x_wconf 74' lang='lat' dir='ltr'><strong>solui,</strong></span> <span class='ocrx_word' id='word_1_377' title='bbox 295 4137 365 4182; x_wconf 87' lang='lat' dir='ltr'><strong>cum</strong></span> <span class='ocrx_word' id='word_1_378' title='bbox 392 4121 463 4200; x_wconf 85' lang='lat' dir='ltr'><strong>qnia</strong></span> <span class='ocrx_word' id='word_1_379' title='bbox 484 4122 589 4184; x_wconf 90' lang='lat' dir='ltr'><strong>ultimo</strong></span> <span class='ocrx_word' id='word_1_380' title='bbox 613 4125 679 4185; x_wconf 89' lang='lat' dir='ltr'><strong>loco</strong></span> <span class='ocrx_word' id='word_1_381' title='bbox 702 4122 818 4197; x_wconf 85' lang='lat' dir='ltr'><strong>habeo,</strong></span> <span class='ocrx_word' id='word_1_382' title='bbox 848 4130 912 4185; x_wconf 92' lang='lat' dir='ltr'><strong>tum</strong></span> <span class='ocrx_word' id='word_1_383' title='bbox 936 4124 1095 4204; x_wconf 85' lang='lat' dir='ltr'><strong>quiscum</strong></span> <span class='ocrx_word' id='word_1_384' title='bbox 1120 4122 1250 4185; x_wconf 86' lang='lat' dir='ltr'><strong>motibus</strong></span> <span class='ocrx_word' id='word_1_385' title='bbox 1279 4121 1439 4194; x_wconf 88' lang='lat' dir='ltr'><strong>cohaeret,</strong></span> <span class='ocrx_word' id='word_1_386' title='bbox 1468 4136 1525 4182; x_wconf 88' lang='lat' dir='ltr'><strong>nac</strong></span> 
     </span>
     <span class='ocr_line' id='line_1_43' title="bbox 164 4205 1523 4292; baseline -0.003 -20"><span class='ocrx_word' id='word_1_387' title='bbox 164 4208 299 4290; x_wconf 77' lang='lat' dir='ltr'><strong>expediri</strong></span> <span class='ocrx_word' id='word_1_388' title='bbox 322 4209 389 4271; x_wconf 91' lang='lat' dir='ltr'><strong>sine</strong></span> <span class='ocrx_word' id='word_1_389' title='bbox 411 4206 464 4273; x_wconf 77' lang='lat'><strong>20.</strong></span> <span class='ocrx_word' id='word_1_390' title='bbox 489 4211 589 4292; x_wconf 86' lang='lat' dir='ltr'><strong>capite</strong></span> <span class='ocrx_word' id='word_1_391' title='bbox 614 4220 730 4292; x_wconf 87' lang='lat' dir='ltr'><strong>potest,</strong></span> <span class='ocrx_word' id='word_1_392' title='bbox 761 4212 899 4292; x_wconf 86' lang='lat' dir='ltr'><strong>quamvis</strong></span> <span class='ocrx_word' id='word_1_393' title='bbox 926 4212 966 4272; x_wconf 88' lang='lat' dir='ltr'><strong>ad</strong></span> <span class='ocrx_word' id='word_1_394' title='bbox 997 4207 1047 4274; x_wconf 86' lang='grc'><strong>14.</strong></span> <span class='ocrx_word' id='word_1_395' title='bbox 1077 4210 1195 4291; x_wconf 88' lang='lat' dir='ltr'><strong>proprie</strong></span> <span class='ocrx_word' id='word_1_396' title='bbox 1218 4211 1387 4290; x_wconf 82' lang='lat' dir='ltr'><strong>pertineat,</strong></span> <span class='ocrx_word' id='word_1_397' title='bbox 1421 4216 1457 4270; x_wconf 87' lang='lat' dir='ltr'><strong>ut</strong></span> <span class='ocrx_word' id='word_1_398' title='bbox 1482 4205 1523 4270; x_wconf 94' lang='lat' dir='ltr'><strong>ibi</strong></span> 
     </span>
     <span class='ocr_line' id='line_1_44' title="bbox 162 4298 363 4362; baseline -0.01 0"><span class='ocrx_word' id='word_1_399' title='bbox 162 4298 295 4362; x_wconf 82' lang='lat' dir='ltr'><strong>monitus</strong></span> <span class='ocrx_word' id='word_1_400' title='bbox 317 4315 363 4360; x_wconf 88' lang='lat' dir='ltr'><strong>es.</strong></span> 
     </span>
    </p>

    <p class='ocr_par' dir='ltr' id='par_1_19' title="bbox 160 4384 1584 4736">
     <span class='ocr_line' id='line_1_45' title="bbox 253 4384 1523 4473; baseline -0.003 -24"><span class='ocrx_word' id='word_1_401' title='bbox 253 4385 331 4449; x_wconf 82' lang='lat' dir='ltr'><strong>Gum</strong></span> <span class='ocrx_word' id='word_1_402' title='bbox 361 4386 438 4448; x_wconf 86' lang='lat' dir='ltr'><strong>hanc</strong></span> <span class='ocrx_word' id='word_1_403' title='bbox 465 4387 620 4467; x_wconf 80' lang='lat' dir='ltr'><strong>figuralem</strong></span> <span class='ocrx_word' id='word_1_404' title='bbox 649 4388 798 4452; x_wconf 87' lang='lat' dir='ltr'><strong>coelorum</strong></span> <span class='ocrx_word' id='word_1_405' title='bbox 825 4388 1048 4469; x_wconf 89' lang='lat' dir='ltr'><strong>proportionem</strong></span> <span class='ocrx_word' id='word_1_406' title='bbox 1071 4386 1228 4473; x_wconf 82' lang='lat' dir='ltr'><strong>Maeetlini</strong></span> <span class='ocrx_word' id='word_1_407' title='bbox 1250 4405 1395 4449; x_wconf 88' lang='lat' dir='ltr'><strong>censurae</strong></span> <span class='ocrx_word' id='word_1_408' title='bbox 1420 4384 1523 4464; x_wconf 87' lang='lat' dir='ltr'><strong>subje-</strong></span> 
     </span>
     <span class='ocr_line' id='line_1_46' title="bbox 161 4474 1584 4559; baseline -0.004 -21"><span class='ocrx_word' id='word_1_409' title='bbox 161 4476 281 4550; x_wconf 83' lang='lat' dir='ltr'><strong>cissem,</strong></span> <span class='ocrx_word' id='word_1_410' title='bbox 307 4474 334 4537; x_wconf 90' lang='lat' dir='ltr'><strong>is</strong></span> <span class='ocrx_word' id='word_1_411' title='bbox 358 4494 405 4536; x_wconf 92' lang='lat' dir='ltr'><strong>me</strong></span> <span class='ocrx_word' id='word_1_412' title='bbox 424 4475 461 4538; x_wconf 87' lang='lat' dir='ltr'><strong>ds</strong></span> <span class='ocrx_word' id='word_1_413' title='bbox 476 4478 662 4556; x_wconf 84' lang='lat' dir='ltr'><strong>superiorum</strong></span> <span class='ocrx_word' id='word_1_414' title='bbox 680 4477 834 4559; x_wconf 85' lang='lat' dir='ltr'><strong>epicycliis</strong></span> <span class='ocrx_word' id='word_1_415' title='bbox 850 4478 973 4552; x_wconf 85' lang='lat' dir='ltr'><strong>monuit,</strong></span> <span class='ocrx_word' id='word_1_416' title='bbox 999 4496 1073 4557; x_wconf 87' lang='lat' dir='ltr'><strong>quos</strong></span> <span class='ocrx_word' id='word_1_417' title='bbox 1089 4475 1274 4556; x_wconf 81' lang='lat' dir='ltr'><strong>copernicus</strong></span> <span class='ocrx_word' id='word_1_418' title='bbox 1298 4478 1364 4538; x_wconf 89' lang='lat' dir='ltr'><strong>loco</strong></span> <span class='ocrx_word' id='word_1_419' title='bbox 1387 4474 1523 4554; x_wconf 86' lang='lat' dir='ltr'><strong>aequan-</strong></span> <span class='ocrx_word' id='word_1_420' title='bbox 1572 4523 1584 4544; x_wconf 83' lang='grc'><em>,</em></span> 
     </span>
     <span class='ocr_line' id='line_1_47' title="bbox 161 4563 1524 4647; baseline -0.004 -20"><span class='ocrx_word' id='word_1_421' title='bbox 161 4566 238 4628; x_wconf 90' lang='lat' dir='ltr'><strong>tium</strong></span> <span class='ocrx_word' id='word_1_422' title='bbox 261 4563 449 4640; x_wconf 82' lang='lat' dir='ltr'><strong>introduxit,</strong></span> <span class='ocrx_word' id='word_1_423' title='bbox 483 4565 590 4645; x_wconf 89' lang='lat' dir='ltr'><strong>quique</strong></span> <span class='ocrx_word' id='word_1_424' title='bbox 624 4566 713 4647; x_wconf 90' lang='lat' dir='ltr'><strong>duplo</strong></span> <span class='ocrx_word' id='word_1_425' title='bbox 737 4565 881 4644; x_wconf 84' lang='lat' dir='ltr'><strong>majorem</strong></span> <span class='ocrx_word' id='word_1_426' title='bbox 905 4565 1039 4629; x_wconf 83' lang='lat' dir='ltr'><strong>efficiant</strong></span> <span class='ocrx_word' id='word_1_427' title='bbox 1062 4566 1126 4628; x_wconf 90' lang='lat' dir='ltr'><strong>orbi</strong></span> <span class='ocrx_word' id='word_1_428' title='bbox 1156 4564 1401 4644; x_wconf 84' lang='lat' dir='ltr'><strong>spissitudinem,</strong></span> <span class='ocrx_word' id='word_1_429' title='bbox 1436 4578 1524 4641; x_wconf 86' lang='lat' dir='ltr'><strong>quam</strong></span> 
     </span>
     <span class='ocr_line' id='line_1_48' title="bbox 160 4647 1525 4736; baseline -0.005 -21"><span class='ocrx_word' id='word_1_430' title='bbox 160 4654 306 4734; x_wconf 85' lang='lat' dir='ltr'><strong>planetae</strong></span> <span class='ocrx_word' id='word_1_431' title='bbox 321 4671 466 4715; x_wconf 85' lang='lat' dir='ltr'><strong>ascensus</strong></span> <span class='ocrx_word' id='word_1_432' title='bbox 482 4655 703 4736; x_wconf 89' lang='lat' dir='ltr'><strong>descensusque</strong></span> <span class='ocrx_word' id='word_1_433' title='bbox 718 4654 851 4736; x_wconf 88' lang='lat' dir='ltr'><strong>requirit.</strong></span> <span class='ocrx_word' id='word_1_434' title='bbox 885 4657 927 4718; x_wconf 82' lang='lat' dir='ltr'><strong>Et</strong></span> <span class='ocrx_word' id='word_1_435' title='bbox 949 4655 978 4715; x_wconf 90' lang='lat' dir='ltr'><strong>iu</strong></span> <span class='ocrx_word' id='word_1_436' title='bbox 1003 4654 1191 4718; x_wconf 79' lang='lat' dir='ltr'><strong>inferioribus</strong></span> <span class='ocrx_word' id='word_1_437' title='bbox 1216 4653 1334 4733; x_wconf 86' lang='lat' dir='ltr'><strong>quidem</strong></span> <span class='ocrx_word' id='word_1_438' title='bbox 1353 4647 1406 4712; x_wconf 87' lang='lat' dir='ltr'><strong>alii</strong></span> <span class='ocrx_word' id='word_1_439' title='bbox 1424 4656 1525 4712; x_wconf 90' lang='lat' dir='ltr'><strong>motus</strong></span> 
     </span>
    </p>
   </div>
   <div class='ocr_carea' id='block_1_9' title="bbox 160 4738 1635 4828">
    <p class='ocr_par' dir='ltr' id='par_1_20' title="bbox 160 4738 1635 4828">
     <span class='ocr_line' id='line_1_49' title="bbox 160 4738 1635 4828; baseline -0.004 -24"><span class='ocrx_word' id='word_1_440' title='bbox 160 4748 245 4816; x_wconf 80' lang='lat' dir='ltr'><strong>sunt,</strong></span> <span class='ocrx_word' id='word_1_441' title='bbox 270 4741 378 4823; x_wconf 87' lang='lat' dir='ltr'><strong>quibas</strong></span> <span class='ocrx_word' id='word_1_442' title='bbox 401 4742 526 4822; x_wconf 81' lang='lat' dir='ltr'><strong>planata</strong></span> <span class='ocrx_word' id='word_1_443' title='bbox 548 4743 586 4805; x_wconf 91' lang='lat' dir='ltr'><strong>ad</strong></span> <span class='ocrx_word' id='word_1_444' title='bbox 611 4762 730 4806; x_wconf 88' lang='lat' dir='ltr'><strong>omnem</strong></span> <span class='ocrx_word' id='word_1_445' title='bbox 750 4743 831 4806; x_wconf 92' lang='lat' dir='ltr'><strong>illins</strong></span> <span class='ocrx_word' id='word_1_446' title='bbox 854 4743 981 4828; x_wconf 82' lang='lat' dir='ltr'><strong>epicycli</strong></span> <span class='ocrx_word' id='word_1_447' title='bbox 1004 4743 1196 4806; x_wconf 87' lang='lat' dir='ltr'><strong>altitudinem</strong></span> <span class='ocrx_word' id='word_1_448' title='bbox 1219 4739 1369 4816; x_wconf 85' lang='lat' dir='ltr'><strong>evehitur,</strong></span> <span class='ocrx_word' id='word_1_449' title='bbox 1393 4738 1434 4801; x_wconf 85' lang='lat' dir='ltr'><strong>ad</strong></span> <span class='ocrx_word' id='word_1_450' title='bbox 1456 4754 1524 4799; x_wconf 90' lang='lat' dir='ltr'><strong>om·</strong></span> <span class='ocrx_word' id='word_1_451' title='bbox 1627 4785 1635 4798; x_wconf 87' lang='lat'>.</span> 
     </span>
    </p>
   </div>
   <div class='ocr_carea' id='block_1_10' title="bbox 0 0 1688 5482">
    <p class='ocr_par' dir='ltr' id='par_1_21' title="bbox 0 0 1688 5482">
     <span class='ocr_line' id='line_1_50' title="bbox 0 0 1688 5482; baseline 0 3"><span class='ocrx_word' id='word_1_452' title='bbox 0 0 1688 5482; x_wconf 95' lang='lat' dir='ltr'><strong> </strong></span> 
     </span>
    </p>
   </div>
  </div>
 </body>
</html>
