3366 5482
159 196 225 266 26⁴1
577 200 580 207 ’
708 197 832 264 Apologia
849 196 972 261 Tychonis

159 360 278 441 cipnsm
311 358 403 422 etiam
434 358 569 421 fraudem
600 357 786 420 committat:
820 357 919 418 visum
947 363 996 419 est
1027 353 1179 435 peculiare
1208 361 1301 435 caput
1331 354 1362 417 iu
1387 371 1525 434 eatoon·

121 470 129 478 ·
160 467 297 527 sumere:
329 448 360 510 iu
384 447 470 527 cujus
494 446 580 509 initio
613 466 689 527 quae
716 446 753 507 de
777 445 940 526 Apollonio
974 444 1062 507 nobis
1091 451 1235 505 constant
1264 463 1303 505 ex
1329 443 1389 506 fide
1422 442 1525 522 dignis

161 536 332 602 auctoribus
352 536 568 617 judicabimus;
590 542 700 615 postea
723 554 820 615 nugas
834 533 907 597 Ursi
932 553 998 596 cum
1023 532 1083 594 illis
1107 534 1306 595 conferemus.
1453 542 1456 549 '

749 775 934 784 -·-—.-..-..-.

733 975 853 1074 Caput
878 974 946 1049 ΠΙ.

295 1151 416 1216 Nullas
438 1161 564 1217 castore
586 1151 752 1237 Apollonii
773 1153 915 1235 Perpoei
937 1153 1122 1236 hypotheses
1144 1150 1383 1214 oshoooma'ooo.

251 1310 339 1382 Quod
363 1311 392 1374 in
417 1313 621 1376 architectura
642 1332 699 1375 usu
721 1313 813 1389 veuit,
839 1321 872 1375 ut
895 1333 952 1375 non
977 1333 1015 1374 ex
1029 1331 1089 1374 una
1102 1310 1222 1373 officina
1244 1316 1387 1389 petantur
1410 1309 1524 1381 omnia,

162 1401 240 1475 calx,
264 1409 467 1477 caementum,
491 1403 582 1477 clavi,
608 1421 713 1476 serae,
744 1403 911 1474 fenestrae,
943 1421 998 1463 nec
1023 1401 1102 1463 idem
1125 1399 1310 1461 architectus
1335 1405 1368 1459 et
1391 1396 1527 1478 lapicida

160 1490 202 1554 sit
233 1498 265 1552 et
287 1488 432 1569 hgnarius
461 1500 492 1554 et
515 1490 657 1552 ferrarius
685 1499 717 1550 et
741 1491 920 1552 amularius:
954 1490 1033 1551 idem
1053 1498 1085 1551 et
1113 1490 1143 1550 in
1173 1485 1375 1551 astronomico
1399 1486 1524 1567 negotio

160 1578 333 1641 usuvenit.
379 1579 500 1642 Etenim
525 1580 574 1661 qui
598 1579 677 1640 omni
700 1579 791 1642 animi
815 1581 999 1660 cogitatione
1022 1579 1052 1640 in
1068 1577 1097 1639 id
1120 1578 1255 1639 intentus
1274 1586 1332 1650 est,
1355 1582 1390 1638 ut
1413 1595 1453 1636 ex
1475 1575 1523 1649 iis,

161 1667 291 1748 quaein
316 1669 399 1730 coelo
424 1669 551 1731 diversis
576 1668 762 1748 temporibus
787 1670 936 1744 eveniunt,
963 1667 1222 1749 argumentatione
1247 1664 1400 1738 derivata,
1424 1664 1524 1746 hypo-

118 1803 126 1814 „
162 1757 265 1820 theses
290 1757 407 1837 aliquas
436 1759 537 1820 mundi
571 1759 699 1819 formam
723 1758 926 1837 exprimentes
951 1757 1136 1830 constituat,
1169 1755 1248 1816 hunc
1271 1752 1433 1816 architecti
1456 1753 1523 1816 loco

161 1847 274 1910 babeo:
308 1848 391 1927 cujus
417 1848 536 1929 quidem
559 1854 648 1908 tanta
672 1853 720 1909 est
743 1847 915 1926 occupatio,
950 1855 984 1908 ut
1003 1845 1187 1925 impossibile
1212 1844 1267 1918 sit,
1300 1841 1397 1924 ipsum
1422 1842 1525 1904 omnia

162 1958 182 1998 a
204 1956 237 1998 se
261 1935 327 2014 ipso
350 1942 465 2017 petere.
512 1934 636 2014 Accipit
659 1935 750 2015 igitur
765 1935 993 1998 observationes
1017 1936 1111 2014 ipsas,
1136 1934 1183 1995 vel
1204 1951 1306 1994 omnes
1330 1932 1379 1993 vel
1402 1931 1524 2012 aliquas

162 2026 201 2088 ab
226 2024 314 2097 aliis;
339 2033 417 2099 sunt,
444 2025 493 2105 qui
517 2025 638 2086 tabulas
662 2024 705 2084 illi
726 2033 904 2087 construant
926 2025 992 2086 usui
1007 2023 1180 2105 quotidiano
1195 2020 1394 2083 necessarias.
1434 2019 1524 2083 Alius

54 2167 57 2174 .
165 2113 373 2176 arithmeticos
397 2113 570 2192 praeceptis
600 2113 700 2174 clarus
733 2114 867 2175 nonnihil
900 2114 993 2176 babet
1024 2113 1053 2174 in
1078 2132 1134 2173 sua
1157 2110 1354 2191 supellectili,
1388 2110 1469 2188 quod
1494 2109 1522 2171 in

163 2222 248 2264 suum
282 2221 369 2263 usum
402 2201 515 2282 seligat
538 2201 660 2262 artifex.
706 2201 794 2263 Alius
818 2203 962 2281 operandi
989 2220 1044 2282 per
1067 2219 1205 2263 numeros
1237 2198 1414 2278 compendia
1438 2217 1523 2260 com-

163 2289 345 2364 miniscitur,
381 2290 458 2351 alius
488 2288 656 2352 doctrinam
680 2290 797 2352 sinuum
821 2291 983 2353 artificiose
1006 2290 1116 2364 tradit,
1152 2288 1229 2351 alius
1257 2288 1411 2366 triangula
1434 2287 1525 2349 docet

163 2380 326 2443 aestimare
352 2378 479 2444 facilius.
526 2378 663 2459 Denique
687 2386 772 2453 sunt,
798 2380 846 2460 qni
871 2380 1061 2460 geometricis
1084 2378 1281 2458 problematis
1306 2377 1522 2438 demonstran-

164 2469 211 2532 dis
235 2468 368 2530 laborem
397 2468 572 2548 principalis
596 2467 721 2530 artificis
751 2488 809 2531 non
833 2470 1023 2531 mediocriter
1053 2469 1221 2530 sublevant
1268 2466 1311 2527 Et
1340 2474 1458 2540 tamen,
1491 2471 1524 2526 ut

164 2557 214 2640 qui
238 2557 341 2619 clavos
366 2557 462 2632 cudit,
487 2558 636 2620 fenestras
659 2558 821 2633 construit,
851 2557 967 2641 lapides
990 2559 1170 2638 imperatam
1193 2557 1223 2617 in
1248 2554 1374 2617 formam
1398 2553 1524 2623 excidit,

162 2665 221 2710 non
255 2646 323 2707 ideo
356 2655 404 2708 est
426 2646 582 2708 habendus
608 2663 663 2726 pro
687 2646 869 2721 architecto,
904 2647 962 2709 etsi
991 2647 1056 2726 ejus
1080 2665 1172 2725 opera
1204 2646 1298 2707 utitur
1328 2642 1522 2716 architectus,

164 2736 328 2814 domusque
352 2743 504 2798 structura
519 2755 576 2797 non
592 2735 670 2810 huic,
695 2735 749 2796 sed
766 2735 932 2798 architecto
949 2734 1147 2797 adscribitur:
1172 2734 1218 2796 ita
1232 2742 1264 2795 et
1278 2733 1308 2795 in
1327 2731 1524 2805 astronomia,

163 2842 223 2887 non
247 2824 317 2904 qnia
340 2832 529 2886 astronomus
554 2824 617 2886 sine
633 2825 798 2904 geometria
822 2833 853 2887 et
868 2824 1067 2897 arithmetica,
1091 2822 1219 2903 geminis
1240 2822 1307 2897 alis,
1332 2829 1525 2883 astronomus

163 2932 232 2975 asse
265 2931 323 2974 non
355 2920 476 2993 potest,
509 2921 674 2993 propterea
707 2913 811 2974 statim
840 2923 1032 2975 astronomus
1062 2921 1129 2986 est,
1166 2911 1216 2991 qui
1242 2908 1348 2974 bonus
1368 2916 1527 2989 geometra

164 3001 318 3083 bonusque
342 3010 391 3063 est
414 3001 635 3064 arithmeticus:
671 3022 725 3064 nec
750 3002 775 3063 si
800 3003 866 3083 quis
891 3003 1028 3064 doctrina
1062 3001 1276 3080 triangulorum
1307 2999 1424 3062 tradita
1447 2997 1525 3060 arti-

164 3091 249 3154 ficem
273 3091 302 3152 in
327 3091 490 3153 condendis
514 3091 626 3152 tabulis
650 3092 770 3170 egregie
789 3092 883 3172 juvit,
915 3100 1076 3172 propterea
1108 3090 1278 3152 tabularum
1300 3088 1350 3151 vel
1372 3087 1525 3168 hypothe-

167 3179 244 3243 sium
259 3187 437 3243 auctorest.
485 3179 571 3241 Haeo
586 3198 653 3241 cum
676 3181 721 3242 ita
744 3199 777 3241 se
802 3180 944 3255 habeant,
969 3182 1164 3241 vehementer
1182 3178 1268 3240 initio
1283 3177 1384 3250 miror,
1408 3175 1525 3255 Apol-

164 3269 265 3331 lonio
282 3269 320 3330 ab
331 3269 410 3332 Urso
421 3268 511 3331 tribui
521 3268 705 3350 hypotheses
721 3269 939 3332 astronomicas
949 3269 1125 3348 peculiares,
1152 3268 1211 3349 qni,
1227 3269 1306 3347 quod
1320 3265 1526 3328 astronomica

163 3357 284 3431 attinet,
309 3358 525 3420 nihilomnino
550 3357 693 3436 scriptum
727 3358 847 3438 reliquit
873 3367 995 3438 praeter
1018 3358 1234 3439 geometricum
1257 3356 1412 3436 problema
1436 3357 1524 3434 (pro-

165 3446 297 3509 fessione
321 3467 449 3528 namque
473 3454 628 3526 geometra
653 3447 740 3521 fuit),
771 3466 829 3527 quo
853 3448 1046 3509 Ptolemaeus
1075 3447 1105 3508 in
1130 3444 1312 3507 stationibus
1331 3444 1525 3523 planetarum

166 3535 417 3609 demonstrandis,
443 3537 472 3599 iu
497 3544 583 3614 parte
608 3555 713 3615 nempe
738 3537 843 3597 domus
864 3536 1046 3612 exornanda,
1070 3555 1141 3597 usus
1161 3543 1219 3597 est.
1266 3535 1309 3597 Ut
1332 3541 1435 3599 autem
1458 3531 1524 3594 cla-

165 3623 284 3687 rissime
307 3632 423 3703 pateat,
449 3625 520 3705 qnid
535 3624 715 3704 Apollonius
739 3626 1002 3700 demonstraverit,
1028 3625 1098 3705 qnid
1122 3643 1192 3687 vero
1212 3624 1309 3686 Ursus
1332 3620 1525 3684 securissime

165 3713 329 3788 fabuletur,
363 3733 420 3793 age
448 3721 545 3776 totam
569 3714 632 3793 ejus
656 3713 852 3776 intentionem
885 3715 1008 3775 e'lonte
1032 3733 1102 3788 suo,
1136 3733 1178 3775 sc.
1212 3713 1426 3776 ePtolemaeo
1452 3712 1525 3791 (qno

166 3801 277 3876 misso,
311 3803 390 3882 quod
414 3803 607 3864 vehementer
630 3803 734 3874 miror,
768 3803 864 3866 Ursus
893 3804 931 3864 ad
955 3804 1082 3865 rivulum
1115 3802 1183 3863 inde
1208 3802 1382 3876 deductum,
1417 3819 1461 3862 sc.
1486 3798 1525 3860 ad

164 3887 363 3971 Oopemicum
386 3894 548 3973 provocat)
573 3891 601 3952 in
627 3893 680 3952 has
704 3893 842 3972 pagellas
866 3892 1067 3954 derivabimus
1092 3899 1123 3953 et
1146 3898 1388 3978 transponamus.
1426 3888 1524 3969 Equi-

163 3980 233 4042 dem
264 3981 342 4060 qood
366 3982 476 4056 Ursus,
512 3981 595 4042 nulla
616 3981 783 4043 Ptolemaei
816 3982 965 4044 mentione
999 3983 1095 4055 facta,
1130 3980 1179 4061 qui
1203 3979 1370 4043 clarissime
1393 3987 1525 4041 ruentem

163 4068 318 4148 Apollonii
342 4071 491 4151 exposuit,
515 4070 545 4154 in
562 4069 739 4149 Copernico,
765 4070 814 4151 qni
833 4070 987 4133 obscurius
1002 4090 1065 4131 rem
1079 4069 1230 4148 exprimit,
1256 4087 1396 4150 magnum
1415 4085 1526 4130 causas

164 4157 347 4237 praesidium
371 4160 465 4240 ponit,
490 4159 520 4221 id
544 4159 691 4238 ejusmodi
715 4168 776 4234 est,
809 4169 844 4221 nt
871 4178 1010 4238 magnam
1035 4159 1236 4238 suspicionem
1267 4157 1412 4231 concitet,
1446 4177 1525 4219 uun-

164 4265 254 4326 quam
277 4247 373 4309 visum
399 4249 476 4311 Urso
502 4248 722 4319 Ptolemaeum,
751 4250 805 4310 sed
835 4249 974 4310 extitisse
997 4250 1173 4311 monitorem
1197 4248 1343 4329 aliquem,
1373 4246 1424 4328 qui
1447 4247 1525 4310 Urso

163 4334 340 4415 subjiceret,
365 4337 427 4399 tale
452 4338 521 4417 quid
545 4336 697 4416 Apollonii
721 4338 877 4418 problema
900 4357 1016 4418 sapere,
1038 4337 1140 4417 qualia
1163 4337 1314 4417 Tychonis
1337 4337 1368 4398 in
1391 4355 1425 4398 se
1450 4353 1525 4397 con-

161 4424 262 4488 tinent
284 4425 478 4506 hypotheses,
503 4433 535 4487 et
559 4425 632 4488 illud
656 4428 776 4506 quidem
790 4427 947 4506 problema
960 4426 1137 4505 bipartitum
1152 4445 1230 4488 esse.
1278 4425 1410 4487 Tantum
1434 4423 1523 4498 enim,

162 4533 218 4576 nec
241 4514 329 4594 plura
352 4535 407 4576 nec
431 4514 622 4577 distinctiora
635 4516 731 4579 Ursus
756 4517 792 4577 de
813 4516 986 4595 Apollonio,
1011 4535 1078 4577 cum
1101 4516 1176 4576 haec
1200 4513 1357 4588 scriberet,
1380 4513 1523 4576 sciverat

164 4601 226 4664 Sed
249 4605 289 4665 ad
312 4603 530 4667 Ptolemaeum.
578 4603 653 4666 Cum
683 4624 720 4667 ex
745 4610 847 4666 aetate
878 4605 907 4666 in
931 4624 1040 4684 magno
1069 4604 1166 4683 pretio
1190 4611 1295 4665 essent
1321 4603 1524 4683 geometricae

162 4690 445 4769 demonstrationes,
471 4705 503 4756 et
526 4693 610 4756 flocci
633 4694 834 4774 penderentur
857 4694 905 4755 vel
929 4693 1121 4756 mechanicae
1136 4691 1355 4774 descriptiones
1378 4691 1429 4754 vel
1451 4709 1521 4780 pro·
