3366 5482
257 270 323 338 336
681 272 1191 339 summasunmna-ssu

258 433 342 493 llaec
365 431 466 491 omnia
484 440 650 510 sequuntur
672 451 709 491 ex
734 431 790 490 hoc
813 432 979 511 principio,
1013 432 1091 512 quod
1120 442 1153 493 tn
1177 431 1307 493 noudum
1329 430 1495 493 refutasti:
1527 452 1547 493 s
1568 430 1614 493 die

257 519 420 600 significari
445 538 571 594 anunm,
605 541 624 580 a
647 520 778 581 motibus
807 521 924 582 scilicet
947 521 1080 582 natalitii
1104 521 1179 581 coeli
1208 539 1262 600 per
1285 521 1365 582 diem
1392 539 1483 583 uuum
1504 538 1615 601 perque

257 611 323 670 loca
348 609 492 669 thematis
516 608 720 669 characteritii
745 619 776 669 et
799 610 942 670 natalitii.

345 697 416 756 Jam
439 698 478 756 ad
503 709 555 756 tna
578 708 766 775 argumenta.
814 700 910 776 Nego,
934 699 1083 776 respicere
1098 698 1239 774 planetas
1262 697 1393 760 orbitam
1407 696 1500 759 Solis.
1538 695 1615 758 Naro

258 804 311 864 per
334 785 475 846 accidens
500 787 541 855 fit,
567 797 598 846 ut
622 787 758 846 dividant
781 805 836 864 per
859 788 1001 847 circuitus
1026 804 1095 845 suos
1120 784 1258 847 bilariam
1271 795 1391 864 partem
1406 785 1475 858 huc,
1497 792 1615 865 partem

258 876 328 937 illuc
352 895 370 933 a
395 873 476 934 Solis
501 874 619 934 semita.
667 875 732 934 Hoc
756 877 852 934 solum
868 877 1022 947 affectant,
1047 884 1080 934 ut
1099 873 1179 934 circa
1202 885 1337 936 centrum
1359 874 1461 936 muudi
1475 882 1616 934 maneant

258 964 288 1024 in
313 963 418 1023 eodem
443 963 533 1041 plano
558 965 664 1034 (nete
689 962 874 1041 Copemicus
898 964 1062 1034 offendat);
1087 963 1165 1023 idern
1189 963 1242 1023 Sol
1266 964 1349 1036 facit,
1374 964 1454 1024 alter
1476 961 1543 1024 siue
1566 980 1613 1023 re·

257 1062 363 1133 spectu
387 1051 522 1111 alterius.
567 1051 633 1112 Hoc
660 1072 730 1113 sero
755 1052 902 1112 facientes
928 1063 1067 1131 uterque,
1094 1071 1218 1111 necesse
1243 1063 1291 1112 est
1314 1051 1430 1113 orbitas
1454 1061 1510 1112 aut
1531 1048 1613 1111 coin-

258 1141 375 1212 cidere,
410 1150 463 1199 ant
485 1140 582 1200 secari
615 1140 730 1202 duobus
754 1142 873 1219 punctis
896 1141 1045 1219 oppositis
1074 1150 1105 1199 et
1129 1141 1278 1202 bilariam.
1324 1140 1525 1202 Astronomia
1546 1157 1614 1200 vero

256 1228 454 1291 disertissime
486 1228 637 1301 affirmat,
671 1230 751 1290 nullo
784 1239 875 1308 pacto
899 1229 1068 1309 dispensari
1102 1240 1201 1288 motus
1233 1229 1422 1308 planetarum
1456 1227 1495 1289 sb
1519 1227 1614 1288 orbita

256 1314 348 1391 Solis,
374 1336 439 1377 cum
464 1315 546 1396 leges
572 1318 697 1378 realium
723 1328 855 1378 motuum
879 1318 959 1379 nullo
984 1327 1074 1395 pacto
1094 1318 1248 1395 pendeant
1270 1339 1290 1378 a
1312 1317 1394 1379 Solis
1418 1317 1612 1379 revolutione.

256 1407 335 1468 h'am
359 1424 436 1484 quae
460 1405 496 1464 de
521 1405 655 1486 epicyclo
679 1407 761 1466 dicta
786 1415 855 1466 snut
879 1428 896 1465 a
920 1407 1085 1479 veteribus,
1120 1399 1269 1466 tolluntur
1289 1428 1308 1467 a
1331 1407 1472 1488 Tyehone
1497 1414 1530 1467 et
1553 1402 1633 1469 (ιι,
1674 1408 1679 1415 ’

258 1495 378 1574 pernice
403 1493 570 1554 rationibus
594 1494 713 1572 opticis.
760 1494 899 1555 Secundo
923 1494 1040 1572 allegas
1064 1495 1292 1573 experientiam.
1339 1496 1438 1574 Nego,
1462 1506 1495 1556 te
1513 1493 1610 1555 since-

258 1603 323 1645 ram
354 1600 445 1662 posse
478 1599 604 1661 capere,
640 1583 753 1645 lubrica
776 1592 841 1652 est,
875 1583 954 1663 quod
988 1583 1060 1654 tibi,
1089 1602 1143 1661 per
1165 1593 1269 1663 partes
1291 1585 1471 1663 proponenti
1496 1580 1612 1662 experi-

258 1681 379 1743 menta,
413 1672 580 1749 probarem.
628 1672 730 1733 Tertio
762 1673 899 1750 confugis
932 1672 970 1732 ad
1004 1671 1224 1750 profectiones,
1257 1703 1298 1713 -
1331 1672 1490 1734 ficulneum
1524 1689 1610 1751 argu-

257 1771 399 1823 mentum.
446 1759 540 1821 h'ihili
565 1770 612 1820 est
634 1761 796 1839 profectio,
831 1770 862 1821 et
886 1761 912 1820 si
946 1761 1014 1839 quid
1040 1769 1138 1833 esset,
1169 1761 1235 1839 jam
1258 1761 1340 1835 dixi,
1374 1770 1405 1821 te
1430 1760 1497 1821 falli
1521 1778 1611 1839 expe·

257 1851 371 1912 riundo.
418 1848 554 1928 Denique
579 1850 700 1921 nescio,
724 1850 793 1930 quid
819 1861 848 1910 te
873 1851 942 1928 polo
966 1849 1114 1910 attulerit.
1162 1849 1292 1911 Primum
1316 1868 1374 1910 ιιι
1399 1857 1471 1910 sunt
1495 1849 1613 1909 siresa

256 1939 346 2019 polis.
393 1937 510 1998 Deinde
534 1937 674 2015 ecliptica
698 1958 755 1998 uon
780 1951 828 1999 est
851 1939 951 1999 media
966 1939 1043 1999 inter
1059 1938 1145 2015 polos
1160 1939 1360 2016 planetarum,
1386 1956 1482 2017 aeque
1497 1937 1613 1998 distans

258 2028 296 2089 ab
320 2027 397 2098 illis,
423 2027 476 2085 sed
501 2025 605 2103 cuique
629 2027 770 2104 planetae
794 2048 866 2087 suus
889 2028 985 2105 polus.
1032 2027 1135 2086 Tertio
1160 2046 1214 2087 nec
1230 2025 1372 2106 ecliptica
1399 2046 1496 2106 aeque
1520 2026 1613 2086 distat

258 2134 376 2192 semper
400 2114 438 2174 ab
463 2113 568 2173 iisdem
606 2116 726 2192 punctis
750 2117 892 2189 finarnm;
923 2117 993 2176 olim
1018 2115 1096 2175 enim
1119 2116 1249 2193 majores
1275 2117 1356 2177 fuere
1383 2115 1572 2176 latitudines.

329 2203 512 2251 Fabricius:
543 2200 606 2250 Mire
624 2201 740 2265 placent.
765 2219 829 2268 quae
848 2206 1000 2268 geometrica
1018 2209 1044 2253 et
1062 2205 1157 2252 musica
1175 2203 1249 2253 affers
1267 2204 1299 2253 de
1317 2204 1476 2268 ιιιιιιιιιι,
1504 2217 1553 2252 use
1570 2210 1613 2258 cst.

258 2274 324 2338 quod
342 2273 389 2320 illis
407 2271 576 2322 contradicam
595 2271 640 2321 dre.

347 2345 547 2423 Keplerus:
586 2345 796 2406 Harmonicam
822 2346 988 2406 doctrinam
1013 2346 1140 2423 recipis,
1172 2347 1231 2407 rim
1256 2344 1324 2406 inde
1348 2345 1525 2424 aspectibus
1548 2360 1614 2406 esse

259 2433 379 2514 probas.
428 2430 573 2504 Gaudeo,
609 2443 639 2493 te
664 2434 801 2495 hausisse
826 2435 880 2494 hoc
904 2434 1117 2513 pharmacum:
1159 2436 1247 2495 crede
1272 2434 1362 2508 mihi,
1396 2433 1614 2511 inposterum,

259 2523 315 2583 nisi
338 2541 392 2601 per
416 2522 559 2581 uomitum
583 2523 769 2595 reddideris,
804 2522 853 2583 ubi
879 2522 1061 2583 ventriculus
1086 2523 1117 2583 id
1140 2524 1330 2597 concoxerit,
1366 2522 1541 2602 aperientur
1563 2520 1615 2583 tibi

259 2613 288 2673 in
313 2611 529 2689 meteorologia
553 2611 661 2671 mentis
686 2612 783 2684 oculi,
818 2611 905 2691 inque
941 2611 1176 2683 ,Fundameutis
1199 2612 1428 2690 Astrologiae“.
1476 2609 1512 2672 Si
1534 2610 1616 2691 prius

260 2701 394 2772 fecisses,
420 2709 501 2777 puto,
528 2700 622 2759 multa
648 2701 756 2761 fuisses
781 2701 828 2760 hic
851 2701 1129 2779 praetermissurus.

330 2788 509 2837 Fabricius:
542 2788 577 2835 Ex
596 2788 680 2837 diviua
697 2789 851 2837 ordinatione
870 2797 939 2837 certa
957 2789 1079 2850 quaedam
1097 2787 1154 2837 loca
1170 2788 1287 2851 apheucs
1297 2788 1399 2835 suntin
1417 2785 1531 2835 hemam
1544 2786 1617 2841 ιιιι,

259 2869 286 2911 st
303 2859 425 2924 quaedam
444 2859 518 2908 mala
558 2859 608 2908 Sed
626 2860 746 2923 quomodo
764 2859 870 2908 discerni
889 2860 1011 2911 ιιιιιιι
1030 2875 1079 2907 ιιι
1098 2859 1176 2908 rideo.
1214 2858 1349 2908 Multarum
1368 2859 1499 2922 genesium
1517 2868 1617 2921 comps·

259 2933 354 2983 ιιιιοιι
373 2930 432 2979 illud
450 2931 620 2993 inquirendum
639 2940 665 2980 ιι
684 2931 866 2979 decernendum
885 2939 953 2994 puto,
981 2938 1010 2979 ut
1028 2945 1057 2979 ex
1076 2931 1208 2993 apheticse
1226 2931 1322 2978 virtutis
1340 2929 1449 2977 naturali
1467 2930 1576 2978 termino
1593 2930 1620 2976 iu

258 3001 339 3069 figura
373 3016 488 3050 numerus
521 3009 547 3049 et
577 3003 736 3050 interstitium
763 3017 846 3050 rerum
874 3003 999 3051 domomm
1032 3003 1169 3063 inquiratur
1199 2997 1348 3064 (Keplerus:
1385 2999 1434 3049 Hic
1466 3006 1496 3048 tu
1531 3000 1621 3063 incipis

259 3076 313 3123 sine
331 3075 441 3126 radone
471 3072 572 3122 credens
590 3074 712 3122 conclusis
731 3081 839 3122 ueterum
864 3075 917 3122 siue
940 3073 1036 3120 ratione
1061 3073 1181 3126 collectis
1210 3086 1260 3120 ιιι
1279 3071 1393 3121 (ιιιιιιιιι
1412 3067 1623 3134 inspiratis),iu

260 3159 307 3209 quo
326 3145 398 3194 valde
416 3144 508 3199 laboro.
529 3152 555 3191 et
572 3151 600 3192 ιι
618 3152 645 3192 ιι
663 3159 758 3207 quoque
777 3144 874 3193 labores
892 3159 958 3208 rogo.
997 3143 1152 3192 Potissimam
1170 3144 1220 3192 rim
1238 3144 1302 3191 inter
1320 3142 1406 3191 domus
1428 3142 1512 3191 tribuo
1525 3141 1622 3206 angulo

258 3217 333 3267 medii
352 3216 428 3271 coeli,
453 3216 512 3277 quia
529 3214 570 3264 illo
587 3216 656 3264 locus
674 3230 784 3264 summus
802 3222 840 3264 est
859 3217 884 3264 iu
902 3216 1029 3265 horizonte
1048 3215 1142 3279 aliquo,
1167 3214 1312 3264 nobilitatus
1330 3227 1347 3263 a
1364 3213 1428 3263 Solis
1446 3214 1558 3263 maximo
1577 3226 1620 3262 es-

257 3288 316 3349 lore,
336 3294 363 3337 ιι
380 3288 526 3349 conspicuus
546 3295 584 3335 est
601 3288 716 3335 maxime.

347 3359 547 3437 Keplerus:
587 3358 732 3437 Propouis
757 3357 829 3429 tibi,
854 3356 1019 3418 interstitia
1042 3358 1180 3418 domnum
1204 3364 1237 3416 et
1260 3354 1327 3416 loca
1348 3355 1496 3417 thematis
1520 3355 1624 3435 aphe-

208 3474 212 3481 ’
258 3449 321 3511 tica
343 3448 429 3509 novis
452 3446 598 3525 exemplis
622 3447 780 3525 inquirere.
828 3445 960 3520 invitas,
997 3456 1030 3507 nt
1062 3457 1092 3507 te
1121 3447 1234 3524 jurem.
1282 3444 1349 3505 h'on
1384 3444 1515 3518 faciam,
1549 3445 1634 3524 quie,

258 3556 315 3599 ιιι
341 3536 441 3607 credo,
467 3536 544 3614 quod
569 3546 601 3595 ιι
626 3534 811 3596 fundamenti
836 3535 902 3595 loco
922 3535 1031 3610 credis,
1057 3555 1123 3594 esse
1148 3536 1257 3614 aliqua.
1305 3533 1349 3593 mr
1372 3532 1398 3594 si
1422 3533 1628 3596 harmonicen

221 3625 445 3697 'connexeris
470 3642 561 3685 exues
585 3626 661 3685 hanc
686 3624 906 3684 credulitatem.
953 3625 998 3684 Tu
1023 3624 1117 3699 enim,
1142 3622 1291 3684 conclusis
1315 3630 1451 3683 veterum
1475 3623 1543 3683 sine
1567 3642 1636 3683 ra-

257 3715 338 3776 tione
372 3712 508 3774 collectis
541 3713 667 3792 ideoque
696 3731 754 3773 non
784 3713 928 3773 divinitus
952 3713 1125 3792 inspiratis,
1160 3722 1261 3773 tamen
1285 3710 1399 3789 primns
1422 3710 1470 3770 ιιι
1495 3711 1640 3775 credere

257 3804 321 3865 sine
345 3803 480 3874 ratione,
511 3802 580 3880 quia
605 3801 710 3874 dicis,
714 3801 826 3873 ,divina
850 3802 1017 3863 relatione“
1051 3802 1130 3861 hand
1155 3801 1242 3860 dubie
1266 3799 1340 3859 fieri
1386 3797 1541 3861 Rationes
1565 3818 1642 3862 ee·-

257 3902 353 3953 terum
378 3891 478 3952 vide
472 3910 499 3951 ιι
525 3891 700 3952 Ptolemaeo
725 3901 756 3950 et
779 3891 857 3964 aliis,
882 3899 1004 3951 etcum
1028 3890 1209 3950 harmonicis
1233 3887 1356 3960 coufer;
1381 3888 1456 3960 scio,
1483 3889 1642 3951 deseres.

257 3980 390 4042 Medium
415 3980 489 4040 coeli
513 3979 541 4039 in
567 3998 667 4057 regem
691 3978 788 4057 eligis,
813 3979 889 4059 quod
915 3980 997 4039 calor
1016 3977 1097 4041 Solis
1122 3977 1163 4039 ibi
1187 3977 1346 4047 maximus.
1393 3974 1545 4039 Crassum
1569 3997 1650 4039 srae

257 4080 449 4147 gumentum;
484 4069 542 4129 imo
571 4069 645 4128 hora
673 4069 805 4128 secunda
833 4068 915 4128 calor
946 4067 1051 4143 major.
1099 4066 1268 4127 lucidentia
1292 4064 1410 4143 quidem
1435 4067 1644 4129 rectissima,

258 4159 304 4218 At
327 4166 358 4218 et
381 4158 436 4217 hoc
462 4177 607 4218 crassum.
654 4156 834 4217 Harmonice
858 4157 922 4216 sic:
952 4166 1036 4217 ortus
1056 4155 1182 4234 jacenti,
1208 4156 1250 4216 hi.
1269 4153 1303 4216 C.
1329 4152 1424 4214 stanti
1448 4152 1649 4218 hominist

257 4245 422 4307 ambulanti
446 4258 477 4305 et
500 4245 600 4326 agenti
626 4245 731 4306 simile.

327 4333 516 4384 Fabricius:
547 4333 624 4397 Cupio
650 4346 813 4397 cognoscere,
832 4346 864 4379 ιι
884 4338 994 4388 statuas,
1014 4332 1164 4395 imaginaria
1189 4330 1233 4379 ills
1249 4338 1344 4394 puncta
1362 4330 1470 4380 antiscis
1488 4329 1525 4380 lt.
1547 4329 1577 4382 0.
1595 4330 1648 4382 σθ

257 4406 432 4460 ιιιιιιιιιιιι,
459 4419 503 4467 per
527 4420 554 4454 se
581 4405 614 4452 ad
633 4403 668 4453 Μ.
689 4403 716 4452 C.
737 4411 762 4452 et
781 4403 920 4452 ascendens
937 4402 1033 4452 directa
1057 4404 1105 4449 rim
1123 4402 1249 4466 quandam
1266 4401 1376 4458 habero.
1403 4403 1503 4450 etiamsi
1521 4403 1549 4452 lu
1568 4402 1644 4453 isai·

256 4478 416 4527 sntisciorum
432 4476 492 4524 locis
510 4475 569 4524 nulli
587 4477 705 4538 planetae
725 4476 840 4530 existant,
860 4474 897 4522 vel
917 4488 949 4523 ιι
968 4474 1084 4536 planetae
1103 4474 1152 4523 illio
1171 4474 1306 4522 existentes
1323 4472 1425 4535 majoris
1442 4472 1543 4523 virtutis
1561 4475 1640 4523 ens-

258 4562 314 4599 ιιιι
332 4549 403 4613 quasi
422 4547 448 4595 iu
466 4547 524 4610 ipsis
544 4548 640 4611 angulis
659 4561 713 4595 esse
732 4546 904 4595 existimantur
926 4547 952 4593 in
971 4543 1123 4594 directione?
1161 4543 1222 4605 (K.:
1249 4543 1306 4593 Non
1324 4544 1361 4593 slc
1378 4544 1413 4592 ιιι
1429 4541 1523 4594 bomo!
1561 4543 1636 4594 Pis-

255 4626 331 4670 uetae
350 4619 482 4669 autiscium
500 4633 550 4667 nou
569 4624 684 4682 operatur
701 4618 747 4666 nisi
767 4617 800 4665 ad
819 4617 931 4666 cardines
949 4614 1055 4676 muudi.)

344 4691 543 4769 Keplerus:
577 4690 623 4750 De
652 4689 789 4749 antisciis
817 4707 864 4749 me
895 4707 953 4750 non
982 4687 1159 4769 percepisti,
1189 4686 1287 4748 dicam
1314 4685 1437 4747 clarius.
1475 4684 1628 4747 Antiscis

255 4777 330 4843 nibil
356 4778 537 4863 promittunt
565 4777 629 4840 Soli
656 4777 705 4837 vel
736 4777 859 4849 Lunae,
891 4777 946 4838 scd
977 4785 1094 4839 ιιιιιιι
1123 4774 1299 4838 ascendenti
1327 4782 1361 4835 et
1386 4774 1432 4837 ιι.
1457 4771 1495 4838 G.
1519 4771 1620 4858 signi·
