3366 5482
172 265 235 334 tto
681 263 796 330 Mysten
815 262 1015 330 Gfflwlld

167 427 247 491 iuter
271 446 305 489 se
329 433 449 489 etcum
473 426 593 504 integra
615 431 790 486 consonent.
806 421 835 499 h)
881 424 974 485 Porro
1000 427 1141 502 quotuam
1168 419 1332 483 illiusmodi
1360 436 1454 482 voces
1477 434 1530 481 oc·

168 524 298 591 currant,
324 535 414 579 aures
437 515 582 577 indicant.
630 513 696 593 Ego
720 513 875 575 schemate
900 519 931 573 et
954 510 1083 572 numeris
1108 508 1214 571 dicam.

260 914 340 976 Vide
365 934 442 976 nnnc
468 923 499 975 et
522 914 605 994 ipsas
629 912 811 985 harmonias,
835 924 866 973 et
889 911 989 973 fidium
1011 909 1220 991 proportiones
1244 908 1273 970 in
1298 907 1449 970 numeris:
1481 906 1530 971 uhi

167 1003 274 1066 nota
264 1022 327 1065 uma
350 1003 502 1084 significat
529 1021 634 1064 vocem
662 1001 799 1081 integrae
826 1000 912 1075 fidis,
945 1020 1085 1081 suprema
1115 1017 1219 1060 vocem
1246 996 1342 1076 partis
1370 994 1528 1073 brevioris,

166 1092 265 1156 media
288 1110 392 1153 vocem
421 1092 517 1172 partis
546 1090 708 1171 longioris;
742 1109 881 1152 numerus
916 1089 993 1152 imus
1022 1088 1136 1150 indicat
1164 1087 1193 1149 iu
1223 1094 1296 1166 quot
1323 1093 1428 1166 partes
1456 1084 1530 1167 fides

166 1180 328 1242 dividenda
351 1180 412 1254 sit;
406 1180 609 1368 reliqui,
582 1178 784 1258 longitudines
808 1178 949 1259 partium

990 1336 996 1343 .
1175 1298 1294 1343 ΣΞ
1350 1287 1463 1328 ,—

165 1304 395 1453 l‘-
463 1295 853 1583 ᾖ
1004 1443 1057 1451 -
1173 1283 1470 1705 ᾗ

43 1586 46 1591 Ξ
164 1549 417 1733 {0}ss
452 1373 631 1735 ΞΞέ
615 1530 940 1724 ,lg—*¹⁴:2-
1005 1657 1123 1723 ‘ct-
1074 1589 1242 1723 ἐ’ΞΞ
1300 1539 1518 1735 {xp-¹

251 1757 296 1818 ··At
284 1766 354 1837 tque
379 1757 435 1817 hae
459 1759 543 1819 solae
568 1776 658 1821 voces
682 1758 754 1819 mihi
779 1757 934 1819 naturales
954 1757 1105 1828 videntur,
1129 1765 1290 1837 propterea
1314 1755 1393 1836 quod
1416 1754 1529 1817 habeut

162 1846 365 1908 indubitatum
389 1846 591 1921 numerum.¹)
639 1844 768 1910 Ceterae
796 1866 887 1908 voces
918 1866 975 1907 non
1004 1853 1134 1924 possunt
1163 1853 1248 1907 certa
1270 1845 1468 1925 proportione
1491 1842 1528 1906 ad

157 1935 221 2014 jam
237 1934 354 2014 positas
370 1935 507 2014 exprimi.
520 1930 565 2008 ⁸⁰)
603 1936 682 1996 Nam
697 1954 801 1997 vocem
817 1937 842 1996 F
861 1935 893 1995 la
911 1943 953 2007 ut,
979 1934 1069 1995 aliam
1094 1933 1172 1997 exG
1196 1936 1242 1997 sol
1266 1935 1298 1996 fa
1321 1941 1364 2008 ut,
1389 1933 1528 2012 desuper,

163 2023 254 2085 aliam
278 2042 316 2083 ex
338 2023 364 2082 B
389 2024 429 2084 mi
452 2024 534 2085 molli
558 2024 682 2085 iuferius
707 2024 823 2097 elicies,
837 2023 867 2097 ¹¹)
901 2032 1051 2104 utcunque
1079 2023 1136 2084 hae
1165 2023 1242 2084 duae
1260 2023 1417 2103 perlectae
1439 2021 1528 2102 quiu-

163 2117 213 2172 tae
238 2130 306 2172 esse
329 2106 553 2183 videantur.⁸¹)
591 2110 654 2173 Sed
678 2112 812 2174 adrem.
858 2112 962 2174 Prima
986 2120 1016 2173 et
1041 2112 1173 2174 secunda
1196 2111 1357 2174 concordia
1381 2111 1528 2192 quodam-

162 2199 250 2261 modo
274 2199 376 2261 sociae
399 2208 486 2273 sunt;
511 2201 555 2262 sic
579 2201 673 2262 etiam
697 2199 802 2280 quinta
816 2210 848 2263 et
862 2211 960 2263 sexta.
1000 2198 1075 2263 Cum
1099 2201 1179 2262 enim
1202 2201 1399 2280 imperfectae
1424 2218 1529 2262 omues

162 2285 280 2362 sint¹):
305 2287 394 2349 binae
418 2307 551 2368 semper,
577 2309 637 2351 una
660 2289 749 2363 dura,
773 2291 871 2352 altera
895 2290 1010 2364 mollis,
1033 2290 1223 2370 conspirant,
1247 2297 1282 2351 ut
1305 2286 1434 2368 siugulis
1457 2306 1528 2369 per-

163 2376 252 2439 lectis
268 2377 486 2456 quodammodo
497 2378 743 2458 aequiparentur.
779 2380 844 2442 Nec
869 2379 1029 2440 admodum
1054 2379 1192 2441 diversas
1215 2378 1379 2442 divisiones
1403 2377 1526 2439 habeut

161 2467 242 2528 Nam
272 2459 303 2544 Ἰ,
332 2473 365 2527 et
396 2459 425 2547 Ἰ,
454 2486 522 2528 sese
547 2467 661 2529 habent
684 2468 722 2528 ad
746 2468 891 2542 invicem,
922 2477 955 2529 ut
983 2463 1035 2552 ll„
1063 2476 1095 2529 et
1123 2461 1194 2547 ⁶l„,
1227 2486 1303 2548 quae
1327 2473 1445 2528 tantum
1470 2484 1529 2527 uua

162 2555 320 2633 trigesima
344 2554 494 2616 differunt.
542 2554 594 2617 Sic
625 2551 657 2637 Ἰ,
686 2565 717 2617 et
747 2550 779 2638 Ἰ,
809 2576 842 2617 se
866 2557 979 2618 habent
1002 2558 1041 2618 ad
1065 2556 1202 2639 invicem,
1228 2564 1262 2618 ut
1291 2551 1358 2634 ¹7„
1386 2562 1419 2617 et
1445 2549 1526 2638 “lm

162 2643 304 2704 differunt
342 2643 434 2722 igitur
466 2652 582 2706 tantum
616 2665 676 2707 uua
709 2646 940 2725 quadragesima
976 2646 1136 2725 particula.
1192 2645 1295 2725 Atque
1328 2644 1373 2707 ita
1404 2643 1526 2724 proprie

163 2732 319 2811 loquendo,
345 2739 463 2794 tantum
489 2735 617 2816 quinque
638 2735 666 2795 in
682 2736 797 2796 musica
818 2735 963 2796 habemus
987 2735 1173 2810 concordias,
1198 2735 1236 2795 ad
1261 2752 1415 2796 numerum
1438 2733 1526 2814 quin-

162 2838 219 2900 que
243 2839 410 2899 corporum.
459 2821 548 2894 Quod
572 2824 597 2885 si
622 2833 739 2904 septem
764 2824 943 2886 divisionum
967 2824 996 2883 in
1021 2819 1056 2896 6,
1082 2823 1112 2897 5,
1136 2819 1172 2897 cl,
1198 2820 1232 2898 3,
1257 2819 1292 2897 8,
1317 2821 1352 2895 5,
1378 2820 1416 2898 2,
1442 2841 1526 2883 com·

160 2927 277 2970 munem
301 2909 455 2972 minimum
478 2911 630 2973 dividuum
655 2931 793 2991 quaeras,
818 2932 935 2974 rursum
957 2913 1093 2974 invenies
1121 2910 1192 2987 120,
1215 2919 1250 2973 ut
1274 2930 1372 2990 supra,
1398 2929 1467 2973 cnm
1491 2910 1527 2972 de

160 2998 306 3059 divisione
330 2998 445 3061 zodiaci
471 3019 638 3080 ageremus,
647 3004 682 3075 ¹¹¹)
705 3002 907 3081 perfectarum
931 3021 1002 3063 vero
1026 3001 1252 3062 concordiamm
1268 2999 1421 3080 minimum
1447 2999 1526 3062 diri·

160 3087 249 3149 duum
273 3106 390 3149 rursum
417 3087 473 3151 12:
499 3091 589 3169 plane
614 3090 699 3170 quasi
722 3091 877 3170 perfectae
901 3090 1081 3154 concordiae
1106 3112 1124 3152 a
1147 3091 1295 3170 quadrato
1320 3096 1352 3150 et
1375 3089 1528 3170 triangulo

160 3176 236 3251 cubi,
262 3177 408 3239 tetraddri
433 3186 465 3240 et
488 3179 633 3249 octaedri,
658 3179 852 3259 imperfectae
879 3198 949 3241 vero
974 3200 993 3240 a
1016 3180 1184 3258 decaogulo
1208 3178 1388 3259 reliquorum
1401 3179 1528 3241 ducrum

104 3289 108 3297 ·
161 3283 318 3346 corporum
340 3267 542 3345 provenirent.
559 3271 587 3342 ¹)
634 3269 736 3347 Atque
760 3269 835 3330 haec
865 3268 999 3330 secunda
1027 3275 1077 3329 est
1104 3285 1261 3347 corporum
1289 3266 1432 3346 coguatio
1462 3286 1529 3328 cum

160 3354 328 3414 concordiis
352 3355 483 3417 musicis.
532 3355 594 3419 Sed
618 3357 688 3437 quia
712 3376 821 3419 causas
849 3356 938 3436 hujus
967 3357 1157 3436 cognationis
1185 3357 1374 3434 ignoramus,
1405 3356 1528 3419 difficile

160 3450 209 3503 est
231 3443 458 3506 accommodare
483 3444 618 3526 singulas
642 3446 814 3508 harmonias
838 3446 964 3524 singulis
989 3446 1174 3526 corporibus.
1190 3448 1217 3519 ⁰)

249 3531 398 3593 Videmus
423 3533 541 3613 quidem
566 3535 641 3595 duos
672 3535 893 3596 harmoniarum
926 3534 1064 3609 ordines,
1099 3542 1163 3596 tres
1192 3533 1345 3613 simplices
1372 3533 1528 3612 perfectas

158 3627 191 3681 et
214 3619 289 3681 duas
313 3621 448 3700 duplices
472 3622 689 3702 imperfectas:
718 3625 796 3685 sicut
819 3624 879 3684 tria
901 3623 1046 3702 primaria
1071 3642 1214 3702 corpora,
1245 3622 1302 3683 duo
1326 3623 1526 3685 secundariae

159 3727 262 3770 verum
285 3728 352 3770 cum
375 3710 492 3790 reliqua
515 3731 572 3773 non
604 3713 799 3782 conveniant,
831 3712 999 3773 deserenda
1027 3720 1075 3774 est
1103 3712 1178 3773 haec
1210 3709 1383 3773 conciliatio
1408 3719 1441 3774 et
1466 3712 1527 3775 alia

72 3874 74 3884 Ι
159 3797 314 3874 tentanda.
330 3802 359 3873 1’)
406 3799 523 3881 Nempe
548 3800 626 3862 sicut
650 3801 859 3863 dodecaedron
889 3809 920 3862 et
949 3802 1126 3863 icosaddron
1156 3820 1210 3862 suo
1240 3800 1410 3879 decangulo
1434 3819 1528 3881 supra

159 3895 307 3949 auxerunt
330 3888 545 3951 duodenarium
568 3908 661 3970 usque
686 3891 725 3951 ad
753 3888 829 3963 120,
863 3890 906 3951 ita
934 3890 982 3952 hic
1011 3891 1207 3970 imperfectae
1240 3888 1415 3950 harmoniae
1445 3889 1527 3952 idem

160 3976 285 4038 faciunt.

247 4065 345 4126 Erunt
374 4065 466 4143 igitur
493 4067 531 4127 ad
560 4066 686 4140 cubum,
720 4067 878 4146 pyramide
907 4074 940 4128 et
968 4068 1130 4128 octaedron
1156 4064 1430 4127 accommodandae
1454 4084 1526 4145 per·

160 4153 259 4214 lectae
283 4154 471 4229 harmoniae,
501 4157 540 4217 ad
568 4155 779 4217 dodecaedron
804 4165 835 4215 et
859 4156 1038 4217 icosa‘edrou
1063 4157 1267 4235 imperfectae.
1315 4153 1383 4224 Quo
1408 4154 1528 4217 accedit

159 4249 191 4301 et
213 4241 286 4303 illud
309 4252 400 4321 atque
424 4244 523 4306 hercle
546 4245 677 4306 iudicem
701 4243 828 4322 digitum
852 4244 890 4305 ad
910 4262 1033 4306 causam
1055 4245 1161 4306 harum
1177 4263 1275 4305 rerum
1290 4242 1528 4306 occultissimam

158 4329 301 4403 intendit,
318 4334 346 4402 l)
378 4333 456 4411 quod
485 4333 620 4412 proximo
650 4333 750 4413 capite
779 4332 972 4394 habebimus:
1007 4334 1081 4394 duos
1111 4352 1216 4412 nempe
1247 4353 1315 4394 esse
1339 4334 1527 4409 geometriae

158 4420 327 4494 thesauros,
350 4439 458 4480 uuum:
482 4421 644 4483 subtensae
659 4423 689 4483 in
705 4423 882 4501 rectangulo
898 4422 1045 4483 rationem
1060 4423 1098 4483 ad
1114 4422 1221 4495 latera,
1245 4422 1391 4482 alterum:
1416 4420 1527 4483 lineam

158 4517 295 4571 extrema
318 4515 350 4570 et
364 4509 463 4571 media
482 4511 599 4571 ratione
615 4520 740 4584 sectam,
756 4515 781 4583 ¹.)
806 4530 929 4591 quorum
953 4531 989 4571 ex
1015 4511 1065 4572 illo
1090 4510 1167 4579 cubi,
1191 4509 1357 4591 pyramidis
1381 4517 1414 4571 et
1437 4518 1525 4572 octa·

158 4598 223 4661 edri
256 4598 441 4661 constmctio
474 4599 558 4672 fluit,
598 4619 636 4660 ex
668 4601 724 4661 hoc
758 4618 829 4661 vero
867 4599 1051 4662 constructio
1086 4599 1266 4661 dodecaddri
1300 4606 1333 4660 et
1365 4596 1525 4662 icosaddri.

159 4688 246 4750 Unde
270 4696 333 4750 tam
358 4687 459 4750 facilis
483 4697 515 4751 et
538 4689 685 4766 regularis
710 4697 759 4750 est
782 4688 938 4767 inscriptio
962 4688 1126 4769 pyramidis
1145 4689 1176 4750 in
1193 4687 1310 4762 cubum,
1335 4687 1473 4750 octaedri
1496 4686 1526 4750 iu

161 4782 337 4858 utrumque,
371 4775 452 4840 sicut
477 4776 660 4840 dodeeaedri
688 4777 717 4839 in
747 4777 935 4840 icosaedron.
983 4778 1026 4842 Ut
1053 4784 1155 4842 autem
1183 4777 1320 4859 singulae
1352 4775 1526 4851 humaniue
