3366 5482
444 276 506 344 178
806 332 809 343 Ι
952 271 1063 334 Mysterll
1084 269 1284 335 Cosmoqraphlol

510 439 566 502 ·„si
589 452 682 490 rerum
704 434 770 488 dioit
784 432 1003 510 Ptolemaeus
1027 431 1061 482 de
1083 437 1158 482 motu
1181 445 1325 498 corporum
1340 432 1544 487 mundanorum
1572 442 1606 490 et
1628 436 1668 490 di

442 521 572 584 „orbium
596 525 662 571 tuno
684 515 763 568 nulla
775 519 820 566 est
833 517 963 564 oonstans
986 515 1017 562 et
1031 509 1154 562 identioa
1176 524 1228 578 per
1242 525 1336 562 omnes
1359 511 1492 579 planetas
1516 516 1669 584 proportio

442 618 508 664 „seu
523 597 720 670 periodisorum
735 601 888 661 temporum
902 591 936 642 ad
951 590 1040 642 orbes.
1639 636 1644 645 ι

522 678 569 741 „si
591 691 688 730 rerum
710 674 777 726 dioit
799 670 920 739 Tyoho
941 668 1118 728 Braheus,
1147 666 1238 720 Solem
1262 668 1370 736 quidem
1395 686 1456 723 esse
1481 680 1610 726 nentrum
1635 675 1677 744 pl

442 760 587 830 „quinque¹
609 754 697 808 veluti
711 753 829 823 quinque
844 749 1037 818 epioyolorum‚
1053 747 1166 799 Terram
1180 762 1246 799 vero
1261 764 1322 798 esse
1338 756 1463 802 centrum
1478 751 1555 804 orbis
1570 753 1656 818 Solis,

442 839 619 911 „quiescente
632 834 680 887 Sol
704 833 852 885 circumeat
874 835 990 896 portans
1014 834 1042 878 et
1066 825 1167 878 lnxsns
1189 834 1314 895 systema
1333 835 1422 881 totum
1446 829 1656 899 planetarium:

443 918 567 990 „quidem
582 915 679 968 eadem
701 908 844 982 proportio
857 905 1055 976 periodioomm
1070 912 1222 973 temporum
1242 907 1277 957 ad
1299 908 1381 960 orbes
1402 924 1454 976 per
1468 924 1563 963 omnes
1583 913 1675 983 plane

443 998 526 1058 ..lieet
539 992 682 1065 proportio
696 990 868 1060 periodorum
885 983 976 1054 (verbi
999 999 1092 1045 causa,
1108 983 1182 1036 Solis
1201 990 1232 1037 et
1245 981 1360 1053 Martis)
1375 994 1421 1039 est
1444 990 1638 1059 sesquialtera
1657 1010 1677 1064 p

443 1077 503 1139 „nis
518 1074 623 1128 orbium
638 1085 755 1130 suorum,
779 1069 827 1121 sed
842 1072 931 1119 motus
944 1081 999 1119 non
1014 1064 1050 1116 ab
1065 1065 1159 1117 eodem
1173 1071 1269 1117 oentro
1283 1065 1471 1135 dispensatur.
1493 1078 1588 1124 motus
1602 1073 1680 1128 euim

443 1157 638 1226 „planetarum
651 1151 725 1203 eirea
738 1148 829 1202 Solem
843 1146 1021 1214 dispensatur
1036 1158 1054 1195 a
1066 1142 1141 1206 Sole,
1165 1151 1255 1197 motus
1270 1162 1336 1197 vero
1351 1146 1423 1199 Solis
1443 1147 1518 1201 eirea
1531 1150 1652 1206 Terram
1675 1181 1678 1199 ·

443 1243 507 1298 „tur
520 1249 540 1288 a
552 1233 655 1291 Terra:
677 1236 708 1283 at
722 1228 761 1282 sio
775 1227 822 1280 Sol
836 1226 1022 1295 planetarum,
1047 1222 1134 1277 Terra
1146 1238 1212 1277 rero
1226 1223 1299 1277 Solis
1313 1233 1404 1279 motor
1417 1227 1609 1284 constituitur.

522 1312 569 1375 „si
589 1310 705 1379 denique
719 1323 814 1360 rerum
828 1305 895 1358 dioit
907 1302 1158 1364 Aristarchus,
1182 1303 1275 1357 Solem
1296 1321 1359 1357 esse
1374 1313 1498 1359 centrum
1521 1316 1552 1362 et
1567 1312 1676 1383 quisqu

441 1393 593 1458 „turiurum
614 1389 719 1444 orbium
743 1393 773 1439 et
791 1384 865 1438 sexti
879 1384 971 1442 etiam.
996 1381 1042 1450 qui
1056 1381 1193 1435 Tellurem
1211 1382 1297 1445 vehit.
1322 1390 1356 1437 ut
1367 1384 1433 1438 Sole
1447 1388 1611 1454 quiesoente
1626 1393 1679 1447 Tel

442 1473 590 1545 „planetas
605 1475 713 1523 ceteros
728 1467 802 1519 oiroa
815 1463 909 1519 Solem
922 1462 1055 1515 vehatur:
1074 1468 1141 1515 tuno
1156 1462 1279 1517 binorum
1293 1480 1516 1536 quorumeunque
1531 1469 1654 1537 planeta
1678 1496 1681 1517 .

440 1554 531 1617 „inter
543 1568 575 1604 se
589 1547 795 1618 proportionem
806 1543 890 1597 talem
901 1542 1015 1602 liabent,
1028 1556 1100 1609 quae
1110 1543 1179 1595 duas
1189 1542 1288 1596 tertias
1298 1545 1501 1613 complectatur
1511 1551 1675 1617 proportio

440 1635 560 1696 ΑΜ,
576 1629 622 1682 vel
643 1625 785 1696 proportio
804 1622 977 1691 periodorum
1000 1627 1046 1672 est
1059 1621 1259 1688 perfeetissime
1278 1624 1465 1692 sesquialtera
1482 1630 1677 1696 proportionis

440 1718 489 1776 „et
500 1716 591 1765 motus
605 1715 664 1761 tam
678 1704 797 1759 Telluris
816 1717 897 1770 quam
917 1707 1069 1753 oeterorum
1090 1700 1209 1770 quinque
1228 1718 1265 1754 ex
1284 1703 1364 1755 unioo
1386 1703 1463 1757 sonte
1478 1706 1584 1760 Solaria
1607 1728 1642 1764 oo
1666 1738 1671 1756 .

442 1833 456 1856 „
479 1797 603 1845 ensatur.

459 1810 478 1862 P
520 1869 590 1932 „Hio
598 1866 679 1920 nulla
689 1863 825 1932 planeest
833 1859 972 1928 exceptio,
981 1859 1122 1928 proportio
1132 1867 1178 1912 est
1187 1860 1370 1915 munitissima
1378 1879 1416 1916 ex
1426 1870 1546 1934 utroque
1554 1867 1665 1934 latere;

441 1950 567 2022 „quidem
587 1961 686 2001 sensus
707 1948 881 1995 attestant-ur
901 1946 1117 1993 astronomorum
1132 1941 1340 1996 observationes
1366 1943 1544 2012 quotidianae
1570 1963 1633 2003 mm
1658 1968 1676 2005 o

441 2030 563 2093 „tilitate
577 2042 645 2079 sua:
669 2040 707 2075 ex
721 2028 803 2089 parte
817 2036 882 2072 vero
897 2018 1012 2071 rationis
1037 2019 1207 2088 astipulatur
1222 2021 1301 2074 nobis
1315 2022 1495 2076 Aristarchus
1519 2025 1546 2078 in
1561 2043 1639 2095 gene
1663 2058 1665 2075 ÷

441 2108 551 2178 „specie
572 2121 638 2158 vero
660 2116 763 2155 causae
787 2105 940 2166 suppetunt
962 2097 1197 2162 evidentissimae.
1229 2102 1323 2169 posita
1343 2102 1438 2171 speeie
1466 2103 1660 2164 immateriale

441 2187 572 2253 „Solaria
597 2199 646 2237 our
669 2178 811 2250 proportio
834 2178 936 2229 debeat
950 2192 1011 2229 esse
1035 2195 1084 2231 neo
1105 2179 1213 2248 simpla,
1238 2198 1289 2233 neo
1302 2182 1398 2250 dupla,
1421 2183 1470 2237 sed
1491 2184 1578 2252 plane
1602 2205 1682 2261 eosq

441 2281 562 2333 „causae
580 2262 667 2317 etiam
689 2264 856 2326 suppetunt,
884 2272 932 2310 our
953 2256 1000 2311 Sol
1024 2257 1116 2325 potius
1138 2260 1240 2314 Terrae
1267 2267 1300 2314 ut
1321 2261 1500 2329 planetarum
1527 2273 1680 2324 oeteroru..

441 2348 547 2411 „Terra
560 2342 632 2397 Solis
648 2347 735 2395 motor
749 2353 811 2390 esse
824 2336 925 2405 possim
949 2335 1066 2405 denique
1085 2339 1214 2395 naturale
1228 2340 1345 2394 rationis
1369 2341 1461 2397 lumen
1482 2343 1581 2408 dietat,
1604 2348 1677 2420 dign

440 2424 550 2496 „magis
563 2418 773 2490 archetypieam
796 2432 858 2469 esse
879 2416 998 2486 speeiem
1020 2433 1132 2486 operam
1147 2420 1210 2481 Dei.
1232 2420 1255 2472 si
1269 2429 1360 2475 motus
1375 2438 1468 2475 omues
1491 2425 1527 2477 ab
1544 2441 1601 2479 uno
1616 2427 1665 2482 fon

441 2521 542 2577 „quam
555 2503 578 2556 si
593 2500 719 2571 plerique
734 2495 840 2567 quidem
854 2498 891 2550 ab
905 2513 959 2550 uno
974 2496 1021 2549 illo
1037 2496 1123 2560 fonte,
1139 2499 1223 2552 sonus
1233 2515 1299 2553 vero
1315 2501 1401 2569 ipsius
1416 2504 1453 2555 ab
1462 2503 1520 2556 alio
1534 2504 1674 2574 ignobilio

523 2583 664 2646 „Aooedat
684 2594 750 2632 vero
765 2576 892 2630 formatio
914 2576 978 2645 ipsa
990 2579 1177 2647 proportionis
1199 2579 1305 2633 orbium
1319 2581 1432 2636 seorsim
1448 2591 1513 2637 ante
1527 2592 1620 2640 motus
1665 2612 1668 2632 =

442 2664 580 2736 „quinque
603 2661 709 2731 figuras
732 2664 762 2710 et
785 2673 834 2725 per
848 2656 1014 2711 harmonias.
1056 2657 1128 2713 liam
1151 2658 1173 2711 si
1188 2660 1314 2713 Braheus
1333 2677 1427 2715 rerum
1450 2663 1531 2725 dioit.
1556 2665 1650 2720 losum
1682 2703 1683 2713 ι

441 2746 574 2810 „habeut
590 2741 643 2795 nisi
657 2737 761 2794 adscito
776 2737 876 2790 cuculo
890 2738 984 2807 aliquo
998 2737 1116 2791 Telluris
1130 2740 1204 2793 inter
1218 2741 1298 2792 orbes
1312 2741 1412 2795 Martis
1426 2750 1456 2795 et
1471 2743 1589 2798 Veneris
1603 2764 1658 2816 per
1672 2749 1678 2760 '

441 2825 561 2889 „tionem
576 2821 774 2875 circumducto:
798 2824 828 2870 et
841 2817 918 2871 Deus
941 2834 996 2872 nou
1009 2817 1048 2869 rei
1064 2816 1159 2886 ipsius,
1183 2821 1232 2871 sed
1246 2820 1452 2891 imaginationis
1476 2824 1569 2891 potius
1585 2843 1646 2881 eur
1664 2853 1676 2875 ιι

441 2904 630 2973 „distorquens
655 2916 724 2970 opus
747 2898 836 2967 ipsum
857 2900 1028 2959 mundanum,
1053 2906 1085 2951 ut
1100 2899 1191 2968 operis
1206 2899 1371 2970 imaginatio
1394 2902 1513 2970 pulchra
1530 2921 1594 2960 esso
1608 2924 1676 2976 poss

441 2993 553 3049 „tamen
567 2981 692 3036 infinitae
707 2978 780 3034 aliae
795 2977 897 3031 similes
912 2978 1093 3048 imaginariae
1108 2979 1215 3047 species
1231 2979 1274 3046 (ut
1288 2981 1439 3037 stationum
1462 2989 1492 3036 et
1514 2990 1677 3058 retrograd

441 3071 575 3130 „eareant
589 3062 640 3117 tali
654 3069 772 3115 ornatu:
797 3066 828 3113 at
842 3058 864 3110 si
879 3074 973 3112 verum
987 3058 1054 3112 dioit
1066 3059 1253 3122 Aristarchus.
1279 3069 1344 3115 tuno
1358 3069 1474 3115 ornatus
1488 3062 1542 3117 iste
1566 3066 1676 3122 invenit

440 3145 564 3216 „speeies
579 3159 644 3197 vero
667 3138 849 3211 imaginariae
872 3155 974 3202 omnes,
999 3139 1078 3193 nulla
1098 3147 1228 3209 excepta,
1252 3141 1450 3210 permittuntur
1469 3145 1681 3201 necessitatibn

440 3245 474 3289 „o
495 3224 621 3279 tioarum.

475 3242 493 3295 p
520 3304 621 3367 „Hisce
644 3299 787 3371 perpensis
811 3315 893 3369 spero
916 3315 965 3352 ros
989 3313 1092 3368 aequos
1117 3300 1277 3370 dogmatum
1299 3317 1428 3356 oensores
1451 3301 1524 3365 iore.
1557 3322 1610 3359 neo
1634 3307 1682 3361 ho

440 3395 586 3458 „gesturos
607 3390 722 3437 ornatus
744 3395 857 3449 operum
877 3378 1029 3433 divinorum
1049 3379 1268 3450 exquisitissimi.
1309 3381 1439 3436 Valeas

990 3744 1110 3846 Caput
1136 3739 1245 3821 XXI.

827 3906 915 3985 Quid
937 3927 977 3968 ea
999 3906 1122 3988 defectu
1146 3905 1365 3989 oolliyendom.
1380 3913 1407 3982 ⁸)

527 4053 579 4116 Sic
602 4053 694 4133 igitur
717 4052 773 4113 hoe
798 4050 925 4111 alterum
949 4056 1157 4129 argumentum
1177 4047 1279 4123 habet,
1304 4067 1363 4130 qno
1381 4052 1540 4132 probatum
1560 4064 1610 4118 ost
1625 4058 1682 4120 Ari

436 4145 636 4216 auctoritate,
665 4141 800 4222 potiores
822 4158 892 4201 esse
916 4157 1009 4200 novas
1034 4137 1231 4220 hypotheses,
1260 4148 1421 4219 propterea
1444 4143 1522 4221 quod
1547 4162 1681 4223 pereas

438 4232 548 4313 duplici
572 4232 705 4305 nomine,
735 4240 768 4291 et
790 4227 913 4291 virtutis
936 4227 1102 4289 intentione
1127 4235 1158 4288 et
1181 4226 1339 4289 eeleritate
1361 4228 1492 4305 reditus,
1525 4233 1601 4296 liant
1628 4253 1678 4315 pr

436 4324 523 4384 usles
553 4321 724 4399 ἀποςημασι
753 4316 985 4399 Copemioanis‚
1019 4317 1098 4398 quod
1130 4316 1159 4377 in
1186 4325 1324 4379 veterum
1351 4318 1389 4379 de
1418 4321 1528 4381 mundo
1551 4324 1679 4387 traditio

437 4412 518 4475 nullo
540 4420 633 4493 pacto
655 4409 766 4490 potuit.
813 4410 916 4488 Atque
945 4407 1019 4469 haee
1052 4404 1170 4488 quidem
1203 4404 1291 4485 hujus
1321 4406 1358 4467 de
1387 4416 1468 4469 motu
1500 4417 1653 4477 tractatus

438 4502 505 4565 sola
527 4500 660 4563 debebat
683 4517 762 4561 esse.
810 4498 926 4559 Verum
948 4515 1007 4559 non
1031 4495 1153 4557 difficile
1177 4492 1249 4556 mihi
1272 4504 1322 4557 est
1350 4496 1514 4577 conjicere,
1542 4502 1657 4565 exstitu
1681 4533 1683 4555 ι

437 4592 628 4673 optaverint,
662 4597 696 4652 ut
723 4588 802 4650 hano
830 4585 967 4650 ultiumm
995 4584 1129 4665 opusculi
1157 4592 1276 4664 partem
1299 4584 1478 4648 omisissem.
1526 4587 1649 4654 Etenim
1680 4607 1683 4648 ι

438 4682 466 4743 gi
492 4700 595 4745 veram
622 4699 677 4762 per
704 4696 834 4758 corpora
859 4675 1084 4757 proportionem
1116 4673 1267 4736 coelorum
1299 4675 1532 4739 constituisses:
1565 4678 1671 4762 utiquo

439 4768 522 4832 illam
536 4772 759 4833 confirmarent
798 4765 925 4829 Veritas
943 4764 1024 4828 enim
1047 4783 1067 4824 a
1088 4781 1122 4825 se
1146 4762 1215 4842 ipsa
1237 4781 1296 4827 nou
1320 4764 1460 4829 dissidet.
1495 4767 1594 4850 atqui
1616 4771 1683 4834 iud-
