3366 5482
223 214 288 285 ιιι
644 216 1154 283 mammarumque·

222 379 353 461 spatium
376 396 413 438 ex
436 384 520 437 terra
543 376 654 448 exorti,
685 376 717 437 in
749 384 878 448 terram,
912 395 992 457 aqua
1015 376 1105 450 iacti,
1140 375 1287 440 recidunt.
1333 374 1418 438 Audi
1440 374 1583 450 rusticos,

222 468 341 569 qnando
365 465 501 527 imminet
524 465 634 527 nebula
657 467 795 538 aestiva,
828 465 955 536 nebula,
992 466 1126 544 inquam,
1152 474 1184 526 et
1206 464 1355 555 grando
1346 485 1377 526 m
1400 463 1511 526 eadem
1533 483 1582 526 re·

222 555 329 636 gione.
366 554 497 616 Etcum
520 553 574 615 tibi
600 554 683 615 calor
705 513 835 615 attrabit
857 574 972 622 crassa,
994 555 1043 632 qui
1069 554 1156 615 mihi
1164 573 1270 614 crassa
1289 546 1493 615 subtilizando
1513 572 1582 614 snr-

222 664 289 707 snm
312 651 488 724 ιιιοιιιοιει,
526 644 619 704 audes
642 643 735 703 etiam
761 642 877 721 copiam
908 643 1017 703 uirium
1054 643 1082 702 in
1107 643 1255 703 montosis
1287 662 1342 722 pro
1366 650 1398 702 te
1423 640 1582 715 adducere,

223 751 298 814 quae
322 731 483 794 manifeste
505 750 559 810 pro
583 751 629 792 me
654 731 753 792 facit?

311 819 373 882 Sed
397 820 511 881 directe
535 821 659 899 denique
684 837 880 896 responsurus
904 838 988 878 meae
1018 816 1183 896 objectioni
1213 819 1250 879 de
1283 816 1491 897 possibilitate
1514 818 1583 897 pln-

223 909 302 983 endi,
328 909 469 986 cingendi
494 909 521 969 iu
547 908 713 982 montanis,
739 907 875 984 coniugis
899 908 937 967 ad
963 927 1065 969 veram
1089 926 1229 980 causam;
1252 908 1388 986 proxime
1413 915 1510 979 stant,
1535 906 1583 969 in·

224 996 299 1079 quis,
325 997 493 1071 humorem,
519 998 568 1077 qui
591 998 630 1057 ab
653 997 771 1057 interno
796 996 938 1056 montium
964 997 1065 1058 calore
1090 1006 1194 1057 coctus
1219 996 1407 1057 sublimatur.
1457 993 1584 1057 Gratias

222 1104 291 1166 ago,
316 1105 385 1147 nam
409 1086 465 1147 hoc
490 1087 587 1164 ipsum
612 1085 678 1146 dico
702 1085 819 1163 etjam
842 1085 914 1145 olim
939 1086 1012 1145 diri.
1060 1082 1223 1162 Egregiam
1238 1103 1309 1145 vero
1333 1084 1494 1153 rationem,
1517 1103 1582 1147 cum

223 1174 370 1236 turbidine
394 1174 422 1233 in
446 1175 593 1235 Bohemia
616 1174 733 1234 coelum
758 1172 905 1245 dixisses,
940 1173 1010 1252 qnia
1034 1172 1074 1233 ibi
1097 1172 1232 1233 oriuntur
1255 1174 1396 1246 flumina,
1431 1173 1504 1252 quia
1527 1173 1582 1235 bu·

221 1262 322 1327 milior
343 1274 443 1334 terra,
478 1262 548 1342 quia
579 1263 617 1322 ob
650 1272 793 1323 montana
826 1261 906 1321 intus
939 1261 1099 1323 calentior!
1146 1262 1191 1322 At
1215 1262 1270 1322 tibi
1293 1282 1351 1322 non
1374 1262 1481 1340 placet
1513 1280 1583 1322 vers

221 1370 331 1424 canem
359 1352 390 1412 in
413 1350 522 1423 Daoia,
548 1351 664 1430 inquis,
699 1369 792 1428 vapor
816 1349 936 1411 subtilis
960 1351 1024 1410 sine
1048 1349 1151 1427 pluvia
1174 1349 1282 1411 iterum
1306 1350 1452 1412 miscetur
1476 1369 1581 1430 aquae.

211 1437 404 1502 invasore.
453 1441 485 1499 lu
509 1440 609 1500 Dania
633 1438 806 1517 superficies
830 1438 923 1498 maris
947 1450 1092 1517 vaporat,
1127 1447 1289 1516 propterea
1321 1438 1394 1499 nihii
1430 1439 1494 1500 sere
1528 1438 1582 1500 nisi

222 1547 307 1590 rores
330 1528 400 1588 inde
425 1528 571 1601 existunt;
597 1527 626 1587 in
651 1528 797 1588 Bohemia
822 1527 942 1588 fumant
966 1537 1066 1588 terrae
1092 1527 1210 1587 viscera
1234 1547 1355 1588 crassos
1378 1545 1521 1607 vapores.

311 1617 447 1678 Tandem
471 1624 577 1695 aperte
601 1616 760 1678 confirmas
785 1635 883 1676 meam
907 1617 1101 1688 sententiam,
1130 1625 1247 1677 montes
1271 1616 1339 1694 plns
1363 1614 1480 1677 habere
1504 1626 1580 1678 tom-

221 1712 385 1786 pestatnm,
410 1724 498 1784 qnam
522 1723 625 1775 mare;
649 1725 718 1765 nam
741 1704 842 1764 sidera
867 1705 973 1766 fortius
998 1705 1026 1766 in
1053 1704 1168 1764 solidos
1192 1714 1322 1777 montes,
1348 1723 1438 1783 qnam
1463 1706 1581 1766 mollem

222 1812 332 1874 aquam
356 1793 532 1872 impingunt.
579 1792 620 1854 Et
643 1793 700 1853 hoc
723 1811 782 1852 nou
806 1800 854 1854 est
878 1795 916 1855 ob
940 1803 1067 1858 montes.
1092 1793 1201 1872 inquis,
1228 1794 1315 1872 quasi
1339 1793 1407 1871 plns
1429 1794 1582 1865 exhalent,

223 1883 277 1945 sed
301 1883 339 1944 ob
364 1891 558 1961 serraquae
583 1882 651 1960 plus
670 1891 833 1961 operantur
857 1882 886 1942 in
909 1883 1097 1983 propositam
1122 1883 1159 1942 de
1183 1901 1239 1942 sua
1262 1881 1398 1942 essentia
1412 1883 1580 1945 materiam.

223 1968 259 2034 si
281 1971 349 2050 plns
374 1980 459 2031 astra
484 1990 521 2030 en
545 1969 696 2031 montibus
720 1970 862 2043 eliciunt,
901 1973 968 2050 plus
997 1971 1088 2049 igitur
1118 1972 1307 2049 saporabunt
1330 1980 1470 2047 montes,
1505 1972 1581 2052 quod

222 2059 312 2139 plane
336 2078 392 2137 ego
417 2059 581 2130 coutendo;
611 2059 748 2137 quamvis
772 2068 803 2118 tn
828 2078 932 2120 crasse
955 2059 1177 2161 ιιιιιιιιιιιιιιιιιιιι
1203 2060 1239 2120 de
1264 2071 1416 2120 astrorum
1440 2061 1470 2121 in
1495 2079 1580 2122 mon-

191 2197 195 2205 .
221 2158 270 2210 tes
294 2146 412 2210 fortiori
435 2148 579 2224 impactu.
626 2147 694 2207 Non
718 2148 811 2207 debes
837 2149 908 2209 milri
932 2151 988 2210 hoc
1011 2148 1189 2226 principium
1213 2149 1376 2227 imputare,
1406 2127 1487 2229 qirod
1511 2150 1580 2223 scis,

223 2256 243 2298 a
264 2254 311 2296 me
335 2236 364 2296 in
388 2235 667 2296 Dissertatiuncula
690 2236 814 2314 negari,
851 2247 903 2298 ant
927 2237 1028 2317 potius
1051 2238 1135 2299 illam
1160 2257 1197 2299 ex
1221 2237 1359 2316 professo
1382 2257 1501 2299 sumere
1525 2238 1581 2300 im·

221 2325 424 2404 pugnandam.

291 2429 321 2480 In
339 2428 416 2479 literis
435 2428 458 2478 ι
478 2428 502 2477 d.
524 2426 548 2476 2.
561 2427 624 2478 Dee.
639 2424 707 2475 1⁸02
727 2427 859 2490 Keplerns,
880 2430 1031 2494 respondens
1050 2431 1083 2479 ad
1102 2431 1272 2493 quaestionem
1286 2431 1392 2481 Fabricii
1410 2430 1443 2481 de
1461 2432 1484 2480 ri
1503 2438 1581 2482 astao-

222 2501 306 2567 logioa
323 2500 475 2550 nodorum
494 2498 597 2549 Lunae
616 2499 680 2548 baec
698 2500 845 2562 scripserat:

310 2571 356 2632 De
377 2571 463 2632 nodis
488 2572 550 2631 fere
574 2570 748 2649 persuades,
774 2569 830 2630 hoo
854 2570 984 2631 maxime
1009 2584 1195 2650 argumento,
1221 2573 1301 2652 quod
1325 2573 1484 2652 eclipticae
1508 2593 1582 2654 par·

222 2666 272 2722 tes
296 2660 428 2720 orientes
453 2659 512 2719 vim
535 2659 651 2720 babent
674 2658 853 2730 maximam,
886 2678 943 2719 non
969 2679 1042 2720 sane
1066 2661 1176 2733 aliam,
1213 2680 1302 2739 quam
1325 2662 1404 2740 quod
1436 2680 1582 2740 peream

223 2745 296 2817 sol,
324 2748 416 2826 juxta
444 2756 476 2808 et
498 2748 641 2825 planetae
664 2755 833 2808 transeunt.
881 2744 992 2816 Quidni
1022 2768 1094 2827 ergo
1118 2758 1149 2810 et
1172 2750 1223 2810 via
1247 2750 1351 2810 Lunae
1375 2749 1436 2811 vim
1460 2751 1582 2821 habeat,

222 2855 259 2899 ac
280 2836 404 2916 perinde
437 2836 531 2896 nodus
564 2835 731 2914 duplicem?
777 2833 839 2895 Sed
874 2834 958 2907 vide,
994 2837 1064 2915 quid
1099 2848 1252 2917 sequatur.
1298 2838 1378 2900 Nodi
1402 2839 1583 2918 reliquorum

221 2924 314 2988 etiam
338 2933 408 2986 sunt
431 2923 654 2984 considerandi.
701 2921 826 2993 Quanta
859 2924 1018 2985 multitudo
1052 2933 1082 2985 et
1119 2927 1217 3006 qualis
1251 2926 1404 2987 varietas!
1449 2929 1520 2990 dum
1553 2928 1581 2989 in

221 3013 356 3095 qualibet
379 3013 484 3092 genesi
508 3011 629 3091 propria
652 3020 700 3073 est
725 3013 775 3072 via
789 3013 903 3072 Lunae.
951 3012 995 3073 Tu
1020 3014 1121 3076 nescio
1137 3015 1206 3094 quid
1232 3014 1427 3095 impertinens
1452 3017 1489 3077 de
1509 3037 1583 3079 con·

220 3103 303 3164 fluxu
327 3102 454 3172 orbium,
479 3100 528 3181 qui
552 3101 625 3161 nulli
649 3109 720 3161 sunt
743 3100 772 3159 in
797 3101 890 3174 coelo,
916 3101 1016 3162 affers.

296 3190 335 3239 Ad
357 3190 420 3240 haec
446 3188 630 3245 Fabricius,
660 3203 765 3253 pergens
790 3191 815 3237 in
842 3188 918 3237 literis
945 3190 969 3237 d.
991 3187 1032 3238 il.
1053 3191 1110 3239 Feb.
1135 3186 1216 3246 1⁸0³,
1248 3193 1283 3240 sic
1302 3191 1441 3255 respondit:
1474 3189 1583 3241 Causam

225 3259 353 3311 efficaciae
372 3260 491 3309 nodorum
510 3259 597 3308 Lunae
623 3268 741 3322 exparte
766 3259 838 3309 retuli
864 3260 897 3307 ad
916 3274 1060 3310 concursum
1087 3262 1181 3309 orbium
1199 3261 1263 3310 Solis
1282 3269 1308 3312 et
1326 3263 1422 3311 Lunae.
1457 3261 1539 3321 Quod
1552 3262 1583 3313 ιιι

224 3331 380 3381 multitudine
400 3337 426 3381 et
443 3331 566 3380 varietate
585 3332 703 3379 nodomm
722 3330 816 3392 objicis.
836 3331 894 3378 nihil
914 3337 959 3380 est.
998 3331 1050 3380 Etsi
1075 3333 1140 3381 enim
1164 3333 1194 3381 de
1212 3334 1312 3397 reliquis
1330 3334 1402 3383 nodis
1419 3347 1470 3381 non
1490 3333 1581 3388 dubito,

223 3402 355 3467 quidquam
374 3409 459 3451 tamen
478 3403 538 3451 certi
557 3400 645 3451 aliene
664 3417 713 3451 nou
731 3416 837 3464 possum.
875 3401 915 3451 De
930 3401 1017 3451 Lunae
1036 3403 1106 3451 nodis
1125 3418 1164 3451 res
1183 3412 1271 3466 aperta
1289 3411 1340 3461 est;
1360 3418 1417 3454 cum
1435 3404 1512 3454 Luna
1528 3419 1581 3455 ma-

222 3474 288 3536 iores
308 3473 339 3523 sd
359 3472 461 3523 Terram
480 3474 542 3521 vires
561 3472 667 3530 babeat.
696 3479 794 3536 propter
811 3473 978 3529 vicinitatem,
1006 3488 1080 3536 quam
1099 3477 1225 3536 superiora
1243 3482 1325 3527 astra.
1353 3475 1411 3539 quid
1429 3476 1535 3535 mirum,
1562 3477 1583 3524 si

224 3543 295 3593 nodis
313 3544 401 3594 Lunae
420 3557 516 3607 quoque
534 3546 613 3605 major
631 3545 707 3593 virtus
726 3542 902 3605 adstipuletur,
922 3558 995 3606 quam
1015 3546 1118 3601 ceteris,
1137 3560 1238 3608 quorum
1256 3545 1313 3595 nodi
1333 3545 1458 3595 obscurius
1477 3559 1581 3611 operam

153 3618 159 3624 '
224 3612 282 3664 turi
318 3615 372 3680 Ego
391 3615 557 3678 experimento
577 3615 607 3664 de
625 3615 696 3665 nodis
715 3616 787 3664 nitor.
827 3613 919 3663 Credat
937 3615 1007 3672 alins,
1027 3630 1188 3725 quaecunque
1207 3617 1279 3674 volit,
1298 3617 1371 3666 modo
1389 3618 1523 3668 mmifsste
1541 3633 1581 3667 rs·

223 3686 293 3736 nitati
311 3687 359 3735 rim
377 3701 427 3735 non
446 3685 545 3734 inierat.

312 3773 494 3852 Keplerns
528 3774 572 3848 (in
596 3773 745 3837 literisd
772 3773 800 3835 d.
823 3771 854 3836 t.
880 3774 984 3846 Julii):
1022 3774 1069 3835 De
1092 3775 1178 3837 nodis
1202 3777 1306 3838 Lunae
1330 3777 1484 3842 subiratus
1508 3800 1581 3844 con-

223 3860 339 3923 cludis:
377 3880 434 3941 ego
459 3863 657 3940 experientia,
681 3862 789 3942 inquis,
816 3863 904 3933 nitor,
929 3862 1034 3924 credat
1054 3863 1146 3938 alins,
1172 3865 1241 3943 quid
1264 3866 1349 3928 velit.
1396 3867 1479 3948 Ergo
1504 3890 1581 3932 nnn·

222 3949 328 4012 ciabo:
363 3958 394 4012 et
426 3971 482 4031 ego
516 3953 629 4025 fateor,
663 3951 733 4012 mihi
763 3961 936 4030 suspectam
965 3961 1046 4012 tuam
1082 3954 1317 4031 experientiam,
1352 3964 1458 4036 utpote
1492 3958 1580 4022 nimis

223 4038 385 4112 subtilem3
417 4042 496 4102 malo
520 4058 592 4120 ergo
615 4040 759 4112 rationes,
785 4060 861 4120 quae
884 4050 1029 4119 praeeunt
1053 4041 1123 4114 illic,
1149 4044 1297 4104 credendo
1322 4045 1416 4125 sequi,
1444 4047 1581 4126 quamvis

223 4127 280 4190 lloc
303 4128 376 4189 nihil
401 4129 438 4190 ad
463 4129 671 4207 propositum3
697 4130 758 4190 lere
783 4129 871 4202 enirn,
898 4131 983 4202 scito,
1009 4137 1108 4191 tecum
1133 4132 1299 4193 consentio.

293 4232 479 4284 Fabricius:
513 4234 543 4283 Iu
562 4236 687 4284 sententia
706 4237 737 4284 de
755 4235 1034 4284 inclinationibus
1054 4242 1079 4285 et
1098 4240 1365 4300 temperamentis
1385 4236 1421 4302 (p.
1435 4236 1498 4296 ³22.
1517 4237 1581 4303 825)

221 4305 265 4356 tibi
278 4306 371 4370 partim
390 4307 507 4364 mentio,
526 4306 617 4368 partim
636 4321 693 4353 nou.
731 4305 769 4354 Tu
787 4306 976 4355 inclinationum
995 4321 1096 4357 eausam
1115 4308 1192 4357 refers
1210 4309 1242 4358 ad
1260 4311 1325 4372 ipsos
1337 4310 1461 4375 planetas,
1481 4317 1509 4361 et
1526 4319 1582 4376 post

221 4392 317 4442 quoque
341 4379 396 4440 ipsa
418 4382 617 4440 temperamenta
640 4377 806 4427 constituendi
830 4383 979 4441 potestatem
1001 4378 1049 4427 illia
1076 4379 1198 4428 attribuis.
1236 4380 1277 4430 Sic
1295 4396 1390 4446 quoque
1409 4381 1581 4434 tortitudinem

220 4454 249 4498 et
265 4448 419 4499 debilitatem
438 4449 474 4497 eis
492 4447 624 4508 concedis,
644 4447 781 4498 bonitatem
800 4463 857 4498 vero
876 4454 902 4499 et
920 4449 1040 4498 malitiam
1060 4449 1159 4498 aliunde
1178 4450 1287 4500 deducis.
1324 4452 1411 4517 Nego,
1443 4467 1509 4511 ,neo
1527 4461 1581 4505 arte

221 4532 269 4569 aec
295 4522 387 4570 ιιιιιιι
413 4533 529 4582 processu
555 4517 729 4569 inclinationes
757 4520 877 4577 mutari3⁸⁴
910 4521 963 4583 quis
992 4522 1057 4570 enim
1085 4521 1205 4570 attentius
1233 4528 1347 4572 aetatum
1373 4522 1516 4575 didereutia
1531 4540 1581 4575 non

221 4591 349 4655 cognoscit
366 4589 438 4639 simul
456 4589 647 4644 inclinationes.
667 4605 696 4639 ex
716 4593 801 4640 anima
818 4592 936 4640 sensitiva
955 4598 1028 4650 ortas,
1048 4591 1157 4641 mutari?
1194 4590 1354 4656 (Keplems'
1348 4609 1373 4643 ru
1391 4594 1506 4661 mugla
1523 4596 1580 4646 ltre-

221 4672 304 4709 rarum
317 4661 437 4711 Fabricii.
458 4661 543 4718 ,Male
562 4662 638 4710 refert
655 4675 712 4710 mea
730 4661 830 4711 verba!
868 4662 966 4711 Deinde
979 4663 1281 4727 adproximepraemissa
1294 4667 1475 4729 “aasentias
1496 4665 1582 4726 Νη

150 4739 161 4749 ·
222 4728 290 4780 dicit
328 4731 394 4784 Vide
412 4733 471 4797 quid
489 4738 517 4783 tu
535 4733 669 4796 scripseris.
673 4729 700 4793 ¹³)
739 4732 800 4794 Quis
819 4749 868 4784 non
886 4734 961 4790 ridet,
981 4733 1042 4784 alios
1061 4737 1152 4799 pueris,
1172 4735 1235 4784 alios
1249 4737 1344 4798 jurani,
1364 4736 1500 4797 ιιιιιιιιι,
1518 4737 1579 4791 abor
