3366 5482
687 273 990 340 anu-neees-
1456 274 1523 343 sue

155 431 233 492 inter
262 449 319 491 nos
346 431 463 493 existat
485 432 533 492 rel
564 432 718 493 levissima
743 432 885 505 offensio,
912 452 949 494 ne
978 433 1096 511 quidem
1120 452 1226 494 sexum
1250 434 1392 496 variavit.
1438 436 1523 497 Nata

156 518 226 580 mihi
251 527 301 580 est
323 520 387 581 filia
410 519 579 582 Susanna
607 521 722 581 decimo
755 521 802 580 die
830 520 1006 600 priusquam
1036 521 1091 583 tibi
1116 521 1241 596 Sabina,
1266 523 1381 583 oriente
1405 520 1520 598 20⁰5,

154 607 243 670 Luna
266 607 297 669 in
322 604 438 684 30⁰5.
478 607 637 689 Reliquum
663 608 766 669 therna
785 608 850 687 jam
875 608 963 669 facile
988 618 1157 673 construes.
1196 608 1283 679 Quod
1305 611 1383 672 diem
1399 610 1520 680 attinet,

156 696 250 757 iacies
274 697 353 757 coeli
374 696 481 775 troyae
504 707 571 758 erat
595 706 627 758 et
648 696 834 775 ἀναρμοςος,
859 716 927 758 curn
949 708 1073 776 praeter
1087 698 1267 761 Mercurium
1282 699 1381 761 nullus
1396 701 1522 778 planeta

155 785 285 845 alterum
309 785 497 864 adspiceret:
523 786 601 864 quod
616 785 720 845 horam
741 804 821 857 vero,
847 786 921 845 nihil
946 787 1044 863 potuit
1065 806 1132 848 esse
1159 787 1284 848 felicius.
1332 786 1395 848 Sed
1414 797 1520 849 osteu-

154 872 199 934 dit
221 873 301 935 hunc
333 892 448 954 quoque
482 873 598 934 foetum
621 874 704 934 Deus
736 883 767 934 et
793 873 911 952 eripuit.
959 874 1081 936 Mortua
1104 882 1153 935 est
1179 884 1368 955 apostemate
1394 875 1520 956 capitis:

154 961 259 1043 (elane
285 969 318 1023 ut
341 964 436 1024 l’rater
464 962 528 1045 ejus
553 971 624 1022 aute
649 966 775 1034 anuum)
809 981 876 1022 cum
901 962 1028 1023 vixisset
1057 964 1121 1024 dies
1146 960 1199 1025 35.
1247 963 1357 1025 Mortis
1380 965 1411 1026 iu
1436 965 1521 1027 coelo

153 1049 268 1111 nullum
292 1059 360 1112 erat
383 1050 516 1129 signum:
551 1070 644 1111 causa
667 1051 793 1128 pertigit
816 1069 853 1111 ex
877 1058 977 1123 utero,
1007 1071 1061 1113 seu
1085 1053 1182 1131 magis
1212 1072 1249 1117 ea
1272 1062 1372 1131 partu.
1420 1052 1520 1124 Quam

153 1138 179 1199 si
203 1138 289 1199 brevi
311 1148 400 1217 pater
424 1149 583 1219 sequatur,
618 1138 690 1199 nihil
716 1140 758 1199 illi
783 1139 951 1217 inopinanti
976 1140 1103 1201 accidet.
1150 1139 1225 1202 Cum
1250 1141 1328 1202 enim
1352 1143 1466 1220 passim
1490 1143 1519 1202 iu

152 1226 291 1305 Ungaria
318 1246 423 1288 cruces
453 1227 635 1307 sanguineae
669 1228 699 1287 iu
723 1228 875 1287 hominum
905 1228 1079 1306 corporibus
1111 1229 1230 1309 aliaque
1254 1229 1425 1308 hujusmodi
1449 1249 1518 1292 crn-

152 1323 225 1376 euta
248 1315 338 1394 signa
362 1316 390 1377 in
416 1316 529 1377 foribus
554 1316 706 1388 domuum,
746 1317 773 1376 iu
800 1315 946 1386 scamnis,
972 1316 1001 1376 iu
1026 1317 1190 1396 parictibus
1215 1327 1399 1398 appareant,
1426 1320 1519 1403 (quod

153 1403 335 1465 universalis
359 1405 553 1484 pestilentiae
579 1404 697 1482 signum
722 1411 852 1482 arguunt
875 1403 1047 1476 historiae),
1076 1407 1189 1485 primus
1214 1426 1270 1486 ego
1296 1407 1324 1466 in
1349 1407 1405 1468 bac
1435 1407 1518 1481 urhe,

152 1491 232 1570 quod
257 1493 371 1567 sciam,
404 1492 586 1554 cruciculam
614 1492 643 1552 in
676 1491 800 1553 sinistro
828 1493 906 1571 pede
935 1495 1127 1572 conspicatus
1154 1514 1233 1571 sum,
1268 1495 1352 1573 cujus
1377 1495 1459 1557 color
1482 1514 1519 1556 ex

152 1625 318 1705 sanguineo
342 1625 455 1687 dilutus
479 1626 509 1686 in
536 1627 660 1693 luteum,
698 1628 793 1686 forma
821 1634 853 1687 et
877 1626 1030 1706 quantitas
1054 1628 1142 1688 haec.
1195 1594 1287 1737 a&
1354 1628 1454 1689 Locus
1488 1629 1517 1689 in

151 1759 240 1838 pede,
264 1777 325 1838 qua
348 1758 469 1819 dorsum
494 1758 582 1837 pedis
607 1760 644 1819 ad
670 1759 768 1820 volam
793 1779 916 1839 vergere
942 1759 1060 1840 incipit,
1086 1758 1184 1821 medio
1208 1754 1307 1837 spatio
1330 1759 1410 1821 inter
1433 1758 1517 1820 radi-

152 1866 201 1909 ces
227 1847 321 1907 tibiae
346 1856 378 1907 et
401 1847 570 1926 digitorum.
618 1845 818 1922 Crediderim,
855 1867 912 1908 nou
943 1850 1001 1909 alio
1032 1847 1096 1907 loco
1124 1848 1214 1908 lixum
1244 1865 1311 1907 esse
1340 1848 1459 1909 clavum
1487 1848 1516 1909 iu

150 1936 226 2015 pede
252 1934 377 1997 Christi.
426 1934 556 2005 Quidam
589 1944 741 2014 guttarum
777 1938 1008 2015 sanguinearum
1042 1936 1158 2014 species
1193 1935 1357 1996 ostendunt
1385 1936 1414 1997 in
1448 1938 1518 1997 vola

150 2043 271 2097 manus,
307 2032 340 2085 ut
368 2024 466 2085 audio.
513 2023 593 2086 Nam
621 2023 668 2084 hic
697 2025 795 2086 adhuc
819 2026 891 2086 nihil
916 2026 1027 2101 simile,
1060 2032 1271 2105 praeterquam
1294 2024 1324 2084 iu
1349 2042 1407 2085 me.
1455 2023 1516 2086 Sed

151 2113 220 2175 rola
245 2111 369 2174 Christo
392 2120 424 2173 et
448 2113 514 2191 ipsa
537 2114 683 2174 transfixa
713 2122 770 2174 est.
819 2114 932 2175 Verum
963 2125 996 2176 ut
1023 2114 1144 2177 redeam
1174 2133 1194 2174 a
1221 2121 1318 2173 morte
1349 2113 1388 2172 ad
1413 2113 1517 2176 ritem.

152 2199 205 2263 Sul
230 2208 263 2262 et
286 2202 376 2261 Luna
399 2201 564 2262 Sabiuulae
589 2209 659 2260 tuae
684 2201 874 2262 stabulantes
895 2203 922 2263 in
940 2202 1127 2270 duodecima,
1152 2202 1238 2262 Luna
1261 2201 1426 2275 combusta,
1453 2203 1517 2262 dis-

152 2290 253 2352 soluta
285 2289 363 2351 coeli
395 2289 504 2362 iacies,
542 2289 625 2350 solus
648 2290 670 2364 b
693 2290 720 2349 iu
745 2282 825 2367 Uli,
860 2298 892 2351 et
920 2300 1004 2352 ortus
1028 2293 1056 2352 iu
1080 2283 1260 2368 [llongcb‚
1297 2289 1437 2351 ridentur
1461 2291 1515 2352 tibi

152 2397 268 2459 quoque
294 2379 372 2438 idem
396 2378 505 2451 dicere,
541 2379 617 2457 quod
643 2378 714 2438 rnihi
738 2380 858 2440 accidit.
907 2377 939 2440 Si
965 2387 989 2449 ό
1012 2398 1067 2457 per
1090 2375 1141 2451 24,
1155 2375 1249 2452 3011,
1274 2375 1338 2442 See
1363 2378 1514 2440 transiens

152 2466 224 2528 nihil
248 2466 385 2537 nocebit,
411 2466 561 2527 Saturnus
586 2475 685 2527 tamen
710 2486 789 2528 anno
818 2463 912 2541 1604,
928 2464 1027 2541 1605,
1057 2488 1123 2529 cum
1148 2476 1180 2528 et
1203 2466 1383 2528 directiones
1407 2486 1513 2529 acces-

152 2555 256 2629 serint,
281 2555 364 2615 ritae
387 2555 552 2634 periculum
576 2557 691 2615 afferet.

237 2643 298 2705 Hic
322 2643 401 2724 apud
426 2662 479 2703 nos
504 2644 679 2724 dysenteria
702 2643 846 2721 plurimus
870 2644 999 2705 omnium
1024 2651 1168 2718 aetatum,
1193 2644 1245 2705 sed
1265 2644 1359 2704 multo
1382 2643 1512 2707 maxime

153 2731 283 2794 infantes
312 2731 452 2793 absumit.
499 2730 614 2810 Aprilis
645 2730 722 2791 enirn
752 2731 936 2793 siccissimus
961 2741 992 2793 et
1016 2752 1082 2794 curn
1106 2740 1192 2794 aestu
1217 2732 1412 2794 fundamenta
1437 2733 1514 2813 jecit

152 2820 264 2883 aestati
287 2820 434 2891 torridae,
458 2840 534 2899 qnae
559 2819 694 2897 frugibus
718 2822 843 2881 multum
867 2821 980 2882 nocuit.
1031 2814 1124 2882 Stant
1147 2821 1195 2881 hic
1220 2819 1359 2894 arbores,
1388 2824 1512 2883 summis

152 2908 252 2970 aridae
278 2909 444 2979 frondibus,
467 2909 591 2987 perinde
618 2928 653 2968 ac
677 2917 843 2988 presterem
866 2928 994 2988 passae:
1025 2910 1079 2969 sed
1103 2929 1160 2969 non
1187 2917 1291 2970 aestus
1315 2909 1384 2970 illas
1409 2910 1512 2971 defor-

152 2999 245 3059 mavit
267 2997 457 3064 immediate,
489 2997 543 3058 sed
571 2998 658 3077 copia
681 2997 835 3058 vermium.
884 2997 917 3059 Si
946 2998 1051 3058 eadem
1084 3006 1155 3058 suut
1183 3016 1276 3076 penes
1300 3016 1372 3067 vos,
1412 3007 1512 3060 metuo

151 3096 217 3148 tuae
241 3087 354 3148 filiolae
377 3086 434 3146 hac
459 3092 578 3146 aestate
603 3085 708 3158 adhuc,
734 3105 771 3146 ue
796 3086 905 3148 similia
928 3087 1071 3166 patiatur.
1325 3078 1327 3087 '

219 3227 395 3283 Calamitates,
415 3240 477 3291 quas
497 3227 611 3286 diurnus,
631 3227 757 3290 publicas,
782 3227 868 3291 quibus
890 3227 933 3274 riri
956 3227 1082 3291 ingenium
1100 3225 1202 3274 liberum
1227 3226 1259 3275 ad
1277 3226 1343 3276 hauc
1361 3228 1510 3291 superstitio·

150 3312 204 3348 nem
222 3304 377 3362 pertractum
396 3304 448 3352 est,
467 3312 541 3362 qnam
560 3299 711 3360 praemissae
729 3305 854 3347 testantur
872 3298 973 3352 literae,
998 3303 1124 3346 exemeras
1142 3297 1268 3361 significat
1286 3297 1391 3360 epistola
1408 3297 1512 3361 Kepleri

150 3373 258 3434 ruperim
285 3366 355 3433 (pag.
376 3365 457 3428 299),
486 3383 577 3432 easque
594 3372 646 3430 jam
667 3375 764 3417 exortas
791 3370 902 3418 referunt
925 3369 1012 3417 literae
1039 3368 1071 3417 sd
1091 3368 1251 3417 Maestlinum
1270 3375 1296 3418 et
1313 3369 1469 3418 Hersartum
1488 3385 1510 3420 e.

149 3439 221 3490 bem
242 3441 302 3489 anni
324 3437 392 3488 1598
411 3439 486 3488 datae
513 3436 610 3502 (Cemp.
631 3456 654 3502 p.
676 3437 708 3487 39
729 3448 754 3488 et
773 3437 827 3500 69),
865 3440 937 3499 Quae
963 3441 988 3487 in
1013 3439 1051 3488 his
1070 3440 1127 3503 ipsis
1147 3439 1223 3488 literis
1252 3437 1306 3500 (29.
1327 3439 1392 3504 Aug.
1413 3437 1459 3500 99)
1486 3450 1512 3490 et

150 3513 177 3560 iis
194 3526 261 3576 qnae
284 3512 331 3560 has
348 3512 498 3560 subsecutae
523 3518 589 3566 sunt,
613 3512 721 3574 pluribus
750 3511 780 3560 de
809 3513 914 3560 turbatis
942 3512 1014 3559 rebus
1034 3510 1154 3572 Styriacis
1182 3525 1258 3576 aeger
1283 3511 1360 3559 animi
1377 3511 1510 3561 Maestliuo

150 3585 268 3639 nneiat,
302 3580 477 3645 Maestlinique
512 3597 656 3644 responsum
690 3597 775 3644 pamm
803 3583 885 3630 solatii
913 3583 1048 3644 praebens,
1084 3582 1200 3645 leguntur
1233 3596 1307 3645 snpra
1341 3596 1364 3645 p.
1394 3580 1424 3630 51
1458 3597 1511 3647 sqq.

153 3651 246 3712 Quibus
264 3654 384 3715 inspectis
404 3667 477 3700 neme
498 3653 559 3701 lorta
582 3653 718 3711 mirabitur,
739 3659 875 3715 temporum
894 3655 984 3714 injuria
1002 3659 1118 3701 vexatum
1131 3654 1316 3715 cruciatumque
1334 3654 1411 3700 virum
1429 3655 1511 3703 animo

150 3723 223 3774 lslsss
242 3724 391 3774 conturbato
411 3730 437 3772 et
455 3725 558 3777 incerto.
580 3730 606 3771 et
625 3724 657 3772 ad
676 3726 864 3785 superstitiones
884 3725 1010 3772 transiisse
1029 3737 1110 3785 paene
1129 3725 1216 3772 aniles.
1253 3707 1290 3772 So
1309 3725 1361 3786 ipso
1374 3738 1431 3772 vero
1450 3731 1512 3774 tem·

151 3809 217 3856 pare,
247 3802 397 3856 recuperata
414 3795 513 3856 propria
530 3801 635 3847 natrrra,
662 3796 838 3857 circumspexit
855 3795 979 3849 subsidia,
1005 3794 1092 3857 quibus
1111 3794 1156 3842 sibi
1176 3796 1275 3857 suisque
1294 3796 1384 3843 rictum
1402 3805 1512 3858 pararet,

151 3880 226 3930 saque
245 3867 358 3928 arripuit,
376 3879 441 3927 quae
460 3866 505 3926 ipsi
524 3872 622 3926 promta
640 3872 727 3922 eraut;
748 3881 804 3914 cnm
817 3865 936 3927 Tychone
955 3866 1008 3928 egit
1027 3865 1058 3913 de
1071 3866 1178 3913 nansitu
1191 3866 1216 3913 in
1228 3864 1382 3923 Bohemiam,
1401 3867 1511 3916 interim·

150 3949 201 3999 qus,
220 3937 280 3986 dum
298 3936 345 3985 hoc
363 3937 490 4000 negotium
509 3936 534 3984 in
553 3951 671 3997 suspenso
689 3936 827 3995 haerebat,
855 3935 1035 3985 concinnandis
1054 3935 1226 3984 nativitatibus
1244 3936 1392 3985 mediocrem
1412 3939 1512 4001 conqui-

151 4007 217 4057 rebat
235 4009 376 4072 pecuniam.
413 4007 481 4055 luter
500 4006 599 4068 Styriae
626 4008 721 4055 nobiles
747 4009 878 4070 praecipue
904 4007 1005 4055 larebat
1022 4006 1131 4069 Keplero
1150 4006 1211 4056 liber
1236 4007 1295 4055 baro
1321 4007 1352 4056 de
1371 4006 1510 4058 Herbar-

151 4081 254 4135 stsin,
273 4092 375 4141 praeses
394 4084 504 4126 statuum
524 4077 636 4139 styriae,
657 4079 697 4140 qui
718 4092 774 4126 cum
792 4079 838 4126 sibi
857 4080 903 4140 ipsi
921 4085 974 4126 tum
993 4078 1047 4126 aliis
1066 4078 1185 4126 nobilibus
1204 4078 1303 4139 saepius
1322 4079 1424 4141 expetiit
1441 4078 1511 4144 Kep-

151 4147 193 4198 lui
209 4149 388 4213 analogicum
405 4146 540 4209 judicium,
570 4148 619 4197 hac
636 4149 699 4197 torte
719 4151 794 4197 enam
813 4157 906 4207 mente,
926 4156 962 4204 ut,
982 4149 1124 4197 labentibus
1141 4150 1213 4198 rebus
1233 4147 1353 4210 Styriacis
1371 4156 1397 4198 et
1416 4153 1512 4201 aerario

152 4219 244 4280 mltos
263 4221 386 4284 angustiis
404 4234 504 4282 presse,
534 4219 669 4283 Keplerunr
688 4220 843 4271 sublevaret.
873 4233 978 4283 parcens
997 4220 1111 4283 dignitati
1130 4220 1174 4268 riri
1199 4235 1272 4284 quem
1290 4221 1375 4285 magni
1393 4222 1511 4271 faciebat.

154 4288 206 4354 agre
222 4306 280 4342 enm
301 4290 411 4353 Keplero
429 4291 562 4353 interprete
581 4305 640 4338 usus
666 4289 818 4339 colomanno
837 4290 1029 4353 Zehentmajero
1047 4292 1194 4347 secretario,
1221 4293 1293 4352 cujus
1311 4291 1396 4341 literas
1414 4292 1513 4343 exhibet

154 4357 289 4412 linsehins
307 4376 330 4425 p.
353 4357 404 4409 126
423 4375 457 4410 ss.
478 4362 550 4410 annis
573 4357 749 4410 rats-1600
768 4362 851 4410 datas.
888 4362 925 4410 Ex
943 4361 981 4409 his
999 4360 1062 4410 haec
1086 4368 1183 4410 tanturn
1203 4364 1380 4425 excerpsimus:
1413 4364 1510 4420 ,Gena-

154 4444 188 4480 ses
203 4440 261 4483 tuas
281 4446 435 4495 summepere
455 4432 616 4482 commendat
637 4433 778 4480 Generosus
805 4429 882 4492 (idem
899 4433 941 4482 ille
958 4428 1147 4493 Rementem),
1172 4440 1197 4482 at
1222 4433 1352 4496 aliquoties
1370 4433 1511 4490 affirmarit,

155 4507 178 4549 ts
191 4495 242 4553 ra'm
261 4519 311 4555 seu
328 4504 442 4568 tetigisse
460 4504 485 4551 in
506 4503 553 4552 illis
569 4504 685 4564 judiciis,
712 4517 776 4566 qnae
795 4502 924 4553 Nobilibus
947 4505 972 4551 in
991 4504 1092 4552 Austris
1110 4505 1251 4567 conscripta
1268 4511 1334 4552 suut.
1370 4503 1450 4552 Jussit
1467 4505 1512 4553 tihi

155 4572 310 4637 affluent,
324 4580 353 4623 ut
371 4573 519 4623 dilationem
536 4575 742 4623 remunerationis
761 4575 887 4637 patienter
905 4575 968 4623 lerre
986 4573 1060 4628 selis,
1086 4588 1164 4637 nsque
1183 4575 1241 4624 dum
1263 4574 1305 4622 ille
1323 4575 1455 4623 Graecium
1472 4589 1510 4624 rs·

144 4656 243 4706 nesus
269 4646 353 4695 merit„
391 4645 453 4693 Tum
481 4645 616 4694 honorilice
642 4645 686 4695 tibi
715 4644 833 4703 satisfiet,
865 4651 891 4695 et
916 4646 1017 4694 ulterius
1043 4651 1126 4694 tecum
1149 4652 1238 4709 agetur
1265 4644 1295 4694 de
1313 4645 1437 4693 nonnullis
1456 4645 1511 4696 aliis

148 4714 202 4775 ψ
216 4718 317 4783 perieris
334 4715 470 4766 laboribus.
509 4716 618 4767 Alterius
634 4715 722 4777 judicii
743 4729 821 4766 causa
838 4716 924 4779 scripsi
943 4716 976 4766 ad
995 4715 1146 4774 Gureldum,
1164 4714 1349 4780 provincialium
1368 4713 1476 4766 carniae
1496 4731 1511 4766 a

150 4790 265 4847 metis,
292 4795 321 4838 nt
339 4788 418 4837 instet
441 4787 472 4838 de
491 4785 639 4842 honorario,
662 4800 695 4838 ue
713 4784 823 4837 laborem
849 4793 875 4838 et
898 4800 999 4854 operam
1017 4788 1107 4838 trustra
1130 4785 1304 4854 impenderis*
1323 4808 1358 4820 -
1376 4785 1406 4838 ln
1421 4787 1510 4841 iisdem
