<?xml version="1.0" encoding="UTF-8"?>
<!DOCTYPE html PUBLIC "-//W3C//DTD XHTML 1.0 Transitional//EN"
    "http://www.w3.org/TR/xhtml1/DTD/xhtml1-transitional.dtd">
<html xmlns="http://www.w3.org/1999/xhtml" xml:lang="en" lang="en">
 <head>
  <title>
</title>
<meta http-equiv="Content-Type" content="text/html;charset=utf-8" />
  <meta name='ocr-system' content='tesseract 3.04.00' />
  <meta name='ocr-capabilities' content='ocr_page ocr_carea ocr_par ocr_line ocrx_word'/>
</head>
<body>
  <div class='ocr_page' id='page_1' title='image "./joanniskepleria04frisgoog_0056.png"; bbox 0 0 3366 5482; ppageno 0'>
   <div class='ocr_carea' id='block_1_1' title="bbox 742 190 1583 313">
    <p class='ocr_par' dir='ltr' id='par_1_1' title="bbox 742 190 1583 313">
     <span class='ocr_line' id='line_1_1' title="bbox 742 190 1583 313; baseline -0.001 -113"><span class='ocrx_word' id='word_1_1' title='bbox 742 190 926 295; x_wconf 50' lang='grc' dir='ltr'>,Μ</span> <span class='ocrx_word' id='word_1_2' title='bbox 1474 240 1520 313; x_wconf 51' lang='lat'>3⁵</span> <span class='ocrx_word' id='word_1_3' title='bbox 1581 194 1583 199; x_wconf 5' lang='grc' dir='ltr'><em>Α</em></span> 
     </span>
    </p>
   </div>
   <div class='ocr_carea' id='block_1_2' title="bbox 158 396 1520 4919">
    <p class='ocr_par' dir='ltr' id='par_1_2' title="bbox 160 396 1520 1462">
     <span class='ocr_line' id='line_1_2' title="bbox 161 396 1519 476; baseline 0.007 -16"><span class='ocrx_word' id='word_1_4' title='bbox 161 408 209 461; x_wconf 88' lang='lat' dir='ltr'>est</span> <span class='ocrx_word' id='word_1_5' title='bbox 241 419 324 465; x_wconf 90' lang='lat' dir='ltr'>anno</span> <span class='ocrx_word' id='word_1_6' title='bbox 360 396 444 465; x_wconf 85' lang='grc'>1569</span> <span class='ocrx_word' id='word_1_7' title='bbox 471 398 590 463; x_wconf 88' lang='lat' dir='ltr'>hiennio</span> <span class='ocrx_word' id='word_1_8' title='bbox 614 409 685 464; x_wconf 88' lang='lat' dir='ltr'>ante</span> <span class='ocrx_word' id='word_1_9' title='bbox 708 399 755 464; x_wconf 92' lang='lat' dir='ltr'>me</span> <span class='ocrx_word' id='word_1_10' title='bbox 779 402 891 476; x_wconf 89' lang='lat' dir='ltr'>uatum.</span> <span class='ocrx_word' id='word_1_11' title='bbox 934 403 1172 467; x_wconf 81' lang='lat' dir='ltr'>AutorRamus</span> <span class='ocrx_word' id='word_1_12' title='bbox 1196 406 1296 467; x_wconf 88' lang='lat' dir='ltr'>estin</span> <span class='ocrx_word' id='word_1_13' title='bbox 1321 406 1519 470; x_wconf 84' lang='lat' dir='ltr'>scholissuis</span> 
     </span>
     <span class='ocr_line' id='line_1_3' title="bbox 160 487 1520 574; baseline 0.007 -24"><span class='ocrx_word' id='word_1_14' title='bbox 160 492 234 560; x_wconf 87' lang='lat' dir='ltr'>(non</span> <span class='ocrx_word' id='word_1_15' title='bbox 256 487 451 563; x_wconf 89' lang='lat' dir='ltr'>Geometria)</span> <span class='ocrx_word' id='word_1_16' title='bbox 475 488 676 572; x_wconf 88' lang='lat' dir='ltr'>Geometricis</span> <span class='ocrx_word' id='word_1_17' title='bbox 700 491 771 553; x_wconf 81' lang='lat' dir='ltr'>lolio</span> <span class='ocrx_word' id='word_1_18' title='bbox 792 488 835 555; x_wconf 76' lang='lat'>49</span> <span class='ocrx_word' id='word_1_19' title='bbox 856 501 888 554; x_wconf 91' lang='lat' dir='ltr'>et</span> <span class='ocrx_word' id='word_1_20' title='bbox 902 490 955 555; x_wconf 84' lang='lat'>50.</span> <span class='ocrx_word' id='word_1_21' title='bbox 1002 490 1069 563; x_wconf 83' lang='lat' dir='ltr'>Quo</span> <span class='ocrx_word' id='word_1_22' title='bbox 1093 493 1159 555; x_wconf 92' lang='lat' dir='ltr'>loco</span> <span class='ocrx_word' id='word_1_23' title='bbox 1181 492 1297 556; x_wconf 81' lang='lat' dir='ltr'>Romus</span> <span class='ocrx_word' id='word_1_24' title='bbox 1320 496 1520 574; x_wconf 89' lang='lat' dir='ltr'>praemium</span> 
     </span>
     <span class='ocr_line' id='line_1_4' title="bbox 161 574 1519 662; baseline 0.006 -23"><span class='ocrx_word' id='word_1_25' title='bbox 161 578 418 641; x_wconf 71' lang='lat' dir='ltr'><strong>conformatae</strong></span> <span class='ocrx_word' id='word_1_26' title='bbox 453 579 593 660; x_wconf 78' lang='lat' dir='ltr'><strong>absque</strong></span> <span class='ocrx_word' id='word_1_27' title='bbox 635 576 903 662; x_wconf 64' lang='lat' dir='ltr'><strong>hypothesibus</strong></span> <span class='ocrx_word' id='word_1_28' title='bbox 945 574 1200 660; x_wconf 72' lang='lat' dir='ltr'>astrologiaev</span> <span class='ocrx_word' id='word_1_29' title='bbox 1228 584 1388 662; x_wconf 81' lang='lat' dir='ltr'><strong>spondet</strong></span> <span class='ocrx_word' id='word_1_30' title='bbox 1423 586 1519 655; x_wconf 81' lang='lat' dir='ltr'>su&#39;ae</span> 
     </span>
     <span class='ocr_line' id='line_1_5' title="bbox 160 666 1518 755; baseline 0.007 -28"><span class='ocrx_word' id='word_1_31' title='bbox 160 666 415 746; x_wconf 79' lang='lat' dir='ltr'>professionis</span> <span class='ocrx_word' id='word_1_32' title='bbox 438 670 669 755; x_wconf 53' lang='lat' dir='ltr'>cessionem.</span> <span class='ocrx_word' id='word_1_33' title='bbox 704 667 738 731; x_wconf 85' lang='lat' dir='ltr'>Si</span> <span class='ocrx_word' id='word_1_34' title='bbox 761 668 876 733; x_wconf 82' lang='lat' dir='ltr'>Romus</span> <span class='ocrx_word' id='word_1_35' title='bbox 901 669 971 732; x_wconf 89' lang='lat' dir='ltr'>illas</span> <span class='ocrx_word' id='word_1_36' title='bbox 994 671 1212 732; x_wconf 83' lang='lat' dir='ltr'>exterminatas</span> <span class='ocrx_word' id='word_1_37' title='bbox 1230 672 1313 750; x_wconf 92' lang='lat' dir='ltr'>cupit</span> <span class='ocrx_word' id='word_1_38' title='bbox 1327 672 1518 753; x_wconf 79' lang='lat' dir='ltr'>hypotheses,</span> 
     </span>
     <span class='ocr_line' id='line_1_6' title="bbox 162 758 1517 842; baseline 0.006 -26"><span class='ocrx_word' id='word_1_39' title='bbox 162 773 238 836; x_wconf 89' lang='lat' dir='ltr'>qnae</span> <span class='ocrx_word' id='word_1_40' title='bbox 263 765 297 817; x_wconf 90' lang='lat' dir='ltr'>ut</span> <span class='ocrx_word' id='word_1_41' title='bbox 320 758 481 820; x_wconf 81' lang='lat' dir='ltr'><strong>credantur</strong></span> <span class='ocrx_word' id='word_1_42' title='bbox 502 759 703 838; x_wconf 82' lang='lat' dir='ltr'>postulantur,</span> <span class='ocrx_word' id='word_1_43' title='bbox 728 777 786 823; x_wconf 89' lang='lat' dir='ltr'>non</span> <span class='ocrx_word' id='word_1_44' title='bbox 808 760 981 839; x_wconf 80' lang='lat' dir='ltr'>probantur,</span> <span class='ocrx_word' id='word_1_45' title='bbox 1007 759 1087 820; x_wconf 89' lang='lat' dir='ltr'>etsi</span> <span class='ocrx_word' id='word_1_46' title='bbox 1111 759 1188 820; x_wconf 91' lang='lat' dir='ltr'>hauc</span> <span class='ocrx_word' id='word_1_47' title='bbox 1212 760 1325 841; x_wconf 88' lang='lat' dir='ltr'>absque</span> <span class='ocrx_word' id='word_1_48' title='bbox 1339 761 1517 842; x_wconf 88' lang='lat' dir='ltr'>hypothesi-</span> 
     </span>
     <span class='ocr_line' id='line_1_7' title="bbox 160 845 1519 928; baseline 0.005 -22"><span class='ocrx_word' id='word_1_49' title='bbox 160 845 217 906; x_wconf 85' lang='lat' dir='ltr'>bus</span> <span class='ocrx_word' id='word_1_50' title='bbox 249 847 466 909; x_wconf 75' lang='lat' dir='ltr'>astronomiam</span> <span class='ocrx_word' id='word_1_51' title='bbox 498 847 619 922; x_wconf 90' lang='lat' dir='ltr'>laudat,</span> <span class='ocrx_word' id='word_1_52' title='bbox 650 864 725 928; x_wconf 92' lang='lat' dir='ltr'>quae</span> <span class='ocrx_word' id='word_1_53' title='bbox 758 847 852 910; x_wconf 91' lang='lat' dir='ltr'>solius</span> <span class='ocrx_word' id='word_1_54' title='bbox 883 857 1009 910; x_wconf 87' lang='lat' dir='ltr'>naturae</span> <span class='ocrx_word' id='word_1_55' title='bbox 1033 856 1183 927; x_wconf 88' lang='lat' dir='ltr'>apparatu</span> <span class='ocrx_word' id='word_1_56' title='bbox 1205 849 1321 911; x_wconf 91' lang='lat' dir='ltr'>orbium</span> <span class='ocrx_word' id='word_1_57' title='bbox 1344 850 1519 913; x_wconf 77' lang='lat' dir='ltr'>coelestium</span> 
     </span>
     <span class='ocr_line' id='line_1_8' title="bbox 161 935 1518 1017; baseline 0.004 -21"><span class='ocrx_word' id='word_1_58' title='bbox 161 942 306 996; x_wconf 90' lang='lat' dir='ltr'>contenta</span> <span class='ocrx_word' id='word_1_59' title='bbox 329 945 388 1008; x_wconf 91' lang='lat' dir='ltr'>est,</span> <span class='ocrx_word' id='word_1_60' title='bbox 411 935 489 1016; x_wconf 90' lang='lat' dir='ltr'>quod</span> <span class='ocrx_word' id='word_1_61' title='bbox 512 937 724 1017; x_wconf 65' lang='lat' dir='ltr'>quidem‘ante</span> <span class='ocrx_word' id='word_1_62' title='bbox 747 945 779 997; x_wconf 94' lang='lat' dir='ltr'>et</span> <span class='ocrx_word' id='word_1_63' title='bbox 801 945 872 1016; x_wconf 88' lang='lat' dir='ltr'>post</span> <span class='ocrx_word' id='word_1_64' title='bbox 893 936 1013 999; x_wconf 90' lang='lat' dir='ltr'>omnino</span> <span class='ocrx_word' id='word_1_65' title='bbox 1036 937 1157 999; x_wconf 89' lang='lat' dir='ltr'>innuere</span> <span class='ocrx_word' id='word_1_66' title='bbox 1172 937 1304 1001; x_wconf 88' lang='lat' dir='ltr'>videtur:</span> <span class='ocrx_word' id='word_1_67' title='bbox 1330 939 1454 1001; x_wconf 83' lang='lat' dir='ltr'>vicimus</span> <span class='ocrx_word' id='word_1_68' title='bbox 1469 939 1518 1002; x_wconf 88' lang='lat' dir='ltr'>vel</span> 
     </span>
     <span class='ocr_line' id='line_1_9' title="bbox 161 1022 1516 1106; baseline 0.003 -21"><span class='ocrx_word' id='word_1_69' title='bbox 161 1023 228 1104; x_wconf 82' lang='lat' dir='ltr'>Ego</span> <span class='ocrx_word' id='word_1_70' title='bbox 251 1025 300 1085; x_wconf 89' lang='lat' dir='ltr'>vel</span> <span class='ocrx_word' id='word_1_71' title='bbox 325 1022 529 1105; x_wconf 83' lang='lat' dir='ltr'>Copemicus,</span> <span class='ocrx_word' id='word_1_72' title='bbox 556 1026 603 1088; x_wconf 88' lang='lat' dir='ltr'>vel</span> <span class='ocrx_word' id='word_1_73' title='bbox 625 1035 751 1106; x_wconf 85' lang='lat' dir='ltr'>uterque</span> <span class='ocrx_word' id='word_1_74' title='bbox 775 1026 877 1096; x_wconf 86' lang='lat' dir='ltr'>simul,</span> <span class='ocrx_word' id='word_1_75' title='bbox 902 1025 1045 1106; x_wconf 88' lang='lat' dir='ltr'>nobisque</span> <span class='ocrx_word' id='word_1_76' title='bbox 1069 1026 1368 1106; x_wconf 82' lang='lat' dir='ltr'>proiessiodebetur</span> <span class='ocrx_word' id='word_1_77' title='bbox 1389 1027 1516 1095; x_wconf 79' lang='lat' dir='ltr'>Remea.</span> 
     </span>
     <span class='ocr_line' id='line_1_10' title="bbox 162 1106 1517 1196; baseline 0.004 -21"><span class='ocrx_word' id='word_1_78' title='bbox 162 1106 216 1175; x_wconf 90' lang='lat' dir='ltr'>Sin</span> <span class='ocrx_word' id='word_1_79' title='bbox 240 1122 342 1174; x_wconf 88' lang='lat' dir='ltr'>autem</span> <span class='ocrx_word' id='word_1_80' title='bbox 365 1113 480 1177; x_wconf 89' lang='lat' dir='ltr'>Ramus</span> <span class='ocrx_word' id='word_1_81' title='bbox 504 1134 607 1177; x_wconf 91' lang='lat' dir='ltr'>omnes</span> <span class='ocrx_word' id='word_1_82' title='bbox 631 1117 751 1177; x_wconf 88' lang='lat' dir='ltr'>omnino</span> <span class='ocrx_word' id='word_1_83' title='bbox 775 1115 959 1196; x_wconf 78' lang='lat' dir='ltr'>hypotheses</span> <span class='ocrx_word' id='word_1_84' title='bbox 982 1115 1082 1194; x_wconf 89' lang='lat' dir='ltr'>rejicit</span> <span class='ocrx_word' id='word_1_85' title='bbox 1104 1134 1157 1177; x_wconf 89' lang='lat' dir='ltr'>seu</span> <span class='ocrx_word' id='word_1_86' title='bbox 1180 1134 1267 1180; x_wconf 86' lang='lat' dir='ltr'>veras</span> <span class='ocrx_word' id='word_1_87' title='bbox 1296 1127 1327 1179; x_wconf 90' lang='lat' dir='ltr'>et</span> <span class='ocrx_word' id='word_1_88' title='bbox 1354 1118 1517 1193; x_wconf 81' lang='lat' dir='ltr'>naturales,</span> 
     </span>
     <span class='ocr_line' id='line_1_11' title="bbox 161 1203 1517 1286; baseline 0.004 -23"><span class='ocrx_word' id='word_1_89' title='bbox 161 1221 214 1263; x_wconf 91' lang='lat' dir='ltr'>seu</span> <span class='ocrx_word' id='word_1_90' title='bbox 238 1204 346 1276; x_wconf 78' lang='lat' dir='ltr'>falsas,</span> <span class='ocrx_word' id='word_1_91' title='bbox 369 1211 433 1265; x_wconf 92' lang='lat' dir='ltr'>tum</span> <span class='ocrx_word' id='word_1_92' title='bbox 456 1204 487 1266; x_wconf 94' lang='lat' dir='ltr'>id</span> <span class='ocrx_word' id='word_1_93' title='bbox 510 1214 566 1280; x_wconf 87' lang='lat' dir='ltr'>est,</span> <span class='ocrx_word' id='word_1_94' title='bbox 591 1204 670 1284; x_wconf 92' lang='lat' dir='ltr'>quod</span> <span class='ocrx_word' id='word_1_95' title='bbox 693 1203 882 1283; x_wconf 80' lang='lat' dir='ltr'>supradixi:</span> <span class='ocrx_word' id='word_1_96' title='bbox 907 1204 1019 1266; x_wconf 91' lang='lat' dir='ltr'>stultus</span> <span class='ocrx_word' id='word_1_97' title='bbox 1042 1222 1158 1282; x_wconf 86' lang='lat' dir='ltr'>nempe,</span> <span class='ocrx_word' id='word_1_98' title='bbox 1182 1204 1272 1286; x_wconf 90' lang='lat' dir='ltr'>idque</span> <span class='ocrx_word' id='word_1_99' title='bbox 1295 1214 1328 1269; x_wconf 89' lang='lat' dir='ltr'>ut</span> <span class='ocrx_word' id='word_1_100' title='bbox 1349 1207 1455 1286; x_wconf 90' lang='lat' dir='ltr'>opinor</span> <span class='ocrx_word' id='word_1_101' title='bbox 1468 1206 1517 1268; x_wconf 90' lang='lat' dir='ltr'>vel</span> 
     </span>
     <span class='ocr_line' id='line_1_12' title="bbox 162 1292 1517 1374; baseline 0.005 -22"><span class='ocrx_word' id='word_1_102' title='bbox 162 1301 191 1352; x_wconf 93' lang='lat' dir='ltr'>te</span> <span class='ocrx_word' id='word_1_103' title='bbox 206 1292 320 1371; x_wconf 89' lang='lat' dir='ltr'>jndice.</span> <span class='ocrx_word' id='word_1_104' title='bbox 368 1293 483 1356; x_wconf 90' lang='lat' dir='ltr'>Verum</span> <span class='ocrx_word' id='word_1_105' title='bbox 504 1301 539 1355; x_wconf 91' lang='lat' dir='ltr'>ut</span> <span class='ocrx_word' id='word_1_106' title='bbox 561 1294 715 1373; x_wconf 89' lang='lat' dir='ltr'>utriusque</span> <span class='ocrx_word' id='word_1_107' title='bbox 739 1293 843 1356; x_wconf 93' lang='lat' dir='ltr'>honori</span> <span class='ocrx_word' id='word_1_108' title='bbox 865 1295 1049 1368; x_wconf 78' lang='lat' dir='ltr'>consulatur,</span> <span class='ocrx_word' id='word_1_109' title='bbox 1072 1294 1151 1354; x_wconf 90' lang='lat' dir='ltr'>malo</span> <span class='ocrx_word' id='word_1_110' title='bbox 1175 1312 1222 1357; x_wconf 90' lang='lat' dir='ltr'>me</span> <span class='ocrx_word' id='word_1_111' title='bbox 1244 1296 1448 1374; x_wconf 77' lang='lat' dir='ltr'>professorem</span> <span class='ocrx_word' id='word_1_112' title='bbox 1466 1314 1517 1359; x_wconf 88' lang='lat' dir='ltr'>re-</span> 
     </span>
     <span class='ocr_line' id='line_1_13' title="bbox 160 1381 1150 1462; baseline 0.002 -20"><span class='ocrx_word' id='word_1_113' title='bbox 160 1382 240 1460; x_wconf 91' lang='lat' dir='ltr'>gium</span> <span class='ocrx_word' id='word_1_114' title='bbox 265 1401 355 1462; x_wconf 91' lang='lat' dir='ltr'>quam</span> <span class='ocrx_word' id='word_1_115' title='bbox 379 1381 507 1444; x_wconf 86' lang='lat' dir='ltr'>Ramum</span> <span class='ocrx_word' id='word_1_116' title='bbox 531 1384 656 1445; x_wconf 89' lang='lat' dir='ltr'>stultum</span> <span class='ocrx_word' id='word_1_117' title='bbox 679 1383 842 1462; x_wconf 91' lang='lat' dir='ltr'>appellare.</span> <span class='ocrx_word' id='word_1_118' title='bbox 888 1383 955 1444; x_wconf 89' lang='lat' dir='ltr'>Hoc</span> <span class='ocrx_word' id='word_1_119' title='bbox 978 1397 1069 1444; x_wconf 89' lang='lat' dir='ltr'>unum</span> <span class='ocrx_word' id='word_1_120' title='bbox 1092 1391 1150 1444; x_wconf 90' lang='lat' dir='ltr'>est.</span> 
     </span>
    </p>

    <p class='ocr_par' dir='ltr' id='par_1_3' title="bbox 158 1469 1517 3693">
     <span class='ocr_line' id='line_1_14' title="bbox 247 1469 1513 1553; baseline 0.002 -20"><span class='ocrx_word' id='word_1_121' title='bbox 247 1471 320 1533; x_wconf 88' lang='lat' dir='ltr'>Jam</span> <span class='ocrx_word' id='word_1_122' title='bbox 342 1489 440 1551; x_wconf 86' lang='lat' dir='ltr'>porro,</span> <span class='ocrx_word' id='word_1_123' title='bbox 464 1481 499 1534; x_wconf 91' lang='lat' dir='ltr'>ut</span> <span class='ocrx_word' id='word_1_124' title='bbox 520 1470 634 1551; x_wconf 89' lang='lat' dir='ltr'>Regius</span> <span class='ocrx_word' id='word_1_125' title='bbox 648 1471 806 1534; x_wconf 83' lang='lat' dir='ltr'>Professor</span> <span class='ocrx_word' id='word_1_126' title='bbox 829 1471 942 1552; x_wconf 90' lang='lat' dir='ltr'>aliquid</span> <span class='ocrx_word' id='word_1_127' title='bbox 965 1471 1057 1533; x_wconf 88' lang='lat' dir='ltr'>etiam</span> <span class='ocrx_word' id='word_1_128' title='bbox 1082 1490 1135 1533; x_wconf 88' lang='lat' dir='ltr'>suo</span> <span class='ocrx_word' id='word_1_129' title='bbox 1158 1469 1247 1534; x_wconf 88' lang='lat' dir='ltr'>titulo</span> <span class='ocrx_word' id='word_1_130' title='bbox 1271 1473 1393 1553; x_wconf 87' lang='lat' dir='ltr'>dignum</span> <span class='ocrx_word' id='word_1_131' title='bbox 1416 1481 1513 1553; x_wconf 83' lang='lat' dir='ltr'>gerat,</span> 
     </span>
     <span class='ocr_line' id='line_1_15' title="bbox 159 1557 1513 1641; baseline 0.001 -19"><span class='ocrx_word' id='word_1_132' title='bbox 159 1561 302 1640; x_wconf 89' lang='lat' dir='ltr'>proponit</span> <span class='ocrx_word' id='word_1_133' title='bbox 324 1561 380 1621; x_wconf 89' lang='lat' dir='ltr'>tibi</span> <span class='ocrx_word' id='word_1_134' title='bbox 405 1559 578 1624; x_wconf 82' lang='lat' dir='ltr'>Clarissimo</span> <span class='ocrx_word' id='word_1_135' title='bbox 601 1561 639 1622; x_wconf 91' lang='lat' dir='ltr'>D.</span> <span class='ocrx_word' id='word_1_136' title='bbox 663 1570 840 1641; x_wconf 89' lang='lat' dir='ltr'>praeceptor</span> <span class='ocrx_word' id='word_1_137' title='bbox 862 1560 1015 1641; x_wconf 90' lang='lat' dir='ltr'>problema</span> <span class='ocrx_word' id='word_1_138' title='bbox 1039 1557 1270 1622; x_wconf 87' lang='lat' dir='ltr'>Geometricum.</span> <span class='ocrx_word' id='word_1_139' title='bbox 1297 1593 1338 1604; x_wconf 90' lang='lat'>—</span> <span class='ocrx_word' id='word_1_140' title='bbox 1362 1562 1513 1641; x_wconf 82' lang='lat' dir='ltr'>Triangu-</span> 
     </span>
     <span class='ocr_line' id='line_1_16' title="bbox 159 1649 1515 1731; baseline 0.001 -20"><span class='ocrx_word' id='word_1_141' title='bbox 159 1649 220 1711; x_wconf 91' lang='lat' dir='ltr'>lum</span> <span class='ocrx_word' id='word_1_142' title='bbox 245 1650 452 1731; x_wconf 87' lang='lat' dir='ltr'>rectangulum</span> <span class='ocrx_word' id='word_1_143' title='bbox 474 1650 671 1725; x_wconf 90' lang='lat' dir='ltr'>constituere,</span> <span class='ocrx_word' id='word_1_144' title='bbox 700 1650 783 1730; x_wconf 86' lang='lat' dir='ltr'>cujus</span> <span class='ocrx_word' id='word_1_145' title='bbox 811 1650 912 1711; x_wconf 90' lang='lat' dir='ltr'>omnia</span> <span class='ocrx_word' id='word_1_146' title='bbox 941 1649 1000 1711; x_wconf 90' lang='lat' dir='ltr'>tria</span> <span class='ocrx_word' id='word_1_147' title='bbox 1023 1650 1120 1718; x_wconf 84' lang='lat' dir='ltr'>latera</span> <span class='ocrx_word' id='word_1_148' title='bbox 1143 1650 1206 1711; x_wconf 89' lang='lat' dir='ltr'>sint</span> <span class='ocrx_word' id='word_1_149' title='bbox 1227 1649 1354 1712; x_wconf 88' lang='lat' dir='ltr'>invicem</span> <span class='ocrx_word' id='word_1_150' title='bbox 1377 1651 1515 1713; x_wconf 88' lang='lat' dir='ltr'>continue</span> 
     </span>
     <span class='ocr_line' id='line_1_17' title="bbox 158 1737 1514 1819; baseline 0.001 -20"><span class='ocrx_word' id='word_1_151' title='bbox 158 1738 405 1819; x_wconf 88' lang='lat' dir='ltr'>proportionalia,</span> <span class='ocrx_word' id='word_1_152' title='bbox 430 1747 464 1801; x_wconf 94' lang='lat' dir='ltr'>ut</span> <span class='ocrx_word' id='word_1_153' title='bbox 482 1739 560 1801; x_wconf 89' lang='lat' dir='ltr'>sicut</span> <span class='ocrx_word' id='word_1_154' title='bbox 583 1739 680 1801; x_wconf 88' lang='lat' dir='ltr'>minus</span> <span class='ocrx_word' id='word_1_155' title='bbox 703 1740 783 1800; x_wconf 84' lang='lat' dir='ltr'>latus</span> <span class='ocrx_word' id='word_1_156' title='bbox 807 1739 846 1800; x_wconf 90' lang='lat' dir='ltr'>ad</span> <span class='ocrx_word' id='word_1_157' title='bbox 868 1739 965 1817; x_wconf 90' lang='lat' dir='ltr'>majus</span> <span class='ocrx_word' id='word_1_158' title='bbox 988 1737 1069 1800; x_wconf 88' lang='lat' dir='ltr'>circa</span> <span class='ocrx_word' id='word_1_159' title='bbox 1092 1747 1215 1812; x_wconf 88' lang='lat' dir='ltr'>rectum,</span> <span class='ocrx_word' id='word_1_160' title='bbox 1240 1739 1284 1801; x_wconf 93' lang='lat' dir='ltr'>sic</span> <span class='ocrx_word' id='word_1_161' title='bbox 1308 1740 1364 1801; x_wconf 88' lang='lat' dir='ltr'>hoc</span> <span class='ocrx_word' id='word_1_162' title='bbox 1385 1740 1424 1800; x_wconf 94' lang='lat' dir='ltr'>ad</span> <span class='ocrx_word' id='word_1_163' title='bbox 1440 1739 1514 1801; x_wconf 91' lang='lat' dir='ltr'>snb-</span> 
     </span>
     <span class='ocr_line' id='line_1_18' title="bbox 159 1824 1517 1908; baseline 0.001 -20"><span class='ocrx_word' id='word_1_164' title='bbox 159 1837 279 1890; x_wconf 89' lang='lat' dir='ltr'>tensam</span> <span class='ocrx_word' id='word_1_165' title='bbox 303 1835 395 1891; x_wconf 92' lang='lat' dir='ltr'>recto.</span> <span class='ocrx_word' id='word_1_166' title='bbox 432 1828 605 1891; x_wconf 84' lang='lat' dir='ltr'>Utilitatem</span> <span class='ocrx_word' id='word_1_167' title='bbox 620 1828 802 1889; x_wconf 80' lang='lat' dir='ltr'>inventionis</span> <span class='ocrx_word' id='word_1_168' title='bbox 817 1828 964 1907; x_wconf 84' lang='lat' dir='ltr'>insignem</span> <span class='ocrx_word' id='word_1_169' title='bbox 977 1828 1089 1905; x_wconf 77' lang='lat' dir='ltr'>neseio,</span> <span class='ocrx_word' id='word_1_170' title='bbox 1114 1827 1171 1890; x_wconf 90' lang='lat' dir='ltr'>nisi</span> <span class='ocrx_word' id='word_1_171' title='bbox 1186 1829 1264 1906; x_wconf 93' lang='lat' dir='ltr'>quod</span> <span class='ocrx_word' id='word_1_172' title='bbox 1278 1829 1375 1908; x_wconf 88' lang='lat' dir='ltr'>magis</span> <span class='ocrx_word' id='word_1_173' title='bbox 1390 1824 1517 1894; x_wconf 83' lang='lat' dir='ltr'>exornat</span> 
     </span>
     <span class='ocr_line' id='line_1_19' title="bbox 159 1916 1515 1997; baseline 0.001 -19"><span class='ocrx_word' id='word_1_174' title='bbox 159 1917 368 1995; x_wconf 89' lang='lat' dir='ltr'>geometriam.</span> <span class='ocrx_word' id='word_1_175' title='bbox 409 1916 489 1979; x_wconf 88' lang='lat' dir='ltr'>Nam</span> <span class='ocrx_word' id='word_1_176' title='bbox 504 1916 529 1979; x_wconf 92' lang='lat' dir='ltr'>si</span> <span class='ocrx_word' id='word_1_177' title='bbox 550 1917 694 1997; x_wconf 90' lang='lat' dir='ltr'>pensites,</span> <span class='ocrx_word' id='word_1_178' title='bbox 719 1916 843 1989; x_wconf 84' lang='lat' dir='ltr'>videbis,</span> <span class='ocrx_word' id='word_1_179' title='bbox 869 1936 958 1979; x_wconf 85' lang='lat' dir='ltr'>unam</span> <span class='ocrx_word' id='word_1_180' title='bbox 978 1916 1185 1979; x_wconf 89' lang='lat' dir='ltr'>tautummodo</span> <span class='ocrx_word' id='word_1_181' title='bbox 1205 1917 1333 1979; x_wconf 82' lang='lat' dir='ltr'>formam</span> <span class='ocrx_word' id='word_1_182' title='bbox 1357 1918 1432 1994; x_wconf 89' lang='lat' dir='ltr'>ejus,</span> <span class='ocrx_word' id='word_1_183' title='bbox 1456 1935 1515 1979; x_wconf 93' lang='lat' dir='ltr'>non</span> 
     </span>
     <span class='ocr_line' id='line_1_20' title="bbox 158 2005 1515 2086; baseline 0 -18"><span class='ocrx_word' id='word_1_184' title='bbox 158 2006 260 2084; x_wconf 90' lang='lat' dir='ltr'>plures</span> <span class='ocrx_word' id='word_1_185' title='bbox 285 2026 354 2068; x_wconf 90' lang='lat' dir='ltr'>esse</span> <span class='ocrx_word' id='word_1_186' title='bbox 375 2024 475 2085; x_wconf 89' lang='lat' dir='ltr'>posse.</span> <span class='ocrx_word' id='word_1_187' title='bbox 522 2006 659 2068; x_wconf 75' lang='lat' dir='ltr'>Intentio</span> <span class='ocrx_word' id='word_1_188' title='bbox 683 2006 802 2085; x_wconf 86' lang='lat' dir='ltr'>Magire</span> <span class='ocrx_word' id='word_1_189' title='bbox 827 2006 967 2080; x_wconf 86' lang='lat' dir='ltr'>debetur,</span> <span class='ocrx_word' id='word_1_190' title='bbox 1001 2025 1060 2086; x_wconf 91' lang='lat' dir='ltr'>qua</span> <span class='ocrx_word' id='word_1_191' title='bbox 1083 2005 1159 2066; x_wconf 87' lang='lat' dir='ltr'>adeo</span> <span class='ocrx_word' id='word_1_192' title='bbox 1183 2005 1281 2084; x_wconf 92' lang='lat' dir='ltr'>ipsum</span> <span class='ocrx_word' id='word_1_193' title='bbox 1304 2006 1436 2068; x_wconf 84' lang='lat' dir='ltr'>officiose</span> <span class='ocrx_word' id='word_1_194' title='bbox 1461 2026 1515 2067; x_wconf 87' lang='lat' dir='ltr'>sa-</span> 
     </span>
     <span class='ocr_line' id='line_1_21' title="bbox 160 2094 1516 2176; baseline 0.001 -21"><span class='ocrx_word' id='word_1_195' title='bbox 160 2095 236 2170; x_wconf 91' lang='lat' dir='ltr'>luto,</span> <span class='ocrx_word' id='word_1_196' title='bbox 266 2103 444 2176; x_wconf 87' lang='lat' dir='ltr'>gratumque</span> <span class='ocrx_word' id='word_1_197' title='bbox 467 2115 515 2158; x_wconf 86' lang='lat' dir='ltr'>me</span> <span class='ocrx_word' id='word_1_198' title='bbox 544 2095 587 2156; x_wconf 92' lang='lat' dir='ltr'>illi</span> <span class='ocrx_word' id='word_1_199' title='bbox 619 2095 760 2168; x_wconf 81' lang='lat' dir='ltr'>exhibeo,</span> <span class='ocrx_word' id='word_1_200' title='bbox 790 2104 951 2175; x_wconf 88' lang='lat' dir='ltr'>propterea</span> <span class='ocrx_word' id='word_1_201' title='bbox 979 2095 1056 2175; x_wconf 92' lang='lat' dir='ltr'>quod</span> <span class='ocrx_word' id='word_1_202' title='bbox 1082 2113 1135 2156; x_wconf 91' lang='lat' dir='ltr'>suo</span> <span class='ocrx_word' id='word_1_203' title='bbox 1154 2094 1371 2174; x_wconf 85' lang='lat' dir='ltr'>jucundissimo</span> <span class='ocrx_word' id='word_1_204' title='bbox 1394 2096 1516 2158; x_wconf 88' lang='lat' dir='ltr'>theore-</span> 
     </span>
     <span class='ocr_line' id='line_1_22' title="bbox 161 2182 1515 2265; baseline 0.001 -18"><span class='ocrx_word' id='word_1_205' title='bbox 161 2194 239 2247; x_wconf 87' lang='lat' dir='ltr'>mate</span> <span class='ocrx_word' id='word_1_206' title='bbox 272 2203 352 2247; x_wconf 86' lang='lat' dir='ltr'>nova</span> <span class='ocrx_word' id='word_1_207' title='bbox 382 2184 537 2265; x_wconf 85' lang='lat' dir='ltr'>voluptate</span> <span class='ocrx_word' id='word_1_208' title='bbox 560 2184 745 2265; x_wconf 89' lang='lat' dir='ltr'>geometrica</span> <span class='ocrx_word' id='word_1_209' title='bbox 768 2204 814 2246; x_wconf 90' lang='lat' dir='ltr'>me</span> <span class='ocrx_word' id='word_1_210' title='bbox 839 2202 954 2265; x_wconf 91' lang='lat' dir='ltr'>quoque</span> <span class='ocrx_word' id='word_1_211' title='bbox 978 2182 1057 2246; x_wconf 79' lang='lat' dir='ltr'>iut&#39;er</span> <span class='ocrx_word' id='word_1_212' title='bbox 1080 2192 1197 2245; x_wconf 90' lang='lat' dir='ltr'>ceteros</span> <span class='ocrx_word' id='word_1_213' title='bbox 1222 2185 1333 2247; x_wconf 89' lang='lat' dir='ltr'>beavit.</span> <span class='ocrx_word' id='word_1_214' title='bbox 1380 2186 1515 2248; x_wconf 89' lang='lat' dir='ltr'>Demon-</span> 
     </span>
     <span class='ocr_line' id='line_1_23' title="bbox 161 2272 1516 2353; baseline 0.001 -19"><span class='ocrx_word' id='word_1_215' title='bbox 161 2274 267 2337; x_wconf 86' lang='lat' dir='ltr'>stratio</span> <span class='ocrx_word' id='word_1_216' title='bbox 301 2273 400 2337; x_wconf 84' lang='lat' dir='ltr'>facilis</span> <span class='ocrx_word' id='word_1_217' title='bbox 432 2282 482 2335; x_wconf 91' lang='lat' dir='ltr'>est</span> <span class='ocrx_word' id='word_1_218' title='bbox 514 2292 551 2335; x_wconf 84' lang='lat' dir='ltr'>ex</span> <span class='ocrx_word' id='word_1_219' title='bbox 581 2273 675 2353; x_wconf 84' lang='lat' dir='ltr'>ipsius</span> <span class='ocrx_word' id='word_1_220' title='bbox 709 2273 851 2335; x_wconf 85' lang='lat' dir='ltr'>invento:</span> <span class='ocrx_word' id='word_1_221' title='bbox 884 2272 962 2353; x_wconf 90' lang='lat' dir='ltr'>quod</span> <span class='ocrx_word' id='word_1_222' title='bbox 995 2273 1114 2352; x_wconf 89' lang='lat' dir='ltr'>quidem</span> <span class='ocrx_word' id='word_1_223' title='bbox 1146 2272 1191 2334; x_wconf 89' lang='lat' dir='ltr'>ita</span> <span class='ocrx_word' id='word_1_224' title='bbox 1219 2274 1250 2335; x_wconf 93' lang='lat' dir='ltr'>in</span> <span class='ocrx_word' id='word_1_225' title='bbox 1275 2274 1366 2336; x_wconf 89' lang='lat' dir='ltr'>aliam</span> <span class='ocrx_word' id='word_1_226' title='bbox 1390 2272 1516 2336; x_wconf 82' lang='lat' dir='ltr'>sormam</span> 
     </span>
     <span class='ocr_line' id='line_1_24' title="bbox 162 2361 1516 2444; baseline -0.001 -19"><span class='ocrx_word' id='word_1_227' title='bbox 162 2363 290 2439; x_wconf 88' lang='lat' dir='ltr'>nutavi,</span> <span class='ocrx_word' id='word_1_228' title='bbox 325 2372 357 2424; x_wconf 91' lang='lat' dir='ltr'>ut</span> <span class='ocrx_word' id='word_1_229' title='bbox 381 2363 564 2438; x_wconf 79' lang='lat' dir='ltr'>existimem,</span> <span class='ocrx_word' id='word_1_230' title='bbox 588 2383 635 2425; x_wconf 90' lang='lat' dir='ltr'>me</span> <span class='ocrx_word' id='word_1_231' title='bbox 660 2363 748 2424; x_wconf 85' lang='lat' dir='ltr'>facile</span> <span class='ocrx_word' id='word_1_232' title='bbox 772 2363 820 2424; x_wconf 88' lang='lat' dir='ltr'>vel</span> <span class='ocrx_word' id='word_1_233' title='bbox 844 2362 941 2442; x_wconf 91' lang='lat' dir='ltr'>ipsum</span> <span class='ocrx_word' id='word_1_234' title='bbox 964 2362 1116 2441; x_wconf 86' lang='lat' dir='ltr'>Magirnm</span> <span class='ocrx_word' id='word_1_235' title='bbox 1139 2361 1169 2424; x_wconf 91' lang='lat' dir='ltr'>iu</span> <span class='ocrx_word' id='word_1_236' title='bbox 1188 2362 1265 2426; x_wconf 87' lang='lat' dir='ltr'>hanc</span> <span class='ocrx_word' id='word_1_237' title='bbox 1287 2363 1516 2444; x_wconf 87' lang='lat' dir='ltr'>persuasionem</span> 
     </span>
     <span class='ocr_line' id='line_1_25' title="bbox 163 2451 1517 2531; baseline 0.001 -18"><span class='ocrx_word' id='word_1_238' title='bbox 163 2452 364 2527; x_wconf 90' lang='lat' dir='ltr'>inducturum,</span> <span class='ocrx_word' id='word_1_239' title='bbox 395 2463 429 2514; x_wconf 90' lang='lat' dir='ltr'>ut</span> <span class='ocrx_word' id='word_1_240' title='bbox 460 2461 548 2531; x_wconf 87' lang='lat' dir='ltr'>putet</span> <span class='ocrx_word' id='word_1_241' title='bbox 579 2471 659 2514; x_wconf 90' lang='lat' dir='ltr'>mere</span> <span class='ocrx_word' id='word_1_242' title='bbox 687 2471 784 2513; x_wconf 91' lang='lat' dir='ltr'>meum</span> <span class='ocrx_word' id='word_1_243' title='bbox 807 2470 886 2513; x_wconf 89' lang='lat' dir='ltr'>esse.</span> <span class='ocrx_word' id='word_1_244' title='bbox 932 2451 1103 2530; x_wconf 92' lang='lat' dir='ltr'>Propositio</span> <span class='ocrx_word' id='word_1_245' title='bbox 1125 2451 1172 2512; x_wconf 87' lang='lat' dir='ltr'>ita</span> <span class='ocrx_word' id='word_1_246' title='bbox 1191 2460 1302 2514; x_wconf 87' lang='lat' dir='ltr'>sonet:</span> <span class='ocrx_word' id='word_1_247' title='bbox 1342 2451 1379 2514; x_wconf 91' lang='lat' dir='ltr'>Si</span> <span class='ocrx_word' id='word_1_248' title='bbox 1408 2471 1517 2531; x_wconf 87' lang='lat' dir='ltr'>super</span> 
     </span>
     <span class='ocr_line' id='line_1_26' title="bbox 164 2541 1513 2621; baseline 0.001 -20"><span class='ocrx_word' id='word_1_249' title='bbox 164 2541 300 2604; x_wconf 88' lang='lat' dir='ltr'>lineam</span> <span class='ocrx_word' id='word_1_250' title='bbox 333 2551 497 2603; x_wconf 84' lang='lat' dir='ltr'>extrema</span> <span class='ocrx_word' id='word_1_251' title='bbox 526 2550 562 2603; x_wconf 90' lang='lat' dir='ltr'>et</span> <span class='ocrx_word' id='word_1_252' title='bbox 593 2542 711 2603; x_wconf 89' lang='lat' dir='ltr'>media</span> <span class='ocrx_word' id='word_1_253' title='bbox 733 2541 877 2604; x_wconf 87' lang='lat' dir='ltr'>ratione</span> <span class='ocrx_word' id='word_1_254' title='bbox 901 2550 1042 2602; x_wconf 88' lang='lat' dir='ltr'>sectam</span> <span class='ocrx_word' id='word_1_255' title='bbox 1060 2542 1324 2620; x_wconf 88' lang='lat' dir='ltr'>rectangulum</span> <span class='ocrx_word' id='word_1_256' title='bbox 1347 2541 1513 2621; x_wconf 89' lang='lat' dir='ltr'>triangu-</span> 
     </span>
     <span class='ocr_line' id='line_1_27' title="bbox 164 2629 1515 2710; baseline 0.001 -19"><span class='ocrx_word' id='word_1_257' title='bbox 164 2631 226 2692; x_wconf 92' lang='lat' dir='ltr'>lum</span> <span class='ocrx_word' id='word_1_258' title='bbox 260 2631 520 2693; x_wconf 87' lang='lat' dir='ltr'>constituatur</span> <span class='ocrx_word' id='word_1_259' title='bbox 547 2631 600 2694; x_wconf 91' lang='lat' dir='ltr'>sic</span> <span class='ocrx_word' id='word_1_260' title='bbox 628 2639 666 2692; x_wconf 91' lang='lat' dir='ltr'>ut</span> <span class='ocrx_word' id='word_1_261' title='bbox 692 2639 817 2692; x_wconf 88' lang='lat' dir='ltr'>rectus</span> <span class='ocrx_word' id='word_1_262' title='bbox 841 2629 1000 2710; x_wconf 91' lang='lat' dir='ltr'>angulus</span> <span class='ocrx_word' id='word_1_263' title='bbox 1023 2637 1162 2708; x_wconf 91' lang='lat' dir='ltr'>puncto</span> <span class='ocrx_word' id='word_1_264' title='bbox 1186 2630 1371 2694; x_wconf 81' lang='lat' dir='ltr'>sectionis</span> <span class='ocrx_word' id='word_1_265' title='bbox 1395 2630 1447 2692; x_wconf 89' lang='lat' dir='ltr'>sit</span> <span class='ocrx_word' id='word_1_266' title='bbox 1471 2629 1515 2692; x_wconf 89' lang='lat' dir='ltr'>ad</span> 
     </span>
     <span class='ocr_line' id='line_1_28' title="bbox 164 2718 1516 2800; baseline 0 -18"><span class='ocrx_word' id='word_1_267' title='bbox 164 2720 481 2800; x_wconf 88' lang='lat' dir='ltr'>perpendiculum,</span> <span class='ocrx_word' id='word_1_268' title='bbox 517 2719 618 2782; x_wconf 87' lang='lat' dir='ltr'>latus</span> <span class='ocrx_word' id='word_1_269' title='bbox 650 2719 767 2781; x_wconf 90' lang='lat' dir='ltr'>minus</span> <span class='ocrx_word' id='word_1_270' title='bbox 791 2720 888 2781; x_wconf 89' lang='lat' dir='ltr'>circa</span> <span class='ocrx_word' id='word_1_271' title='bbox 919 2728 1062 2781; x_wconf 90' lang='lat' dir='ltr'>rectum</span> <span class='ocrx_word' id='word_1_272' title='bbox 1091 2718 1321 2798; x_wconf 84' lang='lat' dir='ltr'>aequabitur</span> <span class='ocrx_word' id='word_1_273' title='bbox 1352 2718 1516 2800; x_wconf 88' lang='lat' dir='ltr'>portioni</span> 
     </span>
     <span class='ocr_line' id='line_1_29' title="bbox 165 2807 1514 2889; baseline -0.001 -17"><span class='ocrx_word' id='word_1_274' title='bbox 165 2811 291 2889; x_wconf 86' lang='lat' dir='ltr'>majori</span> <span class='ocrx_word' id='word_1_275' title='bbox 317 2816 450 2869; x_wconf 86' lang='lat' dir='ltr'>sectae</span> <span class='ocrx_word' id='word_1_276' title='bbox 475 2809 615 2871; x_wconf 89' lang='lat' dir='ltr'>lineae.</span> <span class='ocrx_word' id='word_1_277' title='bbox 663 2808 957 2870; x_wconf 88' lang='lat' dir='ltr'>Demonstrationem</span> <span class='ocrx_word' id='word_1_278' title='bbox 980 2807 1109 2886; x_wconf 86' lang='lat' dir='ltr'>Magiri,</span> <span class='ocrx_word' id='word_1_279' title='bbox 1134 2825 1222 2886; x_wconf 87' lang='lat' dir='ltr'>quam</span> <span class='ocrx_word' id='word_1_280' title='bbox 1245 2808 1275 2869; x_wconf 91' lang='lat' dir='ltr'>in</span> <span class='ocrx_word' id='word_1_281' title='bbox 1298 2810 1378 2871; x_wconf 90' lang='lat' dir='ltr'>valle</span> <span class='ocrx_word' id='word_1_282' title='bbox 1398 2809 1514 2870; x_wconf 82' lang='lat' dir='ltr'>Luste-</span> 
     </span>
     <span class='ocr_line' id='line_1_30' title="bbox 165 2896 1515 2976; baseline 0 -16"><span class='ocrx_word' id='word_1_283' title='bbox 165 2900 249 2962; x_wconf 81' lang='lat' dir='ltr'>nasia</span> <span class='ocrx_word' id='word_1_284' title='bbox 272 2897 344 2961; x_wconf 91' lang='lat' dir='ltr'>mihi</span> <span class='ocrx_word' id='word_1_285' title='bbox 368 2898 602 2968; x_wconf 86' lang='lat' dir='ltr'>demonstrasti,</span> <span class='ocrx_word' id='word_1_286' title='bbox 637 2899 755 2960; x_wconf 91' lang='lat' dir='ltr'>omnino</span> <span class='ocrx_word' id='word_1_287' title='bbox 779 2897 866 2959; x_wconf 89' lang='lat' dir='ltr'>amisi</span> <span class='ocrx_word' id='word_1_288' title='bbox 890 2916 944 2960; x_wconf 90' lang='lat' dir='ltr'>nec</span> <span class='ocrx_word' id='word_1_289' title='bbox 968 2897 1138 2959; x_wconf 88' lang='lat' dir='ltr'>meminisse</span> <span class='ocrx_word' id='word_1_290' title='bbox 1162 2915 1304 2976; x_wconf 86' lang='lat' dir='ltr'>possum:</span> <span class='ocrx_word' id='word_1_291' title='bbox 1333 2898 1400 2960; x_wconf 89' lang='lat' dir='ltr'>ideo</span> <span class='ocrx_word' id='word_1_292' title='bbox 1425 2896 1515 2960; x_wconf 87' lang='lat' dir='ltr'>aliam</span> 
     </span>
     <span class='ocr_line' id='line_1_31' title="bbox 166 2987 901 3066; baseline -0.001 -18"><span class='ocrx_word' id='word_1_293' title='bbox 166 2988 286 3050; x_wconf 84' lang='lat' dir='ltr'>institui.</span> <span class='ocrx_word' id='word_1_294' title='bbox 326 2988 402 3049; x_wconf 85' lang='lat' dir='ltr'>Esto</span> <span class='ocrx_word' id='word_1_295' title='bbox 424 2988 504 3057; x_wconf 89' lang='lat' dir='ltr'>linea</span> <span class='ocrx_word' id='word_1_296' title='bbox 518 2987 585 3062; x_wconf 88' lang='grc' dir='ltr'>ΑΕ,</span> <span class='ocrx_word' id='word_1_297' title='bbox 610 2996 696 3048; x_wconf 87' lang='lat' dir='ltr'>secta</span> <span class='ocrx_word' id='word_1_298' title='bbox 709 2987 901 3066; x_wconf 88' lang='lat' dir='ltr'>proportione</span> 
     </span>
     <span class='ocr_line' id='line_1_32' title="bbox 167 3073 902 3156; baseline 0.001 -19"><span class='ocrx_word' id='word_1_299' title='bbox 167 3078 241 3140; x_wconf 86' lang='lat' dir='ltr'>dieta</span> <span class='ocrx_word' id='word_1_300' title='bbox 264 3079 295 3139; x_wconf 94' lang='lat' dir='ltr'>in</span> <span class='ocrx_word' id='word_1_301' title='bbox 319 3078 345 3138; x_wconf 80' lang='grc' dir='ltr'>Ε</span> <span class='ocrx_word' id='word_1_302' title='bbox 366 3094 421 3156; x_wconf 91' lang='lat' dir='ltr'>per</span> <span class='ocrx_word' id='word_1_303' title='bbox 436 3073 478 3140; x_wconf 88' lang='grc'>30</span> <span class='ocrx_word' id='word_1_304' title='bbox 501 3078 580 3138; x_wconf 80' lang='lat' dir='ltr'>sexti</span> <span class='ocrx_word' id='word_1_305' title='bbox 604 3075 789 3151; x_wconf 84' lang='lat' dir='ltr'>(Euclidis);</span> <span class='ocrx_word' id='word_1_306' title='bbox 813 3093 902 3155; x_wconf 88' lang='lat' dir='ltr'>super</span> 
     </span>
     <span class='ocr_line' id='line_1_33' title="bbox 168 3165 933 3246; baseline -0.003 -18"><span class='ocrx_word' id='word_1_307' title='bbox 168 3186 217 3245; x_wconf 85' lang='lat' dir='ltr'>qua</span> <span class='ocrx_word' id='word_1_308' title='bbox 247 3166 435 3241; x_wconf 84' lang='lat' dir='ltr'>describatur</span> <span class='ocrx_word' id='word_1_309' title='bbox 461 3166 682 3243; x_wconf 81' lang='lat' dir='ltr'>semicirculus,</span> <span class='ocrx_word' id='word_1_310' title='bbox 719 3165 747 3227; x_wconf 91' lang='lat' dir='ltr'>in</span> <span class='ocrx_word' id='word_1_311' title='bbox 777 3184 834 3246; x_wconf 89' lang='lat' dir='ltr'>quo</span> <span class='ocrx_word' id='word_1_312' title='bbox 863 3185 900 3226; x_wconf 84' lang='lat' dir='ltr'>ex</span> <span class='ocrx_word' id='word_1_313' title='bbox 931 3213 933 3217; x_wconf 15' lang='grc' dir='ltr'>ι</span> 
     </span>
     <span class='ocr_line' id='line_1_34' title="bbox 168 3254 899 3335; baseline 0 -20"><span class='ocrx_word' id='word_1_314' title='bbox 168 3255 286 3318; x_wconf 88' lang='lat' dir='ltr'>Freeta</span> <span class='ocrx_word' id='word_1_315' title='bbox 308 3255 363 3317; x_wconf 85' lang='grc' dir='ltr'>ΕΙ)</span> <span class='ocrx_word' id='word_1_316' title='bbox 382 3255 515 3335; x_wconf 81' lang='lat' dir='ltr'>erigatur</span> <span class='ocrx_word' id='word_1_317' title='bbox 536 3254 823 3335; x_wconf 87' lang='lat' dir='ltr'>perpendiculariter</span> <span class='ocrx_word' id='word_1_318' title='bbox 845 3274 899 3315; x_wconf 92' lang='lat' dir='ltr'>us-</span> 
     </span>
     <span class='ocr_line' id='line_1_35' title="bbox 168 3344 897 3426; baseline -0.003 -20"><span class='ocrx_word' id='word_1_319' title='bbox 168 3363 214 3424; x_wconf 85' lang='lat' dir='ltr'>que</span> <span class='ocrx_word' id='word_1_320' title='bbox 238 3347 278 3407; x_wconf 89' lang='lat' dir='ltr'>ad</span> <span class='ocrx_word' id='word_1_321' title='bbox 303 3345 488 3426; x_wconf 80' lang='lat' dir='ltr'>superficiem</span> <span class='ocrx_word' id='word_1_322' title='bbox 511 3344 699 3419; x_wconf 89' lang='lat' dir='ltr'>semicirculi,</span> <span class='ocrx_word' id='word_1_323' title='bbox 723 3354 755 3405; x_wconf 87' lang='lat' dir='ltr'>et</span> <span class='ocrx_word' id='word_1_324' title='bbox 769 3363 897 3405; x_wconf 91' lang='lat' dir='ltr'>connec-</span> 
     </span>
     <span class='ocr_line' id='line_1_36' title="bbox 168 3432 899 3512; baseline -0.004 -16"><span class='ocrx_word' id='word_1_325' title='bbox 168 3433 343 3508; x_wconf 71' lang='lat' dir='ltr'>tanturm),</span> <span class='ocrx_word' id='word_1_326' title='bbox 369 3435 439 3509; x_wconf 87' lang='lat' dir='ltr'>DA,</span> <span class='ocrx_word' id='word_1_327' title='bbox 462 3442 496 3496; x_wconf 92' lang='lat' dir='ltr'>nt</span> <span class='ocrx_word' id='word_1_328' title='bbox 516 3435 569 3496; x_wconf 84' lang='lat' dir='ltr'>fiat</span> <span class='ocrx_word' id='word_1_329' title='bbox 583 3434 710 3512; x_wconf 90' lang='lat' dir='ltr'>angulus</span> <span class='ocrx_word' id='word_1_330' title='bbox 725 3432 812 3495; x_wconf 85' lang='lat' dir='ltr'>EDA</span> <span class='ocrx_word' id='word_1_331' title='bbox 831 3452 899 3494; x_wconf 91' lang='lat' dir='ltr'>rec-</span> 
     </span>
     <span class='ocr_line' id='line_1_37' title="bbox 168 3519 900 3604; baseline 0 -21"><span class='ocrx_word' id='word_1_332' title='bbox 168 3533 207 3585; x_wconf 88' lang='lat' dir='ltr'>tus</span> <span class='ocrx_word' id='word_1_333' title='bbox 238 3543 294 3604; x_wconf 89' lang='lat' dir='ltr'>per</span> <span class='ocrx_word' id='word_1_334' title='bbox 327 3519 382 3585; x_wconf 87' lang='grc'>31.</span> <span class='ocrx_word' id='word_1_335' title='bbox 414 3524 472 3586; x_wconf 91' lang='grc' dir='ltr'>ΙΙΙ.</span> <span class='ocrx_word' id='word_1_336' title='bbox 531 3523 607 3585; x_wconf 90' lang='lat' dir='ltr'>Dico</span> <span class='ocrx_word' id='word_1_337' title='bbox 644 3522 721 3601; x_wconf 90' lang='lat' dir='ltr'>quod</span> <span class='ocrx_word' id='word_1_338' title='bbox 753 3521 810 3583; x_wconf 86' lang='lat' dir='ltr'>DE</span> <span class='ocrx_word' id='word_1_339' title='bbox 847 3524 900 3584; x_wconf 86' lang='lat' dir='ltr'>fiat</span> 
     </span>
     <span class='ocr_line' id='line_1_38' title="bbox 169 3605 899 3693; baseline -0.003 -20"><span class='ocrx_word' id='word_1_340' title='bbox 169 3614 295 3693; x_wconf 85' lang='lat' dir='ltr'>aequalis</span> <span class='ocrx_word' id='word_1_341' title='bbox 315 3613 413 3676; x_wconf 88' lang='lat' dir='ltr'>lineae</span> <span class='ocrx_word' id='word_1_342' title='bbox 427 3612 493 3682; x_wconf 76' lang='lat' dir='ltr'>uA.</span> <span class='ocrx_word' id='word_1_343' title='bbox 514 3612 643 3692; x_wconf 91' lang='lat' dir='ltr'>portioni</span> <span class='ocrx_word' id='word_1_344' title='bbox 659 3611 767 3690; x_wconf 73' lang='lat' dir='ltr'>majoriv</span> <span class='ocrx_word' id='word_1_345' title='bbox 780 3611 816 3672; x_wconf 90' lang='lat' dir='ltr'>de</span> <span class='ocrx_word' id='word_1_346' title='bbox 830 3605 899 3672; x_wconf 87' lang='grc' dir='ltr'>ΕΑ.</span> 
     </span>
    </p>

    <p class='ocr_par' dir='ltr' id='par_1_4' title="bbox 168 3699 1516 4919">
     <span class='ocr_line' id='line_1_39' title="bbox 168 3699 900 3782; baseline -0.003 -20"><span class='ocrx_word' id='word_1_347' title='bbox 168 3700 236 3764; x_wconf 82' lang='lat' dir='ltr'>Nam</span> <span class='ocrx_word' id='word_1_348' title='bbox 260 3721 316 3782; x_wconf 92' lang='lat' dir='ltr'>per</span> <span class='ocrx_word' id='word_1_349' title='bbox 329 3700 361 3764; x_wconf 83' lang='lat'>8.</span> <span class='ocrx_word' id='word_1_350' title='bbox 387 3701 442 3763; x_wconf 88' lang='lat' dir='ltr'>VL</span> <span class='ocrx_word' id='word_1_351' title='bbox 465 3701 618 3779; x_wconf 89' lang='lat' dir='ltr'>triangula</span> <span class='ocrx_word' id='word_1_352' title='bbox 631 3699 723 3774; x_wconf 78' lang='lat' dir='ltr'>Eun,</span> <span class='ocrx_word' id='word_1_353' title='bbox 747 3699 831 3761; x_wconf 78' lang='grc' dir='ltr'>ΒΕΑ</span> <span class='ocrx_word' id='word_1_354' title='bbox 842 3699 900 3760; x_wconf 91' lang='lat' dir='ltr'>toti</span> 
     </span>
     <span class='ocr_line' id='line_1_40' title="bbox 168 3786 901 3870; baseline -0.01 -15"><span class='ocrx_word' id='word_1_355' title='bbox 168 3791 245 3855; x_wconf 78' lang='lat' dir='ltr'>lun</span> <span class='ocrx_word' id='word_1_356' title='bbox 270 3800 302 3853; x_wconf 88' lang='lat' dir='ltr'>et</span> <span class='ocrx_word' id='word_1_357' title='bbox 325 3792 403 3854; x_wconf 89' lang='lat' dir='ltr'>inter</span> <span class='ocrx_word' id='word_1_358' title='bbox 425 3810 458 3852; x_wconf 90' lang='lat' dir='ltr'>se</span> <span class='ocrx_word' id='word_1_359' title='bbox 482 3797 552 3852; x_wconf 82' lang='lat' dir='ltr'>sunt</span> <span class='ocrx_word' id='word_1_360' title='bbox 576 3790 696 3851; x_wconf 89' lang='lat' dir='ltr'>similia.</span> <span class='ocrx_word' id='word_1_361' title='bbox 731 3786 833 3859; x_wconf 84' lang='lat' dir='ltr'>Quare</span> <span class='ocrx_word' id='word_1_362' title='bbox 846 3807 901 3870; x_wconf 91' lang='lat' dir='ltr'>per</span> 
     </span>
     <span class='ocr_line' id='line_1_41' title="bbox 169 3877 899 3957; baseline -0.008 -15"><span class='ocrx_word' id='word_1_363' title='bbox 169 3881 323 3943; x_wconf 79' lang='lat' dir='ltr'>secundum</span> <span class='ocrx_word' id='word_1_364' title='bbox 343 3879 531 3943; x_wconf 87' lang='lat' dir='ltr'>corollarium</span> <span class='ocrx_word' id='word_1_365' title='bbox 550 3878 687 3957; x_wconf 90' lang='lat' dir='ltr'>ejusdem</span> <span class='ocrx_word' id='word_1_366' title='bbox 700 3877 756 3939; x_wconf 90' lang='grc' dir='ltr'>ΕΙ)</span> <span class='ocrx_word' id='word_1_367' title='bbox 771 3887 820 3938; x_wconf 90' lang='lat' dir='ltr'>est</span> <span class='ocrx_word' id='word_1_368' title='bbox 833 3895 899 3937; x_wconf 90' lang='lat' dir='ltr'>me-</span> 
     </span>
     <span class='ocr_line' id='line_1_42' title="bbox 170 3964 902 4050; baseline -0.004 -21"><span class='ocrx_word' id='word_1_369' title='bbox 170 3968 210 4030; x_wconf 86' lang='lat' dir='ltr'>dia</span> <span class='ocrx_word' id='word_1_370' title='bbox 236 3968 470 4050; x_wconf 86' lang='lat' dir='ltr'>proportionalis</span> <span class='ocrx_word' id='word_1_371' title='bbox 498 3968 577 4029; x_wconf 89' lang='lat' dir='ltr'>inter</span> <span class='ocrx_word' id='word_1_372' title='bbox 600 3967 657 4029; x_wconf 88' lang='grc' dir='ltr'>ΑΕ</span> <span class='ocrx_word' id='word_1_373' title='bbox 681 3976 712 4028; x_wconf 91' lang='lat' dir='ltr'>et</span> <span class='ocrx_word' id='word_1_374' title='bbox 733 3965 796 4028; x_wconf 85' lang='lat' dir='ltr'>EF.</span> <span class='ocrx_word' id='word_1_375' title='bbox 842 3964 902 4026; x_wconf 85' lang='lat' dir='ltr'>Est</span> 
     </span>
     <span class='ocr_line' id='line_1_43' title="bbox 170 4055 902 4136; baseline -0.003 -18"><span class='ocrx_word' id='word_1_376' title='bbox 170 4067 260 4120; x_wconf 85' lang='lat' dir='ltr'>antem</span> <span class='ocrx_word' id='word_1_377' title='bbox 284 4059 376 4120; x_wconf 90' lang='lat' dir='ltr'>etiam</span> <span class='ocrx_word' id='word_1_378' title='bbox 396 4059 453 4121; x_wconf 85' lang='lat' dir='ltr'>AF</span> <span class='ocrx_word' id='word_1_379' title='bbox 466 4057 564 4119; x_wconf 92' lang='lat' dir='ltr'>media</span> <span class='ocrx_word' id='word_1_380' title='bbox 578 4055 809 4136; x_wconf 85' lang='lat' dir='ltr'>proportionalis</span> <span class='ocrx_word' id='word_1_381' title='bbox 823 4055 902 4116; x_wconf 87' lang='lat' dir='ltr'>inter</span> 
     </span>
     <span class='ocr_line' id='line_1_44' title="bbox 170 4145 899 4227; baseline -0.007 -18"><span class='ocrx_word' id='word_1_382' title='bbox 170 4145 216 4209; x_wconf 78' lang='grc' dir='ltr'>ΑΕ</span> <span class='ocrx_word' id='word_1_383' title='bbox 239 4157 272 4210; x_wconf 93' lang='lat' dir='ltr'>et</span> <span class='ocrx_word' id='word_1_384' title='bbox 293 4148 348 4211; x_wconf 75' lang='lat' dir='ltr'>Eu</span> <span class='ocrx_word' id='word_1_385' title='bbox 370 4166 423 4227; x_wconf 89' lang='lat' dir='ltr'>per</span> <span class='ocrx_word' id='word_1_386' title='bbox 442 4145 641 4209; x_wconf 88' lang='lat' dir='ltr'>definitionem</span> <span class='ocrx_word' id='word_1_387' title='bbox 664 4145 758 4206; x_wconf 90' lang='lat' dir='ltr'>lineae</span> <span class='ocrx_word' id='word_1_388' title='bbox 773 4163 899 4223; x_wconf 89' lang='lat' dir='ltr'>propor-</span> 
     </span>
     <span class='ocr_line' id='line_1_45' title="bbox 171 4233 901 4300; baseline -0.003 -5"><span class='ocrx_word' id='word_1_389' title='bbox 171 4236 315 4300; x_wconf 91' lang='lat' dir='ltr'>tionaliter</span> <span class='ocrx_word' id='word_1_390' title='bbox 341 4247 456 4300; x_wconf 86' lang='lat' dir='ltr'>sectae.</span> <span class='ocrx_word' id='word_1_391' title='bbox 504 4233 580 4297; x_wconf 90' lang='lat' dir='ltr'>Cum</span> <span class='ocrx_word' id='word_1_392' title='bbox 609 4242 709 4296; x_wconf 90' lang='lat' dir='ltr'>autem</span> <span class='ocrx_word' id='word_1_393' title='bbox 737 4233 816 4295; x_wconf 90' lang='lat' dir='ltr'>inter</span> <span class='ocrx_word' id='word_1_394' title='bbox 843 4233 901 4293; x_wconf 89' lang='lat' dir='ltr'>duo</span> 
     </span>
     <span class='ocr_line' id='line_1_46' title="bbox 171 4321 900 4402; baseline -0.005 -17"><span class='ocrx_word' id='word_1_395' title='bbox 171 4335 295 4389; x_wconf 85' lang='lat' dir='ltr'>extrema</span> <span class='ocrx_word' id='word_1_396' title='bbox 317 4344 408 4388; x_wconf 91' lang='lat' dir='ltr'>unum</span> <span class='ocrx_word' id='word_1_397' title='bbox 431 4333 547 4386; x_wconf 89' lang='lat' dir='ltr'>tantum</span> <span class='ocrx_word' id='word_1_398' title='bbox 571 4323 699 4386; x_wconf 91' lang='lat' dir='ltr'>medium</span> <span class='ocrx_word' id='word_1_399' title='bbox 729 4321 900 4402; x_wconf 90' lang='lat' dir='ltr'>proportio-</span> 
     </span>
     <span class='ocr_line' id='line_1_47' title="bbox 169 4410 923 4494; baseline -0.004 -20"><span class='ocrx_word' id='word_1_400' title='bbox 169 4417 229 4478; x_wconf 89' lang='lat' dir='ltr'>nale</span> <span class='ocrx_word' id='word_1_401' title='bbox 261 4434 330 4478; x_wconf 88' lang='lat' dir='ltr'>esse</span> <span class='ocrx_word' id='word_1_402' title='bbox 359 4415 475 4494; x_wconf 86' lang='lat' dir='ltr'>possit,</span> <span class='ocrx_word' id='word_1_403' title='bbox 508 4431 562 4493; x_wconf 91' lang='lat' dir='ltr'>per</span> <span class='ocrx_word' id='word_1_404' title='bbox 585 4410 614 4475; x_wconf 81' lang='lat'>9.</span> <span class='ocrx_word' id='word_1_405' title='bbox 640 4414 681 4474; x_wconf 89' lang='lat' dir='ltr'>V.</span> <span class='ocrx_word' id='word_1_406' title='bbox 714 4410 923 4484; x_wconf 83' lang='lat' dir='ltr'>conversam,&#39;</span> 
     </span>
     <span class='ocr_line' id='line_1_48' title="bbox 169 4498 1516 4583; baseline -0.005 -18"><span class='ocrx_word' id='word_1_407' title='bbox 169 4503 217 4566; x_wconf 81' lang='lat' dir='ltr'>AF</span> <span class='ocrx_word' id='word_1_408' title='bbox 237 4513 271 4567; x_wconf 93' lang='lat' dir='ltr'>et</span> <span class='ocrx_word' id='word_1_409' title='bbox 292 4503 350 4567; x_wconf 91' lang='grc' dir='ltr'>ΕΙ)</span> <span class='ocrx_word' id='word_1_410' title='bbox 375 4502 516 4583; x_wconf 89' lang='lat' dir='ltr'>aequales</span> <span class='ocrx_word' id='word_1_411' title='bbox 540 4510 636 4576; x_wconf 90' lang='lat' dir='ltr'>erunt,</span> <span class='ocrx_word' id='word_1_412' title='bbox 661 4503 740 4581; x_wconf 91' lang='lat' dir='ltr'>quod</span> <span class='ocrx_word' id='word_1_413' title='bbox 763 4509 830 4563; x_wconf 89' lang='lat' dir='ltr'>erat</span> <span class='ocrx_word' id='word_1_414' title='bbox 852 4501 1046 4579; x_wconf 84' lang='lat' dir='ltr'>probandum.</span> <span class='ocrx_word' id='word_1_415' title='bbox 1087 4498 1284 4562; x_wconf 89' lang='lat' dir='ltr'>Corollarium</span> <span class='ocrx_word' id='word_1_416' title='bbox 1306 4501 1332 4562; x_wconf 93' lang='lat' dir='ltr'>I.</span> <span class='ocrx_word' id='word_1_417' title='bbox 1377 4499 1516 4562; x_wconf 85' lang='lat' dir='ltr'>Latera</span> 
     </span>
     <span class='ocr_line' id='line_1_49' title="bbox 169 4586 1514 4675; baseline -0.004 -23"><span class='ocrx_word' id='word_1_418' title='bbox 169 4593 339 4675; x_wconf 87' lang='lat' dir='ltr'>trianguli</span> <span class='ocrx_word' id='word_1_419' title='bbox 361 4600 449 4654; x_wconf 91' lang='lat' dir='ltr'>sunt</span> <span class='ocrx_word' id='word_1_420' title='bbox 469 4592 777 4671; x_wconf 88' lang='lat' dir='ltr'>proportionalia.</span> <span class='ocrx_word' id='word_1_421' title='bbox 824 4590 903 4651; x_wconf 75' lang='lat' dir='ltr'>uam</span> <span class='ocrx_word' id='word_1_422' title='bbox 925 4591 989 4664; x_wconf 83' lang='lat' dir='ltr'>AF,</span> <span class='ocrx_word' id='word_1_423' title='bbox 1014 4589 1078 4663; x_wconf 83' lang='grc' dir='ltr'>ΕΙ),</span> <span class='ocrx_word' id='word_1_424' title='bbox 1103 4589 1155 4659; x_wconf 80' lang='grc' dir='ltr'>ΕΕ</span> <span class='ocrx_word' id='word_1_425' title='bbox 1179 4598 1253 4650; x_wconf 90' lang='lat' dir='ltr'>sunt</span> <span class='ocrx_word' id='word_1_426' title='bbox 1274 4586 1514 4669; x_wconf 90' lang='lat' dir='ltr'>proportionales</span> 
     </span>
     <span class='ocr_line' id='line_1_50' title="bbox 169 4675 1516 4762; baseline -0.008 -15"><span class='ocrx_word' id='word_1_427' title='bbox 169 4697 215 4759; x_wconf 83' lang='lat' dir='ltr'>per</span> <span class='ocrx_word' id='word_1_428' title='bbox 236 4680 272 4747; x_wconf 82' lang='lat'>8.·</span> <span class='ocrx_word' id='word_1_429' title='bbox 289 4684 346 4746; x_wconf 80' lang='lat' dir='ltr'>v1.</span> <span class='ocrx_word' id='word_1_430' title='bbox 384 4683 438 4761; x_wconf 43' lang='lat' dir='ltr'>At,</span> <span class='ocrx_word' id='word_1_431' title='bbox 451 4680 508 4743; x_wconf 87' lang='grc' dir='ltr'>ΕΙ)</span> <span class='ocrx_word' id='word_1_432' title='bbox 531 4688 581 4742; x_wconf 92' lang='lat' dir='ltr'>est</span> <span class='ocrx_word' id='word_1_433' title='bbox 603 4679 738 4762; x_wconf 83' lang='lat' dir='ltr'>aequalis</span> <span class='ocrx_word' id='word_1_434' title='bbox 761 4679 858 4740; x_wconf 88' lang='lat' dir='ltr'>lineae</span> <span class='ocrx_word' id='word_1_435' title='bbox 872 4679 937 4741; x_wconf 83' lang='lat' dir='ltr'>AF.</span> <span class='ocrx_word' id='word_1_436' title='bbox 974 4678 1056 4758; x_wconf 86' lang='lat' dir='ltr'>Ergo</span> <span class='ocrx_word' id='word_1_437' title='bbox 1080 4676 1234 4760; x_wconf 61' lang='lat' dir='ltr'>ED,.le·*,</span> <span class='ocrx_word' id='word_1_438' title='bbox 1259 4677 1312 4740; x_wconf 80' lang='lat' dir='ltr'>FB</span> <span class='ocrx_word' id='word_1_439' title='bbox 1335 4676 1395 4738; x_wconf 89' lang='lat' dir='ltr'>tria</span> <span class='ocrx_word' id='word_1_440' title='bbox 1418 4675 1516 4743; x_wconf 85' lang='lat' dir='ltr'>latera</span> 
     </span>
     <span class='ocr_line' id='line_1_51' title="bbox 170 4763 1515 4866; baseline -0.004 -34"><span class='ocrx_word' id='word_1_441' title='bbox 170 4771 328 4855; x_wconf 86' lang='lat' dir='ltr'>rectaoguli</span> <span class='ocrx_word' id='word_1_442' title='bbox 351 4779 424 4836; x_wconf 86' lang='lat' dir='ltr'>sunt</span> <span class='ocrx_word' id='word_1_443' title='bbox 444 4768 692 4866; x_wconf 88' lang='lat' dir='ltr'>proportionalia.</span> <span class='ocrx_word' id='word_1_444' title='bbox 738 4769 784 4832; x_wconf 83' lang='lat' dir='ltr'>At</span> <span class='ocrx_word' id='word_1_445' title='bbox 803 4766 888 4830; x_wconf 80' lang='lat' dir='ltr'>EFD</span> <span class='ocrx_word' id='word_1_446' title='bbox 910 4768 1094 4848; x_wconf 88' lang='lat' dir='ltr'>triangulum</span> <span class='ocrx_word' id='word_1_447' title='bbox 1117 4765 1246 4848; x_wconf 87' lang='lat' dir='ltr'>partiale</span> <span class='ocrx_word' id='word_1_448' title='bbox 1265 4773 1315 4840; x_wconf 83' lang='lat' dir='ltr'>est</span> <span class='ocrx_word' id='word_1_449' title='bbox 1336 4763 1433 4833; x_wconf 84' lang='lat' dir='ltr'>simile</span> <span class='ocrx_word' id='word_1_450' title='bbox 1448 4764 1515 4841; x_wconf 91' lang='lat' dir='ltr'>toti,</span> 
     </span>
     <span class='ocr_line' id='line_1_52' title="bbox 1259 4864 1303 4919; baseline 0 -18"><span class='ocrx_word' id='word_1_451' title='bbox 1259 4864 1303 4919; x_wconf 58' lang='grc' dir='ltr'>μ</span> 
     </span>
    </p>
   </div>
   <div class='ocr_carea' id='block_1_3' title="bbox 0 0 1696 5482">
    <p class='ocr_par' dir='ltr' id='par_1_5' title="bbox 0 0 1696 5482">
     <span class='ocr_line' id='line_1_53' title="bbox 0 0 1696 5482; baseline 0 0"><span class='ocrx_word' id='word_1_452' title='bbox 0 0 1696 5482; x_wconf 95' lang='lat' dir='ltr'> </span> 
     </span>
    </p>
   </div>
  </div>
 </body>
</html>
