3366 5482
676 297 788 360 try-urs
809 297 1009 366 amomum

715 510 835 607 Caput
862 509 969 582 XIII.

160 669 218 731 De
241 670 461 751 computandis
483 668 609 730 orbibus
632 668 688 746 qui
711 667 895 747 corporibus
922 668 1139 728 immituntur
1164 673 1194 728 et
1216 668 1527 731 careremetribrettrr.

250 811 406 871 Hactenus
430 807 501 869 nibil
527 808 653 881 dictum,
686 807 741 868 nisi
772 817 976 868 consentanea
1001 807 1147 886 quaedam
1173 806 1261 884 sigua
1289 818 1322 869 et
1349 808 1451 871 tinore
1474 829 1527 872 su·

162 899 259 978 scepti
284 897 491 961 theorematis.
530 897 733 958 Transeamus
758 897 846 956 modo
870 896 908 956 ad
932 895 1108 971 ἀποςηματα
1132 895 1248 956 orbium
1266 897 1475 960 astronomiae
1496 906 1529 960 et

164 988 438 1048 demonstrationes
467 987 684 1064 geometricas:
721 1004 796 1064 quae
826 984 884 1045 uisi
913 986 1123 1058 consentiant,
1157 985 1261 1063 procul
1290 986 1381 1048 dnbio
1410 1004 1528 1049 omnem

160 1077 391 1155 praecedentem
417 1092 539 1152 operam
564 1074 732 1135 luserimus.
771 1073 904 1134 Primum
923 1074 1051 1133 omnium
1071 1072 1237 1148 rideamus,
1263 1073 1291 1133 in
1316 1083 1431 1154 quanta
1452 1093 1527 1155 pro·

159 1162 297 1244 portione
323 1164 385 1225 sint
407 1164 496 1223 orbes
521 1163 648 1242 singulis
678 1161 723 1221 bis
755 1163 883 1241 quinque
913 1161 1086 1239 corporibus
1111 1163 1300 1240 regularibus
1325 1162 1464 1243 inscripti
1489 1164 1527 1225 ad

160 1251 414 1331 circumscriptos.
1437 1318 1440 1323 ,

247 1340 291 1402 Ει
314 1339 390 1401 radii
415 1338 532 1419 quidem
563 1336 628 1398 sive
657 1336 871 1399 semidiametri
901 1337 1192 1415 circumscriptorum
1224 1350 1357 1417 aequant
1380 1338 1526 1400 semidia-

155 1427 266 1508 'gonios
291 1447 458 1509 corpomm.
505 1428 585 1489 itam
610 1426 667 1486 uisi
692 1444 795 1486 omncs
819 1425 920 1504 anguli
949 1426 1060 1504 figurae
1086 1426 1243 1505 tetigerint
1265 1427 1392 1487 eandem
1417 1445 1526 1506 super·

161 1516 267 1592 ficiem,
292 1535 400 1596 corpus
424 1516 562 1596 regulare
588 1534 645 1575 non
670 1514 737 1574 erit.
775 1513 843 1576 Bini
869 1523 968 1575 autem
992 1514 1092 1593 anguli
1113 1514 1245 1593 oppositi
1268 1524 1371 1576 mutuo
1396 1524 1429 1578 et
1451 1534 1525 1577 ceu·

155 1616 238 1668 ,trum
262 1607 376 1686 figurae
401 1624 520 1685 semper
548 1613 620 1665 sunt
648 1604 676 1664 in
706 1602 811 1663 eadem
840 1603 919 1663 linea
947 1603 1010 1663 sire
1040 1603 1089 1664 axi
1113 1603 1204 1665 orbis.
1251 1602 1412 1683 Excipitur
1435 1623 1525 1667 uuum

160 1696 347 1768 tetralldrou,
372 1694 453 1772 quod
476 1694 570 1754 habet
593 1693 728 1772 singulos
753 1692 879 1769 angulos
903 1692 1029 1770 siugulis
1055 1690 1197 1753 facierum
1221 1692 1334 1753 centris
1354 1693 1522 1773 oppositos.

248 1782 319 1844 Jam
345 1791 431 1843 recta
454 1790 637 1844 connectens
662 1789 767 1841 centra
790 1782 901 1859 figurae
925 1789 957 1840 et
985 1780 1067 1841 basis
1091 1789 1139 1840 est
1163 1782 1264 1843 radius
1289 1780 1354 1841 sire
1378 1781 1524 1844 semidie-

159 1881 257 1935 meter
290 1870 426 1950 inscripti
459 1888 514 1949 per
546 1870 683 1932 ultimam
717 1868 765 1929 lib.
794 1868 865 1930 XV.
919 1868 1066 1947 Campani
1095 1869 1124 1929 in
1152 1869 1318 1931 Euclidem.
1339 1864 1385 1944 ¹⁸)
1433 1869 1525 1933 Orbis

160 1960 238 2022 enim
262 1960 424 2039 inscriptus
449 1969 574 2038 tangere
606 1958 697 2018 debet
724 1957 824 2016 omnia
854 1968 960 2018 centra
993 1960 1117 2036 figurae,
1154 1967 1185 2018 et
1214 1959 1327 2038 figurae
1359 1958 1525 2039 inscriptae

163 2066 232 2109 cum
254 2047 489 2126 circumscriptis
513 2066 615 2107 omues
639 2046 797 2124 possident
820 2046 896 2105 idem
920 2056 1065 2107 centrum.

314 2169 360 2216 m,
377 2166 410 2208 ffi,
638 2133 724 2203 Quod
742 2152 807 2193 cum
822 2134 867 2193 ita
881 2133 930 2207 sit,
957 2135 1045 2195 facile
1061 2143 1109 2195 est
1123 2134 1235 2209 ridere,
1254 2135 1423 2213 potentiam
1438 2135 1525 2208 radii,

545 2243 604 2303 quo
619 2221 746 2283 circulus
761 2220 827 2281 basi
843 2221 1103 2297 circumscribitur,
1120 2222 1313 2284 auferendam
1332 2224 1369 2285 de
1387 2225 1528 2303 potentia

547 2310 624 2372 radii
640 2310 720 2370 orbis
736 2309 963 2388 circumscripti,
979 2321 1012 2372 ut
1027 2311 1148 2372 residua
1162 2311 1203 2372 sit
1216 2312 1354 2390 putentia
1368 2312 1526 2392 quaesitae

550 2400 648 2461 lineae
674 2418 725 2459 seu
750 2399 825 2459 radii
851 2399 931 2461 orbis
955 2399 1101 2479 inscripti.
1143 2400 1176 2460 lu
1202 2401 1345 2480 adjuncto
1370 2402 1526 2464 schemate

546 2487 639 2549 ΗΟΜ
657 2496 705 2547 est
719 2487 784 2546 aris
800 2487 1017 2567 circumscripti
1036 2489 1127 2562 orbis,
1144 2488 1238 2566 cujus,
1255 2498 1289 2551 ut
1304 2498 1335 2551 et
1349 2490 1464 2569 figurae
1478 2491 1526 2552 iu·

549 2577 681 2656 scriptae
696 2594 850 2636 commune
866 2587 998 2638 centrum
1016 2577 1043 2637 iu
1057 2577 1094 2648 Ο,
1109 2575 1198 2637 HGL
1212 2577 1333 2656 plenum
1344 2597 1435 2640 uuum
1449 2579 1525 2658 figu-

277 2719 303 2786 4
349 2602 434 2779 k
548 2685 608 2740 rae,
634 2664 719 2812 (³⁰93.
736 2664 783 2813 lqic
803 2665 844 2766 sit
859 2665 956 2814 {ateis
976 2665 998 2813 ἑ1
1016 2675 1154 2814 centmmt
1166 2665 1333 2816 baSisss·H(i
1347 2667 1451 2817 radiqrs
1466 2668 1526 2729 cir·

254 2813 257 2820 ,
302 2772 345 2821 4
547 2773 673 2815 cumscrr
712 2773 721 2813 ι
766 2773 821 2815 asr.
924 2773 1065 2815 recaex
1085 2773 1138 2814 ceu
1157 2773 1189 2815 ro
1209 2775 1243 2815 or
1267 2775 1290 2816 rs
1357 2776 1385 2816 ιιι
1452 2774 1525 2816 ceu·

348 2833 625 2943 *Etiam
641 2772 763 2902 miiroris
784 2841 886 2902 circuli
909 2843 1040 2903 demissa
1063 2843 1318 2921 perpendicularis
1338 2843 1398 2905 erit
1416 2845 1527 2907 circulo

549 2942 580 2992 et
604 2932 699 2992 lineae
715 2929 774 2991 HJ.
800 2931 833 2990 lu
850 2931 999 3011 triangulo
1015 2932 1105 3009 igitur
1118 2930 1198 2992 HJO
1213 2932 1340 3012 angulus
1360 2932 1400 2993 ad
1418 2931 1439 2993 J
1457 2951 1526 2994 ree-

549 3029 608 3081 tus.
638 3019 719 3096 Ergo
739 3016 797 3079 ΗΟ
822 3021 958 3096 potentia
982 3029 1093 3100 aequet
1116 3022 1270 3099 potentias
1295 3019 1353 3095 HJ,
1378 3019 1438 3084 JO.
1487 3022 1529 3083 Et

283 3097 305 3148 1¹
547 3108 685 3188 potentia
699 3105 747 3167 HJ
768 3108 872 3168 ablata
887 3127 924 3168 err
944 3109 1001 3169 ΗΟ
1021 3108 1167 3187 potentia,
1192 3109 1334 3190 relinquit
1348 3108 1398 3172 JO
1418 3119 1529 3190 poten·

168 3200 241 3263 tiam
267 3201 436 3279 quaesitam
460 3200 512 3272 (Ε.
538 3199 560 3269 1,
586 3192 655 3268 47).
677 3189 721 3268 ²⁶)

252 3290 331 3350 Hinc
360 3297 500 3367 apparet,
533 3294 565 3346 ut
593 3285 740 3345 habeatur
762 3283 811 3343 JO
843 3285 870 3344 iu
900 3284 1037 3345 omuibus
1071 3286 1186 3369 liguris,
1226 3286 1430 3365 quaerendam
1459 3305 1528 3349 esse

164 3378 247 3458 prius
271 3377 321 3437 HJ
345 3377 459 3438 radium
479 3375 574 3435 basis.
622 3373 759 3432 liabetur
782 3384 884 3433 autem
908 3383 940 3433 et
962 3374 1012 3434 HJ
1036 3374 1152 3446 radius,
1182 3375 1303 3454 cognito
1331 3376 1426 3436 latere
1450 3375 1529 3456 figu-

165 3486 231 3539 rae,
261 3467 307 3526 eui
336 3464 477 3526 circulum
509 3461 734 3524 circumscribit.
785 3461 862 3522 Hinc
894 3481 1025 3536 rursum,
1060 3471 1093 3523 ut
1122 3464 1224 3524 radius
1253 3464 1336 3525 basis
1366 3463 1528 3540 habeatur,

165 3554 366 3635 quaerendum
388 3553 471 3632 prius
496 3552 575 3612 latus
600 3549 760 3628 cujuslibet
789 3551 909 3628 figurae.

253 3641 403 3703 Assumto
427 3640 518 3716 igitur
541 3639 625 3699 radio
648 3638 865 3716 circumscripti
890 3639 1050 3718 cujuslibet
1073 3641 1102 3701 in
1128 3641 1299 3719 quantitate
1323 3641 1409 3702 sinus
1433 3641 1530 3703 totius

159 3726 253 3793 ’1000
277 3731 407 3810 partium
433 3728 560 3800 (suflicit
584 3736 685 3788 nostro
710 3727 850 3787 instituto
875 3727 948 3787 haec
973 3729 1048 3789 radii
1066 3729 1257 3807 magnitudo)
1282 3729 1423 3810 potentia
1446 3730 1529 3791 late-

165 3820 205 3881 ris
231 3820 325 3881 cubici
351 3818 451 3890 (Eucl.
477 3817 562 3888 Xlll,
596 3815 646 3887 15)
672 3826 814 3894 estpars
840 3817 931 3876 tertia
954 3819 1107 3896 potentiae
1133 3820 1209 3892 aris,
1234 3828 1268 3879 ut
1291 3819 1317 3879 si
1341 3818 1409 3879 artis
1433 3819 1529 3880 habet

165 3906 265 3980 2000,
297 3909 376 3969 lutus
402 3906 468 3968 cubi
494 3905 586 3966 habet
615 3901 705 3965 1155.
754 3904 875 3964 Lateris
904 3906 1037 3967 octaedri
1068 3907 1204 3984 potentia
1229 3906 1331 3987 (Eucl.
1356 3907 1443 3982 XlIl,
1474 3905 1531 3983 tt)

165 4007 213 4057 ost
237 3997 390 4058 dimidium
416 3995 569 4073 potentiae
594 3992 670 4054 aris.
717 3993 838 4053 Lateris
855 3994 1028 4055 tetmtldrici
1043 3995 1181 4073 potentia
1196 4006 1245 4057 est
1262 3996 1315 4068 (ib.
1336 3993 1391 4068 13)
1407 3997 1530 4077 sesqui·

164 4085 262 4145 altera
292 4104 362 4164 pars
392 4085 428 4144 de
456 4083 594 4162 potentia
627 4075 759 4153 axis²')
807 4083 906 4160 Atque
942 4083 1086 4143 hacteuus
1118 4084 1182 4145 usui
1212 4085 1269 4145 fuit
1297 4103 1420 4146 aureum
1455 4084 1531 4147 illud

164 4161 320 4233 theorema
343 4173 535 4253 Pythagorae
564 4172 600 4232 de
624 4169 769 4250 potentiis
799 4171 925 4231 laterum
955 4171 983 4231 iu
1009 4173 1158 4250 triangulo
1183 4175 1367 4252 rectangulo.
1415 4174 1450 4234 In
1477 4193 1530 4235 oe-

163 4261 238 4322 teris
268 4261 382 4321 duobus
407 4262 580 4339 corporibus
610 4262 705 4319 altero
731 4258 780 4319 illo
809 4260 994 4335 geometriae
1023 4261 1165 4321 thesauro
1189 4279 1264 4340 opus
1289 4270 1351 4336 est,
1381 4263 1419 4322 de
1449 4263 1531 4324 linea

164 4350 329 4409 secuudum
353 4357 517 4409 extremam
547 4357 578 4407 ct
602 4347 730 4408 mediam
756 4348 902 4408 rationem
932 4358 1017 4409 secta
1041 4348 1141 4421 (Eucl.
1169 4351 1224 4425 Vl,
1250 4345 1316 4422 30).
1365 4351 1448 4412 liam
1472 4353 1530 4412 do·

164 4437 374 4499 decabdricum
399 4437 480 4498 latus
504 4445 552 4496 est
575 4437 672 4513 niujor
695 4437 792 4514 portio
819 4437 922 4497 lateris
947 4439 1041 4498 cubici
1066 4438 1143 4498 secti
1173 4439 1336 4499 secundum
1356 4434 1531 4501 ‘extremam

164 4538 194 4588 ct
217 4527 346 4587 mediam
372 4525 518 4585 rationem
544 4524 643 4597 (Eucl.
669 4525 754 4599 Xlll,
784 4526 832 4586 17.
851 4525 961 4598 Cor.).'
995 4526 1046 4588 Sic
1070 4546 1122 4605 pro
1148 4527 1332 4589 icosabdrico
1356 4528 1455 4590 latere
1481 4530 1530 4590 iu·

163 4615 310 4676 veniendo
335 4614 460 4694 primum
486 4615 638 4693 quaeritur
662 4615 763 4675 radius
789 4615 867 4675 illius
892 4615 1002 4688 circuli,
1029 4616 1077 4695 qui
1103 4616 1229 4696 quinque
1255 4616 1405 4678 icosabdri
1429 4617 1532 4696 tangit

164 4704 298 4782 angulos,
316 4703 365 4784 qui
380 4700 494 4764 estAC
513 4703 540 4762 iu
557 4703 667 4764 circulo
678 4703 808 4781 ABOEg.
828 4700 888 4775 19).
909 4704 985 4782 Ejus
1000 4705 1137 4783 potentia
1152 4714 1200 4765 est
1211 4704 1314 4784 quinta
1328 4722 1402 4783 pars
1419 4708 1457 4768 de
1471 4726 1529 4787 po-

165 4791 260 4854 tentia
275 4792 342 4854 axis
358 4792 459 4864 (Enel.
475 4790 561 4866 Xlll,
583 4787 631 4853 16.
650 4790 735 4864 Cor.)
769 4791 865 4872 lgitur
880 4792 934 4865 (ib.
952 4792 971 4856 5
988 4802 1020 4855 et
1034 4789 1070 4866 9)
1094 4793 1169 4856 radii
1185 4794 1272 4856 istius
1286 4794 1344 4857 AO
1364 4797 1529 4859 secuudum
