3366 5482
222 262 287 333 app
687 265 716 315 n
734 207 805 329 api.
824 264 903 326 ryeu
924 272 1012 316 aaa·
1029 265 1117 316 unum

267 471 270 474 ι
298 430 346 483 Dc
367 429 431 482 lite
452 442 563 480 causa
582 426 835 496 hypothesium
857 426 1029 479 domiuum
1050 427 1244 495 Tyobouem
1266 428 1368 481 inter
1394 435 1431 481 et
1452 428 1581 483 Ursum⁴

259 544 262 548 ’
298 542 365 596 Cum
386 559 404 596 a
424 559 467 595 me
488 548 598 611 peteret
618 540 726 611 quidam
748 541 843 593 doctus
865 540 918 598 vir,
947 546 979 592 ut
1000 557 1084 608 super
1105 542 1157 594 hac
1177 558 1208 593 re
1225 540 1358 610 judicium
1379 559 1471 596 meum
1493 545 1529 596 ad
1552 560 1583 597 se
1661 558 1663 562 “

218 623 424 694 perscriberem,
446 621 574 690 respondi
596 620 623 672 iu
644 622 716 673 hunc
737 621 794 672 fere
816 621 930 681 modum,
953 627 1085 688 quantum
1111 620 1174 673 mihi
1198 621 1340 674 succurrit.
1384 621 1507 675 Primum
1529 640 1582 676 nou

217 703 394 764 dissimulavi,
417 719 459 754 me
481 701 559 753 irasci
583 701 659 761 Urso,
682 699 727 770 qui
749 699 869 768 epistola
890 716 952 752 mea
974 699 1127 752 inconsulto
1149 717 1191 753 me
1212 700 1358 769 publicata
1378 703 1460 754 foede
1476 703 1582 756 abusus

218 789 271 838 est.
314 784 413 852 ltaque
435 782 522 850 ipsum
544 779 717 833 considerare
734 779 820 847 jussi,
844 796 878 832 an
901 780 1002 831 affectu
1024 780 1154 847 abripiat.
1198 780 1305 833 Deinde
1333 780 1469 849 judicium
1491 799 1582 836 meum

218 865 251 917 de
273 862 465 915 scommatibus
488 860 559 912 ferre
581 876 672 911 coram
693 859 800 911 homine
821 859 933 926 politico
955 859 1038 911 nolui.
1082 860 1159 920 Quod
1186 866 1278 913 autem
1300 859 1492 930 quaestionem
1516 861 1582 915 atti·

220 951 281 1004 net,
312 948 375 994 uter
396 939 511 993 alterius
533 945 647 1007 usurpet
669 940 854 1007 hypotheses,
886 938 937 990 etsi
968 938 1136 1007 hypothesin
1158 939 1240 992 aliam
1262 957 1316 1010 ego
1339 955 1453 1011 sequar,
1488 947 1582 995 minen

217 1021 303 1076 videri
323 1037 399 1073 reum
421 1020 519 1072 Ursum
549 1018 697 1071 insimulati
728 1017 854 1070 criminis.
897 1019 1086 1070 Fundamenta
1116 1019 1186 1070 haec
1216 1020 1309 1073 fuere:
1346 1021 1454 1073 fatetur
1484 1021 1581 1084 Ursus,

218 1119 248 1156 se
270 1101 398 1154 schedam
424 1099 543 1168 aliquem
574 1097 703 1151 eDauia
733 1098 847 1150 allatam
870 1099 941 1165 apud
963 1098 1179 1168 Rolleuhagium
1207 1098 1373 1163 ostendisse,
1406 1107 1436 1151 et
1456 1099 1510 1152 boc
1531 1117 1582 1169 ap·

217 1181 307 1251 pellat
327 1179 428 1232 furtum
451 1177 684 1246 philosophicum,
715 1185 860 1246 monetque
882 1177 1054 1247 Tyohonem,
1077 1178 1164 1229 discat
1185 1179 1303 1246 posthac
1323 1195 1369 1231 res
1391 1194 1457 1232 suas
1480 1181 1581 1233 melius

217 1258 362 1315 custodire.
405 1259 521 1311 Fatetur
542 1257 620 1319 idem,
643 1274 696 1309 nou
717 1275 746 1308 se
769 1257 883 1324 primum
898 1274 958 1309 esse
974 1256 1162 1327 hypotheseos
1178 1258 1251 1310 illius
1267 1264 1418 1320 auctorem,
1444 1257 1497 1311 uisi
1513 1276 1581 1329 qua·

217 1347 296 1394 tenus
312 1339 422 1391 Terram
447 1336 697 1390 fecitrerolutioue
713 1335 810 1388 diurna
825 1335 959 1389 mobilem.
990 1337 1040 1390 Ait
1054 1337 1183 1405 denique,
1209 1337 1325 1390 indidem
1349 1356 1379 1390 se
1403 1339 1581 1407 excerpsisse

216 1420 395 1492 hypotheses,
411 1419 483 1470 uude
497 1422 527 1469 et
541 1416 635 1485 Tycho
650 1415 835 1483 excerpserit:
861 1432 923 1468 nam
948 1424 1061 1468 exstare
1086 1416 1112 1468 in
1128 1416 1278 1485 Copernico
1302 1422 1331 1470 et
1345 1417 1509 1470 Ptolemaeo
1529 1435 1581 1471 ex·

215 1515 320 1570 presse.
363 1498 474 1549 Athos
496 1495 622 1548 ultimum
646 1495 746 1547 falsum
769 1502 820 1557 est,
846 1513 895 1547 nec
910 1496 980 1548 enim
1000 1502 1115 1549 exstant
1129 1495 1207 1549 dictis
1222 1496 1288 1548 locis
1312 1496 1378 1549 illae
1393 1497 1578 1567 hypotheses.

215 1579 292 1650 Ergo
306 1595 343 1630 ex
357 1577 409 1630 hoc
432 1576 504 1638 falso
518 1580 548 1627 et
563 1575 650 1628 tribus
674 1574 766 1643 primis
781 1574 862 1635 veris,
888 1577 957 1644 quod
980 1594 1032 1628 uon
1047 1576 1084 1630 sit
1098 1575 1225 1628 inventor
1247 1576 1350 1645 primus
1374 1576 1576 1647 hypotheseos,

176 1659 177 1663 ’
215 1659 287 1729 quod
301 1657 362 1710 iude
378 1657 484 1709 babeat
497 1655 664 1724 hypothesin
679 1656 750 1706 uude
765 1661 794 1706 et
804 1655 905 1724 Tyoho,
922 1657 991 1724 quod
1007 1656 1134 1707 schedam
1149 1655 1294 1724 Tyehonis,
1316 1655 1343 1708 iu
1359 1672 1414 1725 qua
1428 1663 1493 1710 erat
1507 1656 1577 1709 baec

215 1736 394 1810 hypothesis,
419 1734 579 1796 abstulerit,
605 1734 682 1804 quasi
705 1753 741 1787 ex
765 1734 908 1787 elementis
933 1734 1094 1803 quibusdam
1118 1735 1289 1803 componitur
1311 1736 1381 1787 haec
1405 1735 1575 1804 conjectura,

214 1817 351 1888 Tychouis
367 1813 536 1885 hypothesin
551 1814 587 1866 ab
602 1814 671 1867 Urso
686 1819 795 1882 raptam
811 1822 840 1867 et
856 1831 904 1882 pro
920 1830 971 1866 sua
992 1814 1166 1868 vindicatam.
1211 1816 1287 1876 Quod
1303 1821 1396 1868 autem
1410 1832 1467 1868 nou
1482 1822 1576 1869 exstet

130 1925 136 1934 -
215 1896 354 1969 Tyohonis
370 1894 533 1965 hypothesis
559 1893 586 1946 iu
601 1892 750 1961 Copernico
766 1901 795 1945 et
810 1893 979 1955 Ptolemaeo,
1004 1902 1085 1965 patet
1109 1912 1144 1946 ex
1169 1894 1369 1962 depravatione
1393 1895 1517 1948 locorum
1541 1897 1576 1948 ab

215 1977 285 2031 Urso
300 1976 496 2046 allegatorum,
513 1989 579 2042 quos
595 1973 688 2025 ordine
703 1972 861 2025 ridebimus.

294 2055 357 2108 Lib.
382 2055 402 2106 l.
427 2069 487 2120 cap.
516 2053 561 2104 10.
604 2052 673 2104 Toto
697 2051 745 2104 illo
769 2053 859 2121 capite
875 2053 1040 2121 Copernious
1065 2054 1186 2105 modeste
1210 2059 1239 2105 et
1263 2053 1338 2105 lento
1363 2068 1515 2125 progressu
1539 2071 1575 2106 ex

215 2135 298 2190 Mart.
313 2133 431 2202 Capella
445 2131 589 2184 occasione
604 2132 687 2183 ducta
709 2134 743 2184 ad
758 2132 971 2200 explicationem
994 2140 1023 2184 et
1038 2149 1168 2185 summam
1183 2132 1377 2185 necessitatem
1402 2149 1471 2185 suae
1486 2133 1573 2203 hypo·

215 2214 326 2268 theseos
342 2211 456 2265 accedit.
497 2211 566 2262 Nam
591 2209 656 2279 quia
674 2211 792 2278 Capella
819 2211 866 2273 ait,
894 2214 1027 2266 Venerem
1050 2219 1079 2264 et
1094 2211 1257 2265 Mercurium
1282 2211 1355 2265 circa
1378 2229 1479 2280 corpus
1502 2212 1573 2266 Solis

215 2309 361 2359 conversas
385 2290 494 2345 absides
519 2290 632 2351 habere,
656 2307 693 2343 ex
716 2290 768 2343 hoo
792 2298 918 2360 apparet,
944 2292 1019 2344 illum
1035 2292 1158 2344 conferre
1173 2297 1270 2344 centra
1284 2290 1388 2345 orbium
1413 2291 1523 2345 illorum
1547 2291 1572 2344 in

215 2372 316 2428 Solem.
358 2371 396 2424 Et
420 2376 519 2438 postea
543 2369 680 2439 sequitur:
705 2370 1040 2432 hincsumtaoccasioue,
1067 2372 1088 2424 si
1105 2371 1163 2440 quis
1180 2366 1334 2440 (iutellige:
1359 2371 1382 2423 si
1401 2389 1456 2443 ego
1472 2373 1572 2440 Coper-

215 2446 306 2518 nious)
322 2451 468 2504 Saturnum
484 2465 599 2518 quoque,
614 2449 709 2502 Jorem
724 2457 754 2503 et
768 2449 884 2504 blartem
900 2454 934 2504 ad
949 2452 1016 2504 illud
1032 2451 1119 2520 ipsum
1134 2458 1256 2504 centrum
1272 2452 1406 2513 conferat,
1428 2468 1484 2504 nou
1498 2467 1572 2504 erra·

214 2532 265 2596 bit,
289 2530 315 2584 id
340 2532 410 2600 quod
435 2527 566 2582 canonica
590 2527 697 2581 illorum
721 2536 842 2582 motuum
865 2531 937 2583 ratio
961 2531 1093 2592 declarat,
1119 2538 1149 2583 et
1163 2532 1233 2600 quod
1257 2530 1413 2584 declarabit
1437 2531 1572 2599 hocopus

215 2627 311 2673 meum,
327 2610 354 2663 iu
370 2626 421 2679 quo
437 2607 594 2661 canonicam
609 2608 829 2663 honorationem
844 2627 880 2663 ex
895 2611 946 2663 tali
961 2610 1109 2681 hypothesi
1124 2608 1275 2663 construxi.
1318 2609 1370 2663 Hic
1385 2610 1471 2663 Ursus
1491 2609 1572 2679 simu·

214 2691 266 2753 lat,
289 2688 439 2758 Coperuico
454 2688 486 2739 de
502 2687 653 2740 mutatione
668 2688 763 2759 aliqua
783 2706 849 2742 suae
865 2691 1052 2759 hypotheseos
1068 2706 1218 2743 sermonem
1233 2705 1302 2752 esse,
1328 2707 1389 2743 cum
1404 2690 1572 2759 Copernious

214 2770 332 2826 noudum
356 2785 434 2821 suam
457 2766 597 2836 propriam
621 2768 798 2836 explicuerit,
825 2771 872 2821 sed
890 2769 950 2838 jam
973 2769 1014 2822 his
1031 2770 1098 2837 ipsis
1113 2769 1204 2821 verbis
1229 2769 1331 2822 aditum
1353 2768 1406 2822 sihi
1425 2770 1515 2823 faciat
1538 2771 1572 2822 ad

215 2850 292 2904 illam
316 2848 518 2918 explicandam.
560 2845 631 2899 Nam
655 2848 677 2899 si
700 2848 864 2917 Copernious
889 2849 1003 2902 vidisset
1027 2852 1096 2919 quod
1112 2849 1214 2918 Tycho,
1237 2865 1318 2916 posse
1332 2849 1424 2902 Solem
1445 2849 1571 2902 mobilem

214 2945 306 2985 auusm
320 2934 394 2982 motu
417 2925 592 2998 nihilomiuus
616 2943 726 2980 manere
750 2935 872 2981 centrum
888 2929 904 2981 5
921 2930 1096 2997 planetarum
1112 2925 1179 2995 (non
1203 2928 1294 2997 potuit
1309 2935 1401 2981 autem
1426 2928 1453 2981 id
1468 2929 1570 2990 ridere,

213 3008 447 3082 quiarealitatem
458 3005 563 3059 orbium
573 3005 708 3070 credidit),
724 3024 772 3059 cur
781 3009 866 3076 paulo
878 3015 942 3077 post
952 3009 1077 3069 dixisset,
1094 3007 1259 3061 alterutrum
1270 3024 1382 3060 necesse
1393 3024 1464 3071 esse,
1480 3016 1513 3061 ut
1523 3016 1572 3061 aut

213 3090 292 3144 nulla
307 3088 345 3141 sit
359 3087 432 3140 orbis
448 3084 561 3138 Terreni
575 3087 717 3157 proportio
732 3089 766 3140 ad
782 3088 874 3140 orbem
889 3089 1015 3150 lixarum,
1033 3095 1082 3142 aut
1101 3088 1209 3140 infinita
1223 3088 1273 3139 illa
1297 3089 1445 3141 secuudum
1460 3096 1571 3141 veteres

215 3167 320 3224 orbium
334 3166 480 3221 multitudo
491 3167 675 3220 coucedatur?
709 3167 777 3220 Nam
793 3168 912 3237 quicum
928 3168 1166 3238 Tychouesentit,
1193 3166 1233 3219 illi
1249 3174 1374 3220 neutrum
1390 3174 1569 3220 estnecesse.

692 3247 753 3300 Lib.
769 3248 817 3300 111.
840 3264 900 3315 cap.
918 3247 964 3300 25.
1009 3247 1061 3300 Hic
1076 3265 1128 3300 nou
1144 3247 1314 3300 intellectum
1331 3248 1367 3299 ab
1383 3247 1452 3300 Urso
1468 3248 1571 3317 Coper-

613 3328 702 3381 uicum
722 3334 772 3381 aut
794 3326 821 3379 id
842 3328 932 3380 studio
956 3345 1009 3380 uon
1033 3329 1103 3380 bono
1127 3327 1334 3389 dissimulatum,
1359 3343 1439 3380 nemo
1459 3327 1506 3397 qui
1521 3328 1570 3380 Co·

614 3406 752 3476 peruicum
775 3407 910 3477 intelligit
933 3406 1061 3460 dubitare
1082 3414 1184 3474 potest.
1228 3405 1378 3475 Copernioo
1403 3407 1437 3459 de
1461 3406 1572 3461 theoria

613 3486 685 3540 Solis
700 3495 743 3538 est
758 3503 854 3547 sermo,
878 3488 919 3539 cui
942 3487 1012 3539 liber
1036 3487 1083 3539 ille
1098 3487 1253 3539 destinatus
1275 3491 1326 3538 est.
1369 3487 1456 3540 Ursus
1479 3496 1570 3540 autem

614 3572 704 3636 putat,
729 3565 805 3619 illum
820 3567 894 3636 loqui
916 3569 948 3619 de
971 3566 1153 3619 universitate
1178 3565 1374 3635 hypothesium
1396 3566 1486 3636 deque
1507 3582 1570 3635 par·

615 3646 682 3699 tium
696 3647 893 3699 mundanarum
908 3654 1003 3700 mutuo
1018 3662 1162 3700 consensu.
1192 3646 1228 3698 Ut
1242 3661 1286 3697 res
1297 3651 1404 3714 pateat,
1420 3646 1475 3698 duo
1491 3646 1569 3699 sche-

614 3728 692 3779 nlata
711 3741 820 3794 ponam,
843 3742 925 3779 unum
946 3727 1171 3794 repraesentabit
1189 3725 1277 3794 ipsam
1293 3724 1436 3793 Coperuici
1456 3725 1571 3794 primam

616 3805 790 3867 sententiam,
816 3806 933 3859 alterum
947 3823 1012 3858 vero
1028 3805 1142 3858 habebit
1157 3805 1232 3858 illam
1247 3804 1443 3867 variationem,
1468 3807 1504 3857 da
1518 3821 1573 3876 qua

617 3885 673 3938 illic
696 3885 847 3954 Copernioo
872 3903 959 3938 sermo
988 3891 1038 3938 est.
1081 3889 1105 3937 A
1131 3882 1192 3954 (lig.
1219 3878 1251 3945 8)
1275 3893 1399 3938 centrum
1426 3885 1571 3938 eccentrici

617 3967 728 4026 Terrae,
751 3981 848 4033 nempe
863 3965 909 4019 Sol
925 3965 992 4033 ipse,
1008 3965 1030 4016 B
1046 3964 1216 4034 epicyclium,
1234 3965 1303 4032 quod
1319 3968 1410 4017 annuo
1426 3970 1504 4020 motu
1518 3963 1571 4018 uui

616 4061 676 4097 cum
699 4045 852 4098 eccentrico
876 4045 902 4097 in
918 4052 1013 4114 partes
1029 4046 1170 4113 oppositas
1188 4043 1353 4106 restituitur,
1378 4046 1465 4112 paulo
1479 4051 1571 4099 nmen

615 4125 758 4178 deficiente
769 4124 953 4185 restitutione,
969 4125 1007 4176 sic
1017 4133 1048 4177 ut
1063 4143 1099 4177 cx
1110 4125 1158 4177 illo
1173 4126 1281 4176 deiectu
1297 4130 1432 4193 sequatur
1442 4141 1570 4196 progres-

615 4222 661 4258 sus
676 4204 810 4274 apogaei;
833 4205 986 4258 Ccentrum
1009 4204 1135 4272 epioyclii
1155 4203 1273 4264 secundi,
1296 4204 1323 4255 in
1342 4221 1397 4272 quo
1411 4205 1501 4258 Terra
1523 4205 1571 4258 oir-

615 4285 698 4339 cumit
712 4284 790 4338 annis
807 4284 892 4345 3434,
909 4287 980 4336 unde
995 4284 1094 4337 accidit
1108 4283 1323 4337 eccentricitatis
1338 4285 1467 4338 mutatio.
1496 4286 1573 4338 Haeo

615 4365 780 4433 Copernious
796 4363 928 4433 allegatis
945 4364 980 4417 ab
996 4363 1065 4416 Urso
1084 4364 1175 4416 verbis
1191 4364 1230 4417 sio
1253 4363 1295 4416 ait
1307 4350 1411 4416 vaiiari
1427 4380 1520 4434 posse,
1541 4371 1572 4418 ut

615 4444 651 4497 sit
665 4444 772 4515 quidem
787 4448 811 4495 Α
826 4444 916 4495 mundi
931 4450 1062 4506 centrum,
1083 4445 1130 4496 sed
1144 4461 1199 4497 nou
1212 4441 1341 4512 ipsissimi
1356 4445 1481 4513 corporis
1495 4444 1571 4500 Sola·

614 4524 660 4586 ris,
684 4524 755 4578 circa
778 4527 848 4593 quod
874 4525 959 4576 Terra
982 4523 1009 4576 in
1027 4525 1053 4576 D
1079 4520 1136 4595 (hg.
1158 4520 1188 4587 0)
1212 4529 1288 4577 motu
1312 4539 1405 4577 auuuo
1424 4523 1573 4580 circumeat

616 4599 687 4671 (NB.
713 4605 799 4657 Terra
813 4603 962 4657 etiamnum
982 4601 1126 4665 circumit).
1168 4603 1215 4657 Sol
1240 4602 1277 4656 sit
1297 4602 1360 4657 inc
1384 4611 1415 4656 et
1430 4615 1572 4659 moveatur

614 4683 722 4752 quidem
747 4684 773 4737 in
788 4683 929 4754 epioycliis
943 4684 975 4747 B,
1002 4684 1031 4745 C,
1052 4686 1101 4737 sed
1124 4683 1165 4737 ita
1188 4684 1276 4745 tarde,
1301 4689 1334 4736 ut
1353 4700 1408 4737 uuo
1431 4700 1505 4740 anuo
1520 4702 1571 4738 uou

616 4762 702 4816 faciat
716 4762 873 4818 sensibilem
884 4779 1069 4835 progressum.
1092 4764 1194 4817 NamB
1210 4762 1374 4833 epioyclium
1383 4764 1466 4819 anais
1474 4764 1572 4821 stota

616 4842 667 4895 sub
690 4841 753 4898 lixis
767 4843 939 4905 restituitur;
964 4843 985 4898 G
1008 4859 1074 4896 rero
1097 4843 1261 4915 epioyclium
1285 4843 1364 4896 anuis
1378 4841 1469 4900 3434.
1511 4844 1571 4899 Jam
