3366 5482
688 222 846 286 Astrologlae
863 222 1013 274 amonim.
1465 222 1532 291 423

652 342 660 357 ’
727 382 858 445 rhesis
881 381 970 444 xm.

263 465 370 528 Tertia
392 487 486 530 causa
508 469 746 548 praedictionum
768 471 894 553 physica
918 478 967 533 est
981 470 1160 550 reliquorum
1183 470 1421 549 planetarum
1445 474 1531 537 varia

174 560 293 629 natura,
307 575 395 636 quas
418 557 476 637 ipsi
500 559 616 621 colores
631 560 769 638 produnt.
815 559 883 631 Quo
897 562 963 623 loco
979 560 1189 633 erraverimus,
1215 559 1240 620 si
1256 568 1382 639 quatuor
1401 562 1531 625 usitatas

173 643 338 724 qualitates
367 647 446 708 iuter
473 647 615 726 planetas
645 649 872 711 distribuamus.
919 650 1028 729 Frigus
1059 647 1137 708 euim
1166 657 1197 709 et
1225 648 1348 710 siccitas
1376 669 1434 711 uon
1459 661 1530 713 suut

174 733 341 811 positivae,
375 735 430 796 sed
459 735 628 815 privativae
662 738 737 799 lucis
768 746 800 799 ct
828 746 976 818 cognatae
1007 737 1124 798 animae
1154 737 1339 799 affectiones.
1385 738 1464 801 Nam
1487 740 1528 803 ibi

173 820 269 901 frigus
294 830 326 884 et
350 824 472 886 siccitas
498 833 546 886 cst
569 845 695 899 summa,
719 826 769 888 nbi
792 828 844 888 lux
868 827 974 896 omnis,
998 827 1100 889 anima
1123 828 1219 888 omnis
1243 827 1369 906 ideoque
1393 836 1425 888 et
1447 830 1529 890 calor

172 910 269 972 omnis
295 912 393 974 abest.
441 912 518 976 Cum
546 914 647 995 itaque
678 935 714 975 ex
743 917 826 977 coelo
851 916 924 976 nihil
954 916 992 977 ad
1016 935 1070 976 nos
1096 915 1153 976 uisi
1177 916 1228 976 lux
1259 916 1416 979 stellarum
1440 918 1528 979 dela·

132 1006 137 1016 “
172 1000 270 1077 batur,
296 1002 390 1082 frigus
414 1010 497 1065 certe
522 1011 553 1065 et
575 1003 698 1066 siccitas
721 1025 776 1085 per
799 1023 867 1065 sese
890 1024 948 1065 non
974 1004 1140 1065 delabetur.

732 1093 866 1156 Thesis
889 1094 962 1155 XX.

258 1177 325 1240 Nos
357 1187 392 1240 et
416 1179 553 1241 variatas
582 1182 773 1261 planetarum
808 1182 888 1244 vires
921 1191 954 1243 et
990 1200 1143 1242 numerum
1178 1180 1266 1241 aliter
1295 1189 1326 1243 et
1359 1184 1435 1244 forte
1467 1203 1526 1245 uon
1618 1207 1621 1215 ·

170 1266 378 1329 inconcinnius
404 1268 600 1344 deducemus,
626 1290 715 1349 quam
730 1271 916 1333 Aristotelea
940 1291 996 1332 sua
1020 1279 1146 1350 quatuor
1170 1270 1320 1331 elementa
1346 1290 1383 1331 ex
1398 1280 1527 1351 quatuor

170 1356 355 1435 qualitatum
378 1358 659 1420 combinationibns.
707 1361 847 1422 Variatio
863 1361 959 1421 omnis
982 1381 1001 1420 a
1019 1358 1284 1421 contrarietatibus
1305 1367 1362 1432 est,
1387 1370 1417 1420 et
1431 1361 1527 1439 prima

169 1465 189 1505 a
211 1444 328 1526 primis.
375 1446 508 1519 Primam
528 1449 776 1510 contrarietatem
800 1450 985 1511 Aristoteles
1008 1449 1038 1510 iu
1062 1447 1277 1528 metaphysicis
1301 1448 1408 1527 recipit
1432 1449 1524 1524 illam,

168 1541 315 1613 quaeest
338 1535 416 1596 iuter
443 1536 537 1597 idem
569 1547 600 1599 et
629 1539 742 1599 aliud:
775 1539 881 1599 volens
912 1557 1004 1617 snpra
1031 1537 1228 1616 geometriam
1259 1537 1350 1598 altius
1374 1546 1406 1598 et
1429 1557 1524 1617 gene-

167 1624 262 1685 ralius
292 1624 507 1704 philosophari.
563 1626 640 1688 Mihi
671 1627 810 1689 alteritas
834 1626 863 1687 iu
891 1628 1002 1688 creatis
1031 1626 1115 1687 nulla
1148 1625 1266 1686 aliunde
1298 1645 1365 1687 esse
1395 1627 1523 1701 videtur,

168 1731 259 1791 quam
283 1731 321 1773 ex
345 1715 474 1776 materia
502 1722 556 1775 aut
584 1717 741 1777 occasione
774 1717 936 1788 materiae,
967 1723 1000 1776 at
1023 1715 1072 1775 nbi
1101 1713 1243 1788 materia,
1277 1715 1318 1775 ibi
1347 1715 1522 1793 geometria.

167 1802 276 1881 ltaque
301 1821 390 1881 quam
405 1803 590 1866 Aristoteles
614 1806 691 1867 dixit
714 1805 841 1885 primam
866 1804 1112 1866 contrarietatem
1136 1804 1200 1864 sine
1219 1804 1316 1865 medio
1340 1804 1419 1865 inter
1443 1803 1523 1865 idem

171 1900 206 1951 et
228 1890 329 1964 aliud,
359 1911 425 1952 eam
455 1911 512 1971 ego
535 1893 565 1954 in
594 1895 798 1973 geometricis,
833 1894 1037 1975 philosophice
1064 1891 1280 1965 consideratis,
1313 1892 1430 1953 invenio
1455 1913 1522 1954 esse

163 1980 294 2060 primam
318 1981 437 2060 quidem
460 1983 722 2057 contrarietatem,
749 1984 802 2044 sed
826 2003 893 2044 cum
918 1983 1029 2057 medio,
1055 1982 1098 2043 sic
1123 1981 1255 2061 quidem,
1290 1989 1323 2043 ut
1346 1984 1425 2060 quod
1448 1982 1524 2044 Ari-

166 2070 276 2130 stoteli
301 2070 358 2132 fuit
381 2070 506 2144 aliud,
531 2091 606 2133 unus
629 2073 789 2147 terminus,
816 2092 883 2134 eum
907 2090 961 2133 nos
985 2073 1014 2132 iu
1039 2072 1120 2150 plus
1145 2077 1177 2131 et
1199 2070 1330 2144 miuus,
1361 2072 1436 2132 duos
1460 2079 1526 2133 ter·

165 2157 264 2220 minos
298 2158 482 2220 dirimamus.
537 2157 615 2222 Cum
648 2180 719 2240 ergo
753 2161 920 2239 geometria
957 2160 1015 2222 toti
1046 2160 1156 2220 mundo
1189 2160 1319 2220 creando
1353 2161 1527 2238 praebuerit

164 2246 336 2326 exemplar,
361 2266 419 2309 non
443 2247 545 2328 inepte
568 2250 644 2310 haec
668 2251 853 2330 geometrica
877 2250 1079 2311 contrarietas
1103 2248 1141 2310 ad
1167 2257 1306 2310 ornatum
1328 2250 1446 2326 mundi,
1476 2250 1526 2331 qui

164 2337 308 2398 consistit
330 2337 359 2398 in
384 2336 510 2398 variatis
533 2339 723 2420 planetarum
742 2339 865 2413 viribus,
890 2346 1057 2400 concurret.

721 2428 855 2489 Thesis
878 2428 966 2489 XXI.

257 2512 320 2575 Sed
342 2532 410 2576 cum
432 2513 462 2574 hi
487 2515 624 2578 termini:
650 2516 738 2591 idem,
764 2517 855 2592 aliud,
881 2517 1016 2596 aequale,
1042 2514 1119 2593 plus,
1146 2512 1258 2588 miuus,
1282 2531 1336 2591 per
1360 2533 1427 2576 sese
1451 2515 1526 2577 nihil

165 2602 355 2683 significent,
390 2603 426 2663 de
455 2604 599 2683 subjectis
632 2605 706 2685 ipsis
737 2607 931 2684 cogitandum
960 2612 1018 2666 est.
1066 2602 1212 2681 Subjecta
1243 2611 1358 2677 autem,
1392 2624 1444 2664 seu
1476 2625 1525 2666 res

166 2693 335 2765 naturales,
362 2692 467 2772 quibus
492 2694 549 2754 hae
575 2703 749 2774 competant
773 2695 1007 2767 mundationes,
1033 2692 1102 2753 inde
1118 2692 1274 2753 habentur.
1321 2693 1526 2772 Proposuerat

166 2782 227 2842 sibi
252 2779 399 2842 Conditor
422 2782 666 2860 sapientissimus
690 2785 830 2844 mundum
855 2783 1038 2845 constituere
1064 2798 1247 2859 corporeum.
1294 2781 1426 2842 Primum
1453 2801 1524 2862 ergo

165 2879 258 2950 atque
282 2878 454 2931 creaturam
469 2872 617 2949 concepit,
642 2873 804 2934 materiam
827 2873 975 2951 concepit,
1000 2890 1088 2950 quam
1114 2889 1152 2929 ex
1166 2871 1251 2929 Mose
1277 2870 1388 2930 scimus
1405 2891 1521 2952 aquam,

171 2961 228 3020 hoc
254 2967 315 3033 est,
339 2957 508 3034 humidam,
534 2961 741 3036 tractabilem,
775 2963 897 3023 fictilem
921 2960 1025 3022 fuisse.
1072 2959 1156 3019 Haec
1181 2976 1251 3037 ergo
1276 2977 1336 3018 una
1359 2978 1407 3020 res
1431 2969 1522 3022 uatu-

165 3048 242 3110 ralis
265 3054 330 3117 est,
360 3048 465 3108 humor
488 3049 614 3111 scilicet.
662 3051 707 3111 At
736 3070 795 3111 non
819 3049 936 3112 suffecit
961 3047 1109 3109 conditori
1138 3065 1245 3125 corpus
1271 3047 1387 3119 mundi,
1412 3050 1470 3111 nisi
1493 3050 1524 3111 id

168 3146 202 3198 et
226 3136 374 3197 conditori
398 3136 484 3197 heret
507 3139 724 3217 quodammodo
749 3138 863 3212 simile,
896 3144 1038 3214 suscepta
1062 3134 1125 3196 vita
1148 3143 1179 3196 et
1202 3143 1293 3196 motu.
1342 3136 1427 3200 Haec
1451 3157 1523 3217 ergo

166 3227 267 3287 altera
289 3245 338 3286 res
362 3233 424 3286 est:
458 3226 524 3287 vita
548 3227 674 3288 scilicet.
725 3228 794 3289 Jam
826 3228 895 3307 qnia
926 3227 962 3287 de
997 3225 1154 3286 stellamm
1178 3224 1291 3286 viribus
1323 3225 1521 3305 disputamus,

165 3333 242 3395 quas
266 3321 408 3375 exercent
432 3313 461 3375 in
484 3315 532 3377 his
555 3315 762 3378 inferioribus:
788 3315 1055 3388 considerandum,
1081 3313 1221 3393 quidnam
1245 3334 1264 3374 a
1288 3315 1386 3377 stellis
1411 3318 1450 3378 ad
1468 3336 1523 3378 uos

166 3403 343 3465 descendat.
390 3403 458 3464 Nou
489 3405 617 3467 materia
644 3406 693 3467 vel
723 3425 829 3485 corpus
854 3407 967 3485 ipsum:
999 3423 1068 3464 nam
1091 3403 1123 3464 id
1147 3410 1196 3464 est
1219 3410 1310 3466 antea
1337 3424 1430 3484 penes
1455 3426 1519 3467 nos.

164 3494 235 3556 Nou
259 3491 325 3552 vita
347 3491 415 3571 ipsa
438 3494 641 3572 originaliter:
667 3495 744 3554 hanc
769 3495 847 3555 enim
870 3495 995 3555 trahunt
1017 3492 1152 3553 viventia
1171 3492 1271 3553 omnia
1295 3513 1333 3554 ex
1356 3494 1523 3574 agitatione

165 3581 299 3654 animae,
332 3599 408 3660 quae
440 3582 470 3642 in
498 3583 574 3662 ipsis
599 3591 656 3643 est.
704 3581 830 3645 Scilicet
856 3602 916 3644 nou
944 3590 1092 3662 generant
1120 3582 1239 3654 stellae,
1275 3584 1328 3643 sed
1362 3585 1517 3663 adjuvant.

165 3669 245 3732 Sunt
269 3687 341 3749 ergo
365 3690 384 3729 a
407 3678 494 3748 parte
517 3672 717 3733 instrumenti.
765 3672 1015 3734 instrumentales
1039 3670 1131 3750 igitur
1147 3670 1310 3750 qualitates
1334 3673 1421 3734 nobis
1445 3692 1519 3751 sup-

164 3759 324 3837 peditant:
349 3759 424 3819 duas
448 3760 487 3820 ad
511 3761 634 3821 duarum
659 3781 758 3823 rerum
781 3761 962 3822 naturalium
985 3778 1152 3820 numerum:
1178 3760 1218 3820 ad
1236 3761 1381 3822 materiae
1402 3770 1520 3822 tracta-

168 3848 320 3910 bilitatem
344 3848 536 3910 humectandi
561 3849 589 3909 vi
613 3851 777 3928 pollentes,
802 3849 946 3911 advitae
970 3855 1002 3909 et
1025 3855 1123 3909 motus
1148 3848 1294 3921 fomenta,
1320 3849 1519 3912 calfaciendi:

165 3946 323 4016 utramque
351 3936 488 3999 obtinent
521 3945 553 3999 et
575 3947 718 4001 exercent
746 3939 890 4001 beneficio
915 3937 1002 4011 lucis,
1028 3956 1115 4016 quam
1145 3936 1300 3997 obtinuere
1331 3948 1364 4000 et
1393 3942 1432 4002 ad
1465 3958 1520 4000 uos

120 4044 122 4054 ’
160 4027 278 4107 jugiter
302 4024 472 4089 demittunt.
519 4028 611 4089 Lucis
635 4028 727 4108 igitur
749 4028 872 4109 propria
895 4027 1035 4107 qualitas,
1062 4033 1209 4104 quatenus
1230 4026 1281 4087 lux
1295 4036 1353 4101 est,
1378 4029 1520 4092 calfactio

165 4125 228 4178 est:
253 4115 330 4176 lucis
352 4133 433 4190 vero,
458 4124 605 4196 quatenus
628 4118 802 4193 reflectitur,
828 4117 958 4196 qualitas
983 4123 1031 4177 est
1053 4113 1248 4176 humectatio.
1265 4110 1306 4187 ¹²)

713 4206 846 4268 Thesis
869 4205 972 4267 XXII.
1323 4203 1325 4207 ’

253 4292 339 4354 Duas
364 4311 435 4372 ergo
460 4293 625 4357 facultates
648 4294 808 4357 habemus:
833 4294 1044 4357 calfactionem
1068 4300 1100 4352 et
1121 4292 1386 4367 humectationem,
1413 4294 1442 4356 io
1463 4296 1520 4357 tri-

163 4382 235 4463 plici
251 4382 417 4463 quamlibet
431 4381 611 4460 discrimine,
637 4403 773 4459 excessu,
798 4383 1015 4456 mediocritate,
1037 4381 1167 4443 defectu.
1216 4381 1390 4456 Videamus,
1408 4392 1521 4464 quanta
1559 4379 1560 4383 ’

163 4472 301 4534 varietas
330 4471 398 4532 inde
423 4478 576 4550 sequatur.
621 4474 760 4535 Primum
787 4480 914 4553 possunt
943 4490 1010 4533 esse
1035 4470 1190 4531 solitariae
1220 4471 1403 4533 facultates:
1438 4474 1520 4535 calor

163 4560 193 4623 in
218 4578 356 4634 excessu,
381 4560 600 4637 mediocritate,
625 4562 755 4626 defectu.
803 4560 995 4625 Humectatio
1015 4559 1045 4622 in
1061 4578 1197 4634 excessu,
1221 4560 1437 4635 mediocritate,
1464 4563 1518 4624 de-

164 4650 257 4712 fectu.
304 4647 364 4713 Hic
386 4656 458 4710 sunt
480 4650 667 4713 differentiae
691 4671 756 4714 sex.
802 4652 918 4713 Deinde
942 4649 1222 4712 excombiuatioue
1246 4648 1399 4728 utriusque
1420 4650 1520 4713 facul-

162 4739 240 4802 tatis
263 4737 399 4801 oriuntur
422 4739 609 4803 differentiae
633 4759 751 4816 novem,
776 4742 855 4822 quod
879 4759 917 4802 ex
939 4739 1055 4803 tabella
1076 4744 1169 4818 patet.
1186 4737 1311 4800 inferius
1335 4738 1447 4817 posita.
