3366 5482
755 187 837 255 cre
854 188 922 242 nv.
1456 194 1514 271 ru

159 339 278 401 nomiae
302 341 535 424 descriptionem
558 345 693 407 obtinere
719 349 850 411 tortasse
873 352 1001 430 possunt
1016 352 1093 412 hanc
1108 371 1239 425 cansam,
1265 364 1426 433 propterea
1441 355 1519 436 quod

160 428 274 491 orbium
307 433 517 511 proportiones
547 436 748 513 investigandi
780 438 861 498 nulla
892 439 953 500 illio
984 440 1117 511 occasio,
1152 441 1263 501 nullum
1297 442 1517 507 adminiculum.

160 516 421 587 Quemadmodum
444 522 523 583 euim
547 523 599 597 iis,
626 526 673 603 qui
699 525 736 585 de
761 527 846 586 novis
871 528 963 588 lndiis
987 530 1184 607 scripserunt,
1221 549 1306 589 uerno
1331 530 1419 592 facile
1444 550 1518 594 oon·

160 606 284 670 tradicio
306 610 358 690 qni
381 610 435 672 illa
458 611 526 672 loca
549 630 606 672 non
631 613 695 690 ipse
720 615 873 683 lustravit,
898 617 941 677 sic
965 617 1154 698 physicorum
1179 617 1363 679 ratiunculas
1386 618 1422 679 de
1444 639 1519 681 oon-

159 703 243 757 taotu
266 697 383 760 orbium
406 708 596 761 astronomus
620 700 744 779 rejicere
760 723 816 764 uon
832 714 943 785 potest,
969 725 1054 784 quern
1074 705 1315 767 observationum
1331 706 1520 785 experientia

160 792 190 844 et
212 785 424 865 hypothesium
448 789 580 850 conditio
612 789 639 850 iu
665 791 780 852 coelum
804 793 900 871 ipsum
928 794 1063 873 interque
1092 794 1180 854 orbes
1205 813 1262 853 non
1292 797 1401 856 evexit.
1447 795 1518 858 Jam

160 891 229 935 vero
253 893 292 936 ex
316 873 475 956 Copernici
500 878 715 960 hypothesibus
735 889 767 941 et
791 900 827 941 ex
852 882 902 942 illo
919 882 1029 944 Terrae
1054 891 1135 943 ruotn
1155 882 1298 962 seqnitur,
1324 883 1434 944 unllam
1450 903 1518 947 esse

160 961 275 1025 orbium
302 964 467 1031 vicinorum
499 967 713 1040 differentiam,
747 988 822 1047 quae
856 990 913 1030 nou
946 971 1048 1032 multis
1081 970 1218 1050 partibus
1252 971 1332 1031 orbis
1364 972 1518 1053 utriusque

160 1053 415 1115 eccentricitatem
448 1064 578 1134 superet.
626 1058 728 1136 Atque
761 1058 848 1137 hujus
881 1060 923 1120 rei
957 1078 1031 1139 cape
1065 1059 1232 1136 exemplum
1266 1079 1302 1119 ex
1331 1060 1459 1121 Telluris
1487 1071 1520 1124 et

160 1139 290 1203 Veneris
313 1142 446 1214 orbibus,
469 1143 506 1204 iis
531 1163 646 1222 nempe,
672 1145 721 1224 qui
745 1147 897 1207 minimum
912 1148 949 1208 ab
975 1147 1102 1208 invicem
1122 1148 1240 1208 absunt.
1288 1145 1429 1217 Qualiom
1445 1149 1517 1210 Tel-

160 1229 230 1290 luris
253 1251 273 1291 a
295 1240 400 1292 centro
424 1233 524 1293 mnndi
548 1233 697 1293 distantia
720 1235 877 1296 mediocris
905 1244 953 1297 est
977 1232 1033 1309 60,
1059 1235 1164 1297 talium
1184 1236 1314 1296 Veneris
1344 1237 1382 1296 ab
1411 1237 1517 1298 eodem

161 1318 308 1380 distantia
339 1320 497 1381 mediocris
531 1330 580 1381 est
605 1318 708 1402 43¹1„
742 1323 913 1384 differentia
948 1319 1023 1401 tot,
1053 1325 1202 1402 scrupula.
1249 1324 1320 1385 Jam
1352 1324 1453 1386 Tellus
1487 1326 1517 1386 in

160 1407 300 1486 perigaeo
324 1411 540 1490 appropinquat
571 1410 679 1470 Veneri
704 1412 850 1488 scrupulis
876 1407 955 1494 2'l22
989 1414 1092 1472 Venus
1117 1413 1160 1473 illi
1185 1412 1304 1472 obviam
1328 1413 1464 1492 procedit
1487 1414 1517 1475 in

161 1515 293 1574 apogaeo
317 1498 464 1574 scrupulis
489 1498 591 1558 itidem
617 1493 696 1576 27„
726 1518 840 1560 summa
864 1499 883 1562 5
908 1501 1122 1578 scrupulorum.
1170 1501 1249 1578 Ergo
1280 1501 1437 1562 duodecim
1465 1519 1516 1562 re-

162 1585 252 1646 siduis
281 1586 429 1666 scrupulis
458 1588 531 1647 haec
561 1589 618 1647 duo
648 1607 774 1666 corpora
806 1589 924 1650 distant
951 1590 1043 1650 etiam
1073 1609 1139 1650 oum
1169 1589 1302 1666 proxime
1327 1589 1364 1648 ab
1390 1589 1516 1650 invicem

162 1673 278 1735 absunt.
326 1672 414 1746 Quod
443 1675 469 1736 si
494 1675 558 1754 quis
583 1676 638 1735 hoc
663 1677 870 1738 intermedium
898 1677 1029 1757 spatium
1059 1677 1200 1754 compleri
1229 1686 1349 1736 asserat
1377 1677 1518 1739 deleren-

162 1761 237 1823 tibus
270 1763 366 1824 nodos
400 1772 431 1825 et
458 1763 577 1825 circulis
607 1765 810 1838 latitudinum,
845 1766 871 1825 is
899 1767 1028 1843 cogitet:
1063 1762 1152 1844 posse
1182 1784 1218 1825 ea
1246 1765 1345 1826 officia
1373 1765 1465 1827 etiam
1498 1785 1517 1826 a

163 1851 247 1930 longe
272 1852 458 1913 tenuioribus
483 1853 619 1925 orbibus,
649 1873 736 1933 quam
762 1854 809 1933 qui
834 1862 950 1915 tanturn
975 1854 1089 1914 hiatum
1112 1854 1270 1934 impleant,
1302 1853 1514 1927 administrari,

164 1959 255 2018 neque
280 1949 420 2002 naturam
444 1941 564 2002 immani
589 1942 664 2002 mole
690 1950 841 2003 tantorum
865 1944 979 2004 orbium
1005 1944 1198 2004 onerandam.
1245 1940 1392 2011 Quamvis
1417 1943 1516 2004 hercle

165 2025 322 2110 Cuperuici
351 2029 535 2110 hypotheses
564 2049 665 2090 omnes
696 2031 739 2091 ita
770 2040 975 2112 comparatae,
1011 2032 1054 2092 ita
1083 2040 1172 2110 aptae
1202 2039 1284 2099 sunt,
1319 2031 1363 2090 ita
1388 2030 1516 2092 invicem

163 2117 341 2189 inserviunt,
374 2119 509 2193 uthaud
530 2119 618 2179 facile
642 2120 702 2180 ullo
728 2121 817 2193 orbe,
846 2121 894 2199 qui
916 2122 994 2181 ultra
1016 2121 1157 2197 planetae
1183 2119 1261 2179 viam
1286 2126 1446 2197 evagatur,
1477 2120 1515 2180 ad

163 2213 256 2267 motus
281 2207 450 2267 reddendos
475 2207 608 2286 indigere
632 2208 796 2269 videamur.
845 2208 906 2269 Sed
931 2219 1011 2282 esto,
1038 2216 1071 2269 ut
1094 2209 1123 2268 in
1147 2207 1320 2286 propinquis
1345 2207 1445 2284 spatia
1469 2208 1515 2275 liis

163 2295 338 2374 impleantur
361 2296 497 2357 orbibus:
523 2315 634 2375 quaeso
658 2296 731 2357 illud
756 2299 842 2376 quale
866 2298 907 2358 sit
930 2298 1095 2358 videamus.
1144 2294 1218 2357 Cum
1239 2294 1514 2373 aperigaeaJovis

164 2382 308 2445 distantia
331 2384 369 2444 ad
394 2385 503 2445 Martis
528 2403 712 2463 apogaeum,
740 2386 829 2463 duplo
854 2385 970 2463 longius
996 2394 1165 2446 numeretur
1189 2384 1332 2461 spatium,
1363 2403 1451 2462 quam
1475 2384 1514 2444 ab

164 2471 222 2550 ipso
237 2473 339 2533 Marte
363 2474 401 2534 ad
425 2482 559 2534 centrum
584 2475 684 2533 muudi
709 2472 809 2544 (Jovis
831 2474 910 2534 euim
928 2474 1075 2535 distantia
1099 2474 1191 2551 tripla
1214 2480 1263 2532 est
1286 2472 1324 2531 ad
1344 2472 1513 2544 Martiam),

163 2579 267 2639 ergone
299 2561 336 2620 ad
369 2561 469 2640 pusilli
499 2562 638 2640 planetae
664 2562 714 2622 vix
743 2562 780 2621 ad
805 2582 925 2623 sensum
949 2563 1110 2623 variandas
1140 2560 1353 2630 motiunculas,
1387 2559 1415 2620 in
1447 2562 1514 2621 lou·

163 2667 235 2728 gum,
260 2650 290 2711 iu
316 2650 418 2723 latum,
444 2658 540 2710 totum
565 2651 620 2712 hoc
644 2651 776 2730 spatium
800 2650 889 2729 duplo
914 2651 1045 2712 crassius
1069 2651 1149 2711 omui
1172 2649 1272 2709 Marte
1297 2649 1428 2726 repletur
1449 2656 1513 2709 tarn

162 2738 342 2816 portentosis
371 2739 513 2799 orbibus?
560 2739 645 2809 Quae
674 2739 748 2799 liaeo
777 2747 903 2799 naturae
933 2739 1083 2801 luxuries?
1121 2737 1219 2808 Quam
1251 2736 1372 2816 inepta?
1415 2735 1513 2807 Quam

162 2825 295 2888 inutilis?
332 2826 430 2897 Quam
455 2827 573 2888 minime
599 2828 654 2906 ipsi
680 2828 814 2887 usitata?
860 2828 962 2907 Atque
987 2847 1023 2887 ex
1047 2828 1103 2888 hoo
1127 2827 1228 2886 videre
1253 2835 1314 2899 est,
1340 2826 1368 2884 in
1395 2823 1513 2904 Coper·

162 2915 222 2976 nico
247 2915 359 2976 nullum
384 2917 487 2977 orbem
511 2916 549 2976 ab
574 2917 632 2976 alio
661 2916 763 2995 tangi,
797 2915 852 2976 sed
876 2916 1009 2994 ingentia
1038 2916 1162 2994 relinqui
1196 2923 1392 2996 systematum
1416 2914 1512 2974 inter·

162 3004 238 3065 valla
262 3004 364 3083 utique
393 3005 482 3083 plena
505 3005 629 3066 coelesti
654 3023 739 3076 aura,
774 3004 828 3063 sed
852 3005 888 3064 ad
915 3013 1049 3065 neutrum
1079 3012 1178 3063 tamen
1205 3002 1435 3080 propinquorum
1459 3020 1513 3082 sy·

162 3100 319 3154 stematum
352 3093 544 3172 pertinentia.
598 3093 774 3165 (Schemate
799 3090 851 3154 22.
885 3095 924 3153 ob
958 3092 1059 3153 oculos
1083 3109 1215 3171 propono
1249 3090 1302 3150 tibi
1336 3088 1450 3150 orbium
1483 3098 1514 3150 et

161 3179 385 3243 interstitiorum
419 3181 640 3260 magnitudines
673 3183 760 3260 juxta
787 3199 876 3242 voras
909 3181 1135 3260 proportiones:
1170 3179 1213 3239 uti
1245 3197 1297 3238 eae
1328 3177 1459 3238 numeris
1494 3197 1513 3237 a

162 3266 324 3349 Gopernico
346 3288 508 3349 expressae
532 3279 611 3331 sunt.
623 3269 671 3344 1’))
709 3268 820 3330 Eorum
844 3279 946 3331 antem
971 3270 1134 3348 spatiorum
1160 3286 1226 3328 cum
1250 3266 1334 3327 initio
1359 3265 1514 3344 professus

161 3357 211 3419 sim
235 3377 347 3421 causas
371 3378 408 3419 ex
432 3356 451 3420 5
476 3359 648 3437 corporibus
673 3358 807 3433 reddere,
833 3377 886 3420 cur
909 3367 997 3420 tauta
1019 3357 1139 3438 singula
1163 3356 1241 3416 iuter
1264 3356 1349 3415 binos
1373 3354 1513 3432 planetae

161 3446 263 3508 relicta
287 3447 349 3508 sint
372 3468 390 3508 a
414 3445 560 3509 Creatore
585 3447 708 3528 Optimo
731 3446 836 3521 Max,
866 3466 970 3527 nempe
996 3448 1074 3527 qnod
1097 3446 1235 3526 singulae
1258 3444 1371 3522 figurae
1395 3441 1515 3522 singula

161 3534 318 3597 intervalla
341 3536 481 3611 efficiant,
506 3536 661 3599 videamus
685 3537 782 3610 ruodo,
808 3555 896 3615 qnam
920 3536 949 3596 id
975 3535 1103 3596 feliciter
1127 3542 1277 3596 tentatum
1297 3532 1346 3604 sit,
1372 3549 1513 3592 causam-

161 3642 212 3703 que
245 3626 323 3687 hanc
355 3643 455 3686 coram
487 3626 673 3687 astronomia
699 3625 802 3706 jndice
837 3634 870 3686 et
902 3625 1066 3703 interprete
1099 3622 1265 3702 Copernico
1300 3619 1513 3699 disceptemus.

162 3709 289 3776 Orbibus
312 3714 386 3793 ipsis
410 3718 528 3775 tantam
551 3715 685 3795 relinquo
709 3712 887 3786 crassitiem,
914 3721 1057 3793 quautam
1081 3712 1206 3791 requirit
1220 3727 1363 3770 ascensus
1384 3708 1539 3770 desuem.

162 3819 266 3882 susque
289 3803 449 3881 planetae:
475 3823 550 3883 quae
574 3811 674 3865 tamen
700 3811 797 3864 utrum
821 3801 961 3876 sufficiat,
986 3802 1064 3862 infra
1087 3820 1152 3880 cap.
1174 3796 1228 3860 22.
1254 3795 1381 3859 videbis.
1425 3793 1514 3867 Quod

162 3889 185 3950 si
214 3892 327 3971 figurae
356 3891 534 3971 interiectae
558 3900 644 3966 suut,
679 3900 713 3952 ut
736 3891 813 3952 dixi:
847 3899 968 3969 oportet
996 3890 1085 3951 imam
1114 3887 1275 3966 superioris
1300 3886 1381 3946 orbis
1405 3904 1513 3965 super-

162 3977 251 4041 ficiem
281 3980 403 4060 aequari
435 3980 658 4059 circumscripto
686 3981 817 4060 figurae,
852 3998 996 4040 summam
1028 3977 1177 4039 inferioris
1208 3973 1367 4053 inscripto,
1401 3973 1514 4056 figuras

162 4075 256 4130 autem
281 4069 396 4131 censeri
422 4087 457 4129 eo
480 4068 592 4143 ordine,
618 4088 704 4149 quern
728 4086 819 4147 supra
843 4066 1008 4129 rationibus
1032 4063 1213 4138 confirmavi.
1262 4060 1363 4133 Quare

1197 4151 1265 4213 Lib.
1282 4151 1322 4211 V.
1339 4147 1469 4234 Copern.

659 4243 747 4305 Jovis
816 4240 880 4304 577
1151 4237 1214 4304 635
1240 4239 1316 4320 Cap.
1363 4236 1394 4304 9.

319 4266 331 4434 l
379 4256 391 4422 i
437 4340 486 4392 est
513 4328 596 4393 1000
659 4332 770 4393 Martis
816 4327 880 4392 333
960 4331 1005 4393 At
1029 4340 1077 4391 est
1149 4327 1213 4393 933
1239 4327 1315 4408 Cap.
1344 4325 1394 4390 14.

180 4420 211 4484 Si
234 4422 326 4494 ima‘
407 4420 788 4482 debebatesse'Telluris
817 4416 881 4482 795
936 4419 1098 4481 secundnm
1150 4417 1213 4481 757
1240 4416 1315 4497 Cap.
1344 4413 1394 4479 19.
1434 4466 1435 4471 ,

458 4528 574 4570 summa
661 4509 791 4570 Veneris
816 4505 880 4570 795
915 4506 1112 4588 Copernioum
1149 4502 1378 4586 roucourt
1408 4507 1434 4565 dr
1460 4499 1513 4564 22.

897 4526 911 4762 s
1149 4592 1212 4658 723
1238 4592 1315 4674 Cap.
1339 4589 1391 4654 27.
1412 4587 1456 4665 ⁶⁰)

345 4240 364 4319 b

340 4332 369 4404 ll

343 4511 367 4584 d

343 4596 368 4665 Q
659 4597 801 4660 Mercurii
816 4595 880 4659 577

745 4687 793 4748 vel
818 4681 881 4747 707
