3366 5482
546 313 549 316 ⁴
659 266 747 313 anea
764 259 863 314 um
1377 263 1444 335 245

80 431 141 475 snm
167 430 288 495 quoque
311 413 476 491 concludit,
510 417 588 496 quod
612 419 817 482 consideranti
846 421 935 502 facile
959 430 1055 502 patet.
1102 423 1253 486 Numerus
1278 427 1442 505 quaeritur,

81 501 127 582 qui
151 501 272 582 legibus
294 503 451 584 imperatis
476 514 627 571 tractatus
651 516 767 572 certum
791 510 861 590 quid
888 511 1009 573 efficiat.
1056 511 1212 593 Arripitur
1236 514 1341 576 obvius
1356 516 1442 596 quis·
1478 504 1482 508 ⁴

81 609 148 668 que,
183 599 335 655 truamur
357 594 424 673 lege
448 592 605 674 imperata,
631 597 657 658 si
682 599 760 678 quod
780 599 905 678 jubetur
928 600 1037 673 efficit,
1063 601 1147 679 ipsus
1167 608 1215 662 est
1239 601 1288 682 qni
1312 621 1443 683 quaere·
1532 677 1533 680 Ἴ

80 679 180 755 batur,
205 681 253 743 sin
276 681 383 757 minus,
409 683 506 744 falsus
529 694 587 747 est.
633 687 699 748 Hoc
723 687 804 748 idem
827 688 856 749 in
875 689 971 750 altero
996 696 1141 762 tentatur,
1167 690 1284 769 utrique
1307 691 1386 755 iuter
1408 711 1442 757 aa

77 777 290 848 comparantur
317 779 349 833 et
371 779 562 852 utrorumque
592 784 735 854 peccata,
776 794 900 857 quorum
922 777 1032 838 iutuitu
1055 796 1146 839 verus
1168 779 1290 840 tandem
1314 780 1443 844 elicitur.

80 857 155 920 Huic
179 858 250 937 quid
274 859 303 920 in
327 861 538 923 astronomicis
563 864 779 945 hypothesibus
804 865 901 926 simile
926 865 976 940 sit,
1001 866 1108 927 iisdem
1131 866 1289 928 verborum
1303 869 1442 949 vestigiis

81 946 187 1010 dicam.
235 945 430 1029 Hypotheses
454 960 649 1029 quaeruntur,
680 972 755 1032 quae
781 954 856 1015 coeli
879 954 1009 1017 motibus
1039 954 1253 1033 respondeant.
1299 954 1442 1036 Alpheu-

80 1036 162 1097 sinae
185 1055 314 1118 peccare
339 1036 615 1116 deprehenduntur,
639 1040 867 1121 Copernicanae
891 1042 1006 1104 itidem.
1053 1043 1098 1103 At
1121 1043 1218 1104 solers
1242 1043 1354 1106 artifex
1376 1045 1443 1108 col·

81 1124 191 1186 latione
221 1133 413 1207 utrarumque
441 1126 585 1191 instituta
613 1139 645 1191 et
673 1131 829 1192 subductis
859 1131 1082 1193 aberrationem
1116 1131 1283 1194 rationibus
1319 1132 1443 1197 tertium

80 1212 190 1295 aliquid
215 1208 334 1288 sta'tnit,
360 1216 438 1297 quod
462 1236 592 1279 errorem
616 1237 733 1281 ornnem
757 1220 838 1281 cirea
861 1220 1079 1299 praedicentes
1104 1219 1179 1280 coeli
1203 1227 1302 1282 motos
1324 1221 1439 1302 effugit,

80 1321 171 1383 eoque
195 1300 284 1365 modo
308 1312 450 1384 utrasque
475 1305 543 1366 illas
567 1306 750 1388 hypotheses
765 1308 899 1388 corrigit.
947 1307 1026 1379 Quid
1042 1308 1090 1369 hic
1115 1317 1172 1382 est,
1197 1309 1274 1388 quod
1293 1328 1347 1388 pro
1362 1310 1442 1374 Urso

80 1390 190 1453 iaciat?
237 1391 420 1471 Proponitur
450 1394 536 1456 nobis
565 1395 594 1456 in
623 1396 689 1475 ejus
713 1398 850 1477 exemplo
879 1399 985 1458 modus
1009 1417 1101 1470 unus,
1135 1398 1218 1477 isque
1249 1397 1387 1477 obliquus
1409 1405 1443 1461 et

78 1478 213 1562 ἀτεχνος,
236 1499 294 1560 quo
308 1482 407 1542 solent
431 1483 595 1545 astronomi
620 1484 803 1566 hypotheses
828 1487 1022 1565 investigare.
1069 1486 1115 1546 At
1129 1484 1156 1546 is
1179 1486 1338 1547 ostendere
1352 1486 1440 1548 vole-

77 1569 141 1642 bat,
177 1569 391 1649 quomodo·ex
419 1571 484 1651 jam
516 1574 683 1635 constituta
717 1575 796 1635 falsa
827 1574 985 1655 hypothesi
1015 1593 1116 1635 verum
1150 1583 1181 1634 et
1209 1573 1285 1635 coeli
1309 1574 1441 1638 motibus

77 1657 226 1738 analogon
251 1658 482 1721 demonstretur.
530 1662 565 1722 In
589 1663 695 1741 regula
724 1663 793 1723 salsi
819 1682 958 1724 numerus
988 1664 1082 1724 falsus
1112 1662 1220 1723 salsum
1249 1662 1319 1742 quid
1348 1663 1441 1726 etiam

77 1745 238 1808 concludit
272 1747 370 1809 Ursus
386 1748 541 1810 contendit
560 1770 597 1811 ex
612 1752 698 1812 falsis
713 1740 932 1832 hypothesibus
947 1749 1158 1812 astronomicis
1174 1769 1276 1812 verum
1290 1750 1438 1814 concludi.
1468 1773 1472 1782 ·

160 1834 298 1907 Decimo,
328 1845 488 1916 postquam
503 1858 587 1900 suam
606 1840 703 1902 Ursus
718 1840 898 1900 sententiam
919 1840 948 1900 in
965 1840 1063 1901 aciem
1076 1838 1227 1918 produxit,
1244 1858 1311 1901 eam
1326 1847 1437 1902 aucto·

75 1924 164 1986 ritate
188 1924 284 1986 munit
306 1925 442 1988 ridicula.
491 1925 572 1997 Quid
598 1927 677 1990 enirn
700 1948 747 1989 me
762 1936 883 1988 moveat
901 1928 1046 2007 ignotus?
1092 1929 1199 2008 ltaque
1215 1928 1311 1991 Ursus
1327 1936 1436 1990 auoto-

75 2012 157 2075 ritati
181 2033 255 2075 suae
279 2015 492 2076 auctoritatem
524 2016 589 2094 ipse
623 2016 779 2085 conciliat,
817 2025 970 2077 auctorem
994 2017 1097 2078 dicens
1121 2035 1189 2077 esse
1222 2016 1437 2095 pereruditum.

72 2100 190 2163 durabo
206 2102 393 2165 laborantem
408 2103 535 2178 Ursum;
569 2104 626 2167 suit
641 2106 706 2184 ejus
721 2105 920 2185 praefationis
940 2113 1054 2178 auctor,
1078 2105 1105 2166 si
1124 2104 1238 2178 nescis,
1263 2104 1439 2167 Andreas

76 2187 277 2264 Osiander,
302 2199 336 2253 ut
349 2192 521 2275 Hieronymi
541 2192 711 2256 Schreiberi
735 2193 967 2273 Noribergensis
991 2194 1047 2266 (ad
1070 2212 1156 2273 quem
1171 2191 1317 2255 Schoneri
1341 2211 1437 2273 quae-

75 2279 142 2342 dam
165 2279 373 2359 praefationes
397 2285 535 2355 exstant)
559 2301 665 2344 manns
689 2283 719 2345 in
743 2302 808 2344 meo
823 2282 987 2362 exemplari
1003 2282 1130 2344 visenda
1149 2276 1331 2354 testatum)
1378 2279 1452 2352 Qui.

76 2387 253 2449 quamquam
276 2369 345 2432 Ursi
370 2371 540 2432 sententiae
566 2371 811 2451 quamproxime
836 2373 1035 2448 suffragatur,
1061 2379 1161 2431 tamen
1186 2379 1218 2430 et
1242 2369 1366 2450 aequior
1389 2377 1439 2432 est

75 2477 108 2519 eo
130 2466 165 2520 et
187 2457 348 2520 dilucidius
372 2479 405 2520 se
429 2460 572 2539 explicat.
619 2459 699 2531 Quid
724 2461 821 2540 ipsum
836 2461 974 2531 moverit,
998 2478 1056 2520 non
1073 2458 1304 2520 estobscurnm.
1341 2457 1436 2521 Nori-

74 2547 182 2627 bergae
208 2546 458 2621 doniiciliabatur,
486 2548 533 2609 ubi
558 2558 622 2611 tum
646 2549 792 2631 edebatur
807 2568 881 2628 opus
897 2547 1067 2628 Copernici.
1116 2546 1191 2610 Cnrn
1213 2546 1304 2625 igitur
1318 2554 1438 2609 amaret

75 2636 277 2705 mathemata,
309 2655 366 2696 non
396 2638 496 2715 potuit
525 2657 583 2698 non
614 2657 715 2699 amare
743 2645 806 2700 tarn
834 2638 1022 2717 praeclarum
1051 2655 1141 2716 opus;
1173 2644 1294 2698 etcum
1318 2636 1438 2700 videret

74 2723 319 2803 παραδοξοιατω
341 2730 435 2804 eoppa
463 2725 500 2786 de
525 2736 607 2788 motu
632 2727 756 2800 Terrae,
787 2728 830 2789 sic
854 2726 964 2788 statuit
992 2725 1213 2804 infringendam
1237 2724 1435 2805 cupiditatem

76 2814 103 2874 in
130 2813 295 2875 lectoribus
318 2833 416 2876 rerum
440 2834 593 2878 novarum.
640 2815 734 2896 Atqui
758 2835 775 2876 o
800 2815 965 2889 Osiander,
997 2815 1067 2895 quid
1091 2833 1126 2874 eo
1155 2821 1185 2873 te
1214 2811 1434 2894 desperationis

76 2902 184 2979 adegit,
210 2911 244 2963 ut
266 2921 304 2962 ex
329 2903 514 2964 astronomia
538 2905 574 2965 de
598 2904 793 2966 veremundi
819 2904 896 2964 facie
921 2903 995 2964 nihil
1009 2903 1083 2963 certi
1108 2900 1207 2978 colligi
1229 2920 1323 2988 'posse
1348 2901 1433 2962 dice·

76 2991 144 3052 res?
167 2993 230 3065 Au,
254 2991 304 3071 qui
327 2991 529 3069 peritissimus
554 3012 622 3054 eras
646 2992 751 3054 barum
775 3012 883 3062 rernm,
910 2993 1072 3053 etiamnum
1097 2988 1258 3050 dubitabas
1282 2990 1319 3050 de
1343 2989 1433 3050 rebus

76 3079 328 3142 evidentissimis?
385 3081 505 3143 lacerta
537 3082 590 3143 tibi
630 3082 791 3143 etiamnum
831 3089 898 3141 erat
934 3079 1087 3158 proportio
1121 3076 1204 3138 Solis
1237 3077 1276 3138 ad
1309 3076 1432 3138 Terram

76 3169 193 3248 prodita
217 3169 256 3230 ab
280 3170 462 3231 astronomis
487 3179 518 3231 et
541 3180 687 3232 sexcenta
710 3168 898 3248 hujusmodi?
946 3167 979 3230 Si
1004 3168 1079 3228 haec
1101 3185 1150 3227 ara
1174 3185 1284 3227 causas
1299 3174 1433 3227 motuum

76 3258 250 3338 simpliciter
271 3256 401 3337 ignorat,
425 3267 590 3338 propterea
615 3261 684 3339 quia
707 3259 780 3319 nihil
805 3258 912 3331 credis,
938 3257 996 3318 nisi
1020 3256 1097 3337 quod
1121 3254 1215 3328 videa,
1241 3255 1310 3335 quid
1334 3252 1433 3316 medi-

76 3347 155 3408 cinae
179 3347 248 3420 liet,
282 3346 312 3407 in
337 3365 397 3426 qua
420 3347 485 3427 quis
510 3367 638 3428 uuquam
663 3348 795 3408 medicus
819 3365 943 3407 causam
966 3345 1061 3407 morbi
1083 3345 1161 3406 vidit
1183 3343 1263 3405 intus
1287 3344 1433 3405 latentem

77 3435 173 3509 aliter,
204 3433 263 3496 nisi
287 3454 325 3496 ex
348 3436 444 3516 signis
469 3445 500 3497 et
523 3436 734 3517 symptomatis
758 3446 845 3497 extra
873 3454 980 3514 corpus
1009 3435 1038 3496 in
1067 3452 1174 3494 sensus
1203 3430 1432 3506 incurrentibus,

77 3524 194 3604 perinde
219 3532 252 3586 ut
275 3532 467 3588 astronomus
491 3545 528 3586 ex
552 3527 709 3587 stellarum
734 3525 792 3586 situ
817 3524 997 3605 aspectabili
1021 3523 1058 3584 de
1088 3523 1182 3583 forma
1206 3529 1306 3582 motus
1329 3537 1432 3581 eorum

76 3613 278 3675 ratiocinatur.
327 3612 389 3674 Sed
413 3614 452 3675 ad
476 3615 585 3676 Ursum
610 3624 813 3676 revertamur:
847 3614 894 3675 cui
923 3613 979 3674 hoc
1003 3612 1039 3673 de
1063 3620 1143 3672 teste
1173 3629 1227 3671 suo
1256 3610 1337 3683 dico,
1372 3626 1432 3670 non

78 3721 142 3765 esse
178 3701 257 3762 omni
292 3701 472 3780 exceptione
504 3703 658 3782 majorem.
715 3703 792 3762 Vult
825 3701 854 3762 in
888 3702 993 3762 eadem
1025 3698 1214 3780 praefatione
1250 3696 1434 3777 persuadere

78 3790 189 3865 lectori,
215 3808 274 3851 non
299 3789 392 3852 fuisse
416 3791 446 3852 in
472 3793 528 3852 hac
553 3792 706 3853 sententia
730 3789 939 3869 Copernioum,
964 3808 1033 3850 vere
1050 3789 1172 3849 Terram
1196 3786 1318 3847 moveri.
1357 3784 1433 3847 sta-

31 3948 44 3955 ,
77 3880 127 3942 tim
148 3879 248 3960 ipsum
271 3879 301 3939 in
326 3878 426 3941 limine
445 3881 558 3942 refutat
580 3882 645 3960 ipse
662 3880 856 3959 Copernicus.
904 3877 1065 3958 Suggessit
1079 3876 1207 3937 Funcoio
1228 3873 1447 3953 Chronologo,'

78 3968 101 4030 si
122 3970 198 4030 tides
219 3966 264 4029 illi
287 3967 351 4029 viro
375 3968 543 4043 tribuenda,
568 3989 625 4030 non
651 3979 868 4047 retrogressnm
883 3987 950 4028 esse
966 3967 1068 4029 Solem
1082 3965 1111 4026 in
1127 3963 1257 4042 gratiam
1271 3962 1431 4035 Ezechiae,

77 4057 125 4118 sed
155 4063 275 4120 tantum
305 4057 441 4118 umbram
470 4059 636 4137 gnomonis.
684 4057 780 4128 Quasi
808 4058 883 4120 baec
915 4057 954 4120 ab
986 4055 1113 4116 invicem
1145 4053 1281 4131 separari
1309 4057 1431 4132 queant,

77 4164 138 4208 eum
168 4153 291 4207 constet
315 4164 352 4205 ex
381 4147 509 4207 lectione
538 4146 571 4209 S.
602 4146 790 4227 scripturae,
824 4146 1035 4207 universaliter
1068 4141 1308 4203 animadversum
1339 4141 1433 4204 fnisse

78 4235 258 4302 miraculum.
307 4231 457 4296 Graviora
480 4237 624 4308 absurda,
659 4255 735 4315 qnae
759 4235 814 4296 hoc
838 4234 929 4297 etiem
953 4232 1104 4312 ingenium
1127 4249 1273 4310 occupare
1296 4237 1432 4310 potuere,

79 4324 208 4406 relinquo
233 4322 302 4384 aliis
326 4324 519 4404 exquirenda.
567 4324 648 4396 Quid
672 4325 775 4386 mirum
799 4343 885 4402 ergo,
920 4323 945 4384 si
974 4322 1003 4383 in
1028 4320 1158 4381 mathesi
1182 4337 1312 4400 quoqne,
1344 4335 1434 4398 quam

79 4413 189 4476 amavit
211 4431 270 4473 uon
295 4413 449 4491 professus
469 4423 527 4488 est,
552 4413 744 4475 exorbitavit.
793 4412 909 4475 Contra
933 4431 1001 4473 enm
1022 4411 1099 4472 sisto
1114 4407 1321 4481 Aristotelem,
1347 4406 1433 4484 cujus

79 4496 328 4564 existimationem
351 4501 387 4563 de
411 4502 593 4564 astronomis
617 4503 704 4582 longe
728 4500 959 4581 praeclariorem
983 4518 1074 4579 supra
1097 4497 1195 4577 tetigi.

161 4591 231 4654 Non
255 4595 428 4652 esttamen
452 4591 702 4670 praetereundum
726 4599 758 4651 et
781 4590 954 4658 notandum,
979 4587 1073 4650 videri
1093 4584 1273 4648 Osiandrum
1292 4581 1433 4643 simulate

80 4679 234 4760 scripsisse
266 4697 324 4740 nou
352 4698 390 4739 ex
422 4680 512 4742 animi
535 4680 705 4755 sententia,
735 4699 820 4740 usum
844 4697 948 4757 nempe
973 4673 1179 4740 Ciceronianis
1203 4673 1240 4734 de
1264 4670 1434 4749 Republica

81 4763 229 4849 coniiliia,
262 4785 329 4829 cum
354 4765 520 4853 Copemieo
550 4776 698 4832 metueret
719 4789 739 4830 a
762 4768 851 4848 vulgo
881 4765 1143 4848 philosophorum,
1177 4781 1214 4823 ue
1242 4757 1432 4823 &surditate
