3366 5482
552 254 583 304 a
602 253 750 306 enarres
774 256 800 306 a
819 233 1070 307 mmnnxcrx.
1433 249 1499 333 413

139 409 210 483 AG.
234 418 268 473 et
291 429 362 473 esse
385 412 416 474 in
437 412 477 487 K,
501 412 531 474 N
554 414 674 492 punctis
697 414 743 476 sui
767 412 905 486 orbis.*)
950 412 997 475 At
1011 411 1072 474 diui
1097 418 1189 472 antea
1212 411 1350 472 vernales
1370 411 1499 490 eclipses

140 501 222 562 circa
246 498 275 562 G
300 501 430 576 tardius,
454 502 644 564 autumnales
668 503 788 565 circaF
811 501 899 564 citius
924 520 1070 581 apparere
1095 519 1183 580 quam
1206 499 1235 562 in
1253 499 1378 561 calculo.
1422 500 1498 562 Cal-

140 589 224 652 culus
248 588 342 669 igitur
364 588 467 652 Solem
490 590 571 652 inira
593 592 640 652 vel
664 600 735 671 post
757 591 787 651 K
810 592 839 652 in
859 592 886 652 L
911 591 1039 669 reponit,
1063 599 1094 650 et
1117 598 1187 650 ante
1211 589 1239 651 N
1264 589 1294 650 in
1319 586 1356 664 0,
1385 595 1418 650 ut
1441 609 1498 668 ap-

140 685 247 760 pareat
278 677 310 739 in
334 677 375 753 E,
408 677 447 741 H.
495 677 564 749 Quo
596 692 686 759 pacto
710 682 775 754 fiet,
809 678 944 742 utLBO
978 680 1020 741 sit
1052 679 1199 739 diameter
1230 676 1390 738 eccentrici
1414 676 1495 739 Solis

140 774 174 831 et
194 767 222 829 B
247 774 384 830 centrum
407 767 471 846 ejus
494 769 618 848 propius
634 770 747 832 Terrae
771 769 802 829 in
826 769 951 841 calculo,
977 787 1065 847 quam
1085 767 1115 828 in
1135 765 1357 828 observatione.
1395 764 1498 836 Quare

140 856 163 919 si
193 875 288 918 eausa
320 857 429 918 erroris
462 857 618 937 eclipsium
641 860 828 921 conferretur
860 858 1032 919 incursum
1062 855 1159 930 Solis,
1193 855 1386 916 statuendum
1415 864 1499 917 esset

139 945 286 1026 majorem
320 964 389 1007 esse
413 945 494 1007 Solis
525 948 780 1009 ecceutricitatem
805 948 895 1026 duplo
920 948 996 1020 fere,
1032 964 1119 1025 qnam
1143 964 1163 1005 a
1184 944 1300 1006 calculo
1325 943 1497 1005 assumitur.

140 1035 184 1096 At
206 1036 276 1096 vide
296 1051 373 1112 quae
398 1034 531 1097 absmda
554 1047 757 1115 sequerentur.
804 1038 884 1098 Nam
908 1037 934 1096 si
958 1035 1054 1113 major
1076 1033 1157 1096 Solis
1181 1032 1401 1106 eccentricitas,
1427 1053 1498 1112 ergo

140 1134 171 1186 et
193 1124 311 1202 longior
335 1125 471 1188 aestivus
494 1126 710 1200 semicirculus,
736 1134 768 1186 et
791 1126 909 1187 brevior
932 1125 1087 1197 hibernus,
1120 1142 1208 1202 quam
1232 1131 1360 1202 quantos
1385 1121 1498 1184 faciunt

140 1212 314 1275 astronomi.
360 1215 405 1275 At
427 1214 592 1276 astronomi
621 1236 678 1276 uon
701 1224 829 1296 possunt
852 1232 952 1276 errare
976 1213 1039 1287 hic,
1065 1214 1135 1292 qnia
1162 1212 1251 1273 facile
1275 1220 1324 1273 est
1351 1212 1497 1273 terminos

140 1301 194 1363 bos
226 1320 265 1362 er
294 1303 506 1364 observatione
539 1304 796 1383 aequinoctiorum
823 1303 901 1365 satis
933 1311 1054 1382 promta
1086 1301 1280 1362 constituere.
1327 1299 1410 1379 Ergo
1444 1308 1497 1361 aut

141 1389 194 1452 Sol
217 1409 277 1450 non
302 1402 351 1451 est
373 1412 467 1453 causa
489 1393 576 1471 hujus
600 1393 710 1456 erroris
735 1394 815 1455 circa
838 1392 981 1470 eclipses,
1012 1399 1065 1452 aut
1088 1390 1309 1451 concedendum
1333 1389 1393 1450 erit
1414 1389 1496 1450 alte-

141 1498 208 1541 rum
233 1480 410 1542 absurdum:
436 1499 541 1560 nempe
556 1481 660 1544 Solem
683 1483 713 1544 in
737 1502 791 1544 suo
815 1482 886 1545 orbe
911 1479 1079 1543 eccentrico
1103 1477 1224 1541 circaC
1248 1497 1306 1539 uon
1330 1478 1497 1558 aequaliter

141 1567 288 1641 incedere,
313 1570 369 1630 sed
392 1570 504 1631 habere
528 1580 664 1633 centrum
687 1570 923 1652 aequalitatisB
947 1569 1070 1650 propius
1085 1568 1210 1628 Terram
1226 1569 1299 1647 (qno
1314 1567 1401 1628 modo
1426 1586 1494 1628 ma-

141 1667 248 1719 nerent
269 1658 314 1720 illi
343 1660 457 1721 numeri
480 1660 665 1722 aestivomm
692 1669 725 1721 et
747 1661 925 1722 brumalium
950 1660 1080 1729 dierum)
1104 1666 1323 1736 contraquam
1351 1656 1381 1718 iu
1406 1675 1498 1735 supe-

141 1745 278 1819 rioribus,
304 1746 355 1808 nbi
379 1759 515 1809 centrum
538 1749 735 1830 aequalitatis
759 1772 778 1810 a
801 1751 895 1810 Terra
920 1748 1036 1827 longius
1061 1747 1158 1807 abest.
1207 1744 1295 1815 Quod
1318 1745 1345 1807 si
1360 1745 1426 1825 quis
1441 1746 1497 1807 lrnc

141 1835 216 1896 nolit
239 1854 293 1915 pro
317 1836 448 1899 absurdo
472 1839 598 1912 habere,
630 1840 723 1900 fretns
748 1839 884 1917 exemplo
909 1835 1060 1904 Mercurii,
1086 1836 1153 1896 huic
1178 1835 1268 1895 aliam
1292 1853 1414 1896 causam
1439 1853 1494 1913 ap-

141 1941 234 2003 pono,
268 1944 328 2005 qna
351 1925 538 2001 demonstro,
574 1928 676 1990 Solem
707 1947 764 1989 nou
798 1946 865 1989 esse
894 1926 923 1986 in
953 1944 1045 1987 causa
1073 1924 1161 2002 hujus
1190 1923 1298 1983 erroris
1330 1922 1495 2001 eclipsiunr.

141 2012 223 2074 Nam
247 2014 296 2074 die
320 2014 480 2076 Pascbatis
504 2027 575 2094 post
598 2016 723 2096 eclipsin
747 2025 837 2078 noctu
860 2016 935 2077 hora
959 2013 1136 2075 duodecima
1158 2012 1245 2072 Luna
1269 2012 1359 2090 plena
1382 2013 1497 2073 coelum

141 2101 287 2165 mediavit
309 2121 377 2165 cnm
400 2103 544 2166 Saturno.
591 2106 639 2166 Ex
663 2127 721 2185 qua
745 2104 955 2167 observatione
985 2102 1135 2164 mediante
1159 2100 1357 2163 calculatione
1382 2101 1497 2161 evinci-

141 2199 205 2263 tur,
228 2192 334 2253 Lnnae
358 2192 456 2254 locum
479 2195 572 2256 etiam
595 2203 658 2255 tum
683 2195 775 2256 t'uisse
799 2195 906 2267 alium,
936 2211 1024 2272 quam
1048 2193 1076 2251 in
1100 2190 1231 2262 calculo;
1265 2188 1397 2250 debebat
1420 2190 1497 2251 enim

141 2279 181 2342 ed
203 2299 339 2342 normam
362 2282 470 2344 calculi
494 2282 657 2345 Saturnum
677 2284 740 2361 jam
764 2303 934 2362 superasse.
983 2281 1042 2343 Ubi
1068 2279 1117 2340 lric
1141 2278 1216 2339 Sol?
1246 2279 1294 2357 qui
1319 2288 1400 2339 certe
1425 2279 1498 2340 nibil

142 2369 216 2431 iecit
239 2370 279 2430 ad
303 2370 506 2449 indagandum
529 2374 627 2433 locum
650 2373 764 2434 Lunae.
812 2372 893 2450 Ergo
913 2371 1002 2449 plane
1018 2368 1072 2430 Sol
1088 2367 1255 2428 absolvitur
1273 2369 1312 2429 ab
1328 2368 1383 2428 hac
1399 2368 1495 2446 culpa.

142 2457 184 2520 Ut
206 2476 266 2518 non
293 2459 391 2521 dicam
415 2460 443 2520 in
467 2480 577 2539 magno
600 2462 732 2540 periculo
765 2462 879 2522 versari
904 2460 1071 2520 doctrinam
1095 2455 1363 2535 aequinoctiorum,
1391 2457 1417 2516 si
1441 2457 1496 2517 lroc

141 2545 278 2609 iuSolis
300 2550 403 2610 orbem
432 2551 606 2619 audeamus.
653 2552 755 2628 Atque
780 2550 836 2610 hoc
860 2557 907 2609 est
935 2549 1014 2628 qnod
1038 2547 1068 2608 in
1092 2545 1284 2624 prognostico
1309 2565 1375 2606 meo
1404 2546 1495 2623 legis:

142 2636 197 2711 „lu
220 2645 305 2697 motu
328 2636 409 2699 Solis
433 2639 498 2700 sine
522 2659 633 2717 magna
656 2639 882 2718 perturbatione
907 2638 1017 2699 mutari
1041 2635 1114 2696 nihil
1138 2653 1243 2714 posse,
1276 2635 1355 2713 quod
1379 2634 1497 2713 quidem

142 2724 181 2787 ad
204 2725 283 2786 bano
306 2726 486 2789 anomaliam
510 2728 687 2790 salvandam
711 2727 834 2790 l'aciat.“

229 2812 375 2895 Sequitur
401 2817 501 2878 Luna
533 2816 628 2896 ipsa,
657 2836 747 2897 qnam
777 2817 865 2895 hujus
894 2815 998 2892 culpae
1028 2831 1110 2874 ream
1137 2812 1298 2874 manifeste
1323 2820 1407 2873 tenet
1439 2813 1497 2872 ob-

142 2902 274 2967 servatio
297 2904 466 2967 Pascbalis.
512 2908 646 2968 Assumo
671 2907 771 2985 itaque
786 2924 920 2967 mensem
941 2903 1103 2975 hibernum,
1129 2900 1201 2963 Sole
1221 2900 1301 2962 circa
1318 2900 1496 2979 principium

142 2991 320 3074 Capricorni
343 3003 494 3065 versante,
520 2995 645 3067 (ceteris
667 2995 805 3074 paribus)
830 2994 950 3056 circiter
973 2998 1100 3070 quatuor
1127 2991 1216 3051 horas
1239 2989 1404 3067 longiorem
1428 3008 1496 3050 esse

143 3101 234 3163 quam
259 3082 418 3159 aestivum,
443 3083 514 3146 Sole
539 3086 620 3146 circa
643 3084 808 3146 solstitium
831 3090 981 3153 versante,
1007 3091 1174 3140 ceterorum
1196 3078 1351 3152 meusium,
1375 3086 1409 3139 nt
1428 3078 1496 3157 qui-

142 3171 216 3234 libet
248 3173 439 3251 aequinoctio
467 3175 511 3236 sic
539 3175 682 3236 mediocri
705 3175 863 3253 (quantum
893 3169 1027 3232 calculus
1055 3168 1170 3248 prodit)
1203 3167 1381 3247 propiorem.
1430 3168 1496 3228 Hoc

142 3269 229 3341 pacto
260 3269 374 3322 certum
402 3272 450 3324 est
481 3263 601 3342 negotio
630 3263 822 3324 satisfactum
852 3260 897 3323 iri.
944 3260 1023 3322 Nam
1052 3276 1117 3318 cum
1146 3278 1166 3318 a
1188 3276 1296 3318 cancro
1325 3256 1364 3318 ad
1388 3256 1496 3317 libram

143 3359 201 3412 tres
226 3349 335 3412 breves
358 3370 476 3413 menses
500 3360 671 3432 sequautur,
697 3361 767 3414 sunt
790 3349 942 3413 breviores
966 3347 1082 3409 duabus
1106 3346 1197 3420 horis,
1223 3365 1311 3426 qnam
1331 3357 1394 3407 tres
1410 3364 1517 3406 men-·

143 3458 188 3502 ies
221 3439 401 3501 mediocres.
449 3440 548 3502 Citius
581 3440 673 3521 igitur
696 3442 783 3502 Luna
812 3437 950 3520 pervenit
978 3438 1017 3499 ad
1041 3435 1161 3510 Solem,
1196 3454 1283 3515 quam
1313 3435 1339 3495 si
1364 3437 1496 3507 (remota

143 3527 386 3590 consideratione
410 3530 473 3610 ejus
498 3531 682 3604 anomaliae)
707 3531 875 3610 aequaliter
898 3546 1016 3606 semper
1035 3532 1215 3588 moveretur.
1263 3521 1378 3586 Contra
1397 3545 1415 3583 a
1431 3519 1494 3584 Oa-

143 3618 278 3696 pricorno
311 3618 351 3679 ad
373 3619 512 3682 Arietem
540 3628 604 3681 tres
628 3620 705 3681 tardi
737 3626 902 3699 seqnnntnr
926 3636 1058 3690 menses,
1092 3613 1209 3676 tardius
1237 3613 1327 3692 igitur
1357 3613 1495 3691 opinione

143 3699 225 3770 tuna
249 3708 299 3768 vel
322 3709 376 3769 sub
400 3709 504 3772 Solem
527 3709 631 3771 autin
657 3710 684 3770 ei
708 3710 877 3788 oppositam
901 3708 1035 3768 umbram
1060 3703 1191 3766 incurrit.
1239 3702 1288 3764 Ab
1303 3703 1409 3764 Ariete
1424 3720 1495 3762 vero

216 3954 250 4027 ⁶)
278 3958 366 4012 lGFD
394 3966 438 4013 est
465 3961 662 4031 consequentia
689 3961 838 4032 signorum.
880 3961 931 4014 ΕΙ)
955 3954 1216 4029 prosthaphaeresie
1245 3954 1426 4021 diminuenda,
1454 3957 1494 4011 ΙΗ

143 4039 400 4108 ucathaphasresis
415 4044 554 4111 augenda.
584 4043 661 4096 Cum
677 4059 744 4113 ergo
756 4042 815 4110 jam
830 4058 963 4110 ponamus
979 4042 1005 4093 iu
1021 4041 1032 4093 l
1047 4039 1143 4092 Ariete
1158 4037 1249 4090 Solem
1262 4036 1372 4107 longius
1388 4037 1416 4090 iu
1430 4056 1494 4092 con·

144 4119 285 4191 equentia
309 4119 428 4186 distare,
456 4139 538 4192 qnam
562 4115 589 4168 in
613 4124 719 4178 calculo
744 4122 893 4185 invenitur,
928 4121 1013 4174 distet
1036 4136 1104 4189 ergo
1126 4118 1202 4170 ultra
1225 4117 1247 4169 Ο
1271 4118 1299 4170 in
1322 4118 1356 4171 N.
1397 4119 1437 4172 Et
1459 4120 1496 4172 sit

144 4200 399 4269 mamphaeresis
415 4202 452 4255 IG
467 4201 555 4272 major
570 4219 650 4270 quum
666 4205 714 4256 lH.
758 4203 876 4256 Rursum
890 4203 961 4255 euim
976 4216 1107 4270 ponemus
1123 4198 1149 4249 in
1161 4198 1187 4250 D
1201 4197 1288 4251 Libra
1301 4197 1393 4253 Solem
1407 4198 1494 4252 minus

144 4279 381 4350 uconsequentia
403 4283 515 4346 distare,
541 4298 623 4352 quarn
647 4285 673 4338 in
689 4283 796 4336 calculo
811 4283 958 4344 invenitur,
983 4287 1039 4334 stet
1058 4296 1125 4349 ergo
1146 4285 1211 4331 ente
1225 4278 1249 4331 L
1265 4272 1368 4345 (locum
1382 4275 1493 4343 calculi)
1590 4290 1592 4295 ·

144 4375 159 4415 u
172 4359 205 4416 K
219 4367 251 4413 et
264 4360 303 4413 sit
315 4363 576 4432 prosthaphaeresis
591 4363 639 4418 ΡΙ)
654 4364 743 4432 nrajor
761 4380 869 4416 rursum
884 4379 965 4432 quam
978 4362 1038 4414 ED.
1081 4360 1147 4412 Cum
1162 4375 1230 4430 ergo
1244 4359 1324 4413 Luna
1347 4360 1493 4412 secundnm

144 4440 275 4495 arcarum
290 4441 393 4494 debeat
406 4459 492 4514 usque
506 4444 535 4497 in
548 4443 572 4496 L
586 4444 698 4508 moveri,
714 4450 746 4497 ut
759 4444 850 4497 Solem
865 4444 893 4496 in
906 4444 930 4496 E
945 4447 1119 4510 assequatur,
1145 4440 1326 4509 deprehendit
1339 4439 1417 4493 illum
1431 4439 1494 4493 inF

144 4528 161 4574 ιι
182 4536 240 4574 non
265 4536 335 4590 opus
349 4521 469 4576 haberet
491 4524 608 4577 ulterius
632 4525 684 4578 nisi
698 4525 727 4577 iu
742 4525 765 4586 Q
779 4523 919 4595 progredi.
961 4521 1006 4575 Sic
1020 4538 1080 4574 oum
1103 4519 1246 4574 existimet
1266 4521 1387 4573 calculus
1401 4519 1493 4581 Solem

144 4601 206 4656 ufl
220 4607 362 4670 repertum
376 4601 409 4656 iri
422 4603 538 4675 ideoque
551 4605 660 4659 Lunam
674 4605 702 4658 in
716 4606 738 4658 Τ
753 4606 920 4659 solummodo
940 4603 1099 4665 constituat,
1124 4606 1221 4653 contra
1233 4600 1281 4654 Sol
1296 4601 1371 4654 ultra
1384 4601 1411 4653 H
1425 4599 1492 4671 iqu

144 4687 176 4737 et
189 4688 221 4736 et
233 4681 334 4736 Lunae
345 4682 447 4740 diutius
461 4686 579 4741 eundum
593 4687 680 4741 donec
693 4685 797 4742 ultraT
812 4686 839 4739 in
849 4686 875 4740 R
888 4683 990 4739 veniat.
1009 4684 1088 4747 Haec
1101 4688 1169 4752 puto
1188 4681 1273 4751 poulo
1287 4680 1415 4735 clariora.
1456 4685 1491 4737 K.
