3366 5482
670 302 827 367 Astrologiae
845 303 995 355 certioribus.
1449 305 1513 374 431

156 468 301 540 permeet,
326 458 404 521 alius
427 458 544 521 tardius
568 458 598 520 in
622 458 814 538 proportione
839 459 1024 523 harmonica.
1069 459 1148 524 Sunt
1172 463 1283 524 etenim
1306 464 1363 525 hae
1388 468 1523 529 rationes

155 547 340 624 variabiles,
373 567 428 611 nec
452 567 545 628 saepe
569 548 719 622 incidunt3
749 548 829 609 idem
853 548 1080 627 enim'planeta
1102 571 1179 614 nuuc
1203 552 1330 614 celerior
1354 564 1420 630 est,
1445 576 1522 618 nunc

157 638 283 701 tardior.
331 635 394 700 Sed
421 637 495 698 haec
519 642 621 699 tamen
646 637 684 698 ab
709 638 896 715 experientia
919 639 1047 700 nondum
1073 641 1249 709 confirmata
1272 650 1351 716 suut,
1376 636 1525 706 necdum

158 727 320 790 methodus
343 726 519 802 constituta,
544 746 605 806 qua
627 726 797 805 hujusmodi
820 726 992 788 harmoniae
1016 729 1246 809 investigentur.

699 814 833 875 Thesis
856 815 971 877 XLIX.

245 904 455 969 Vanissimam
479 903 625 982 astrologi
650 923 772 965 causam
795 904 884 983 hujus
908 905 1057 984 generalis
1082 905 1290 985 dispositionis
1315 928 1458 972 annorum
1485 932 1520 973 ex

156 997 347 1078 ingressibus
370 992 453 1056 Solis
477 994 506 1054 in
521 992 668 1067 Arietem,
695 1001 821 1071 quatuor
845 1001 1011 1071 temporum
1035 1013 1072 1055 ex
1087 994 1189 1072 figuris
1205 997 1418 1073 cardinalibus,
1434 1019 1519 1061 meu-

157 1087 235 1150 sium
259 1104 299 1148 ex
321 1083 423 1163 liguris
448 1081 632 1144 lunationum
656 1089 778 1160 petunt:
804 1082 890 1161 quasi
914 1090 1032 1161 tempus
1056 1083 1226 1162 subjectum
1249 1085 1369 1164 aliquod
1398 1106 1519 1166 perma-

156 1194 232 1238 neus
257 1175 301 1237 sit
324 1181 358 1234 ut
381 1173 489 1245 homo,
524 1170 607 1249 cujus
640 1170 763 1250 genesin
797 1191 863 1232 cum
896 1171 1013 1233 ratione
1043 1172 1192 1250 inspicere
1215 1175 1384 1251 possimus,
1408 1187 1439 1238 et
1463 1197 1519 1237 nou

157 1264 258 1346 potius
282 1281 354 1342 pars
378 1268 510 1322 motuum
535 1260 732 1321 coelestium:
758 1260 921 1339 autquasi
945 1261 1040 1323 Terra
1063 1261 1148 1322 unico
1173 1272 1325 1324 momento
1348 1265 1388 1325 ad
1410 1284 1520 1327 novam

157 1360 308 1415 aestatem
339 1357 505 1428 reparetur.
552 1349 690 1410 Mutatur
718 1349 837 1426 quidem
861 1350 955 1410 Terra
978 1349 1016 1410 ab
1046 1358 1151 1451 aspect
1139 1349 1218 1412 tibus
1242 1352 1354 1430 figurae
1378 1355 1520 1426 vernalis,

157 1444 184 1506 si
208 1461 284 1524 quos
308 1440 363 1502 illa
384 1438 495 1530 hahet,
531 1438 585 1498 sed
608 1437 659 1498 illo
684 1445 802 1498 tanturn
827 1437 890 1511 die;
922 1438 1072 1499 anteactis
1106 1447 1137 1499 et
1168 1440 1361 1541 sequentibus
1389 1442 1427 1503 ah
1452 1444 1519 1504 aliis

158 1541 250 1635 atque
275 1530 362 1603 aliis,
387 1526 437 1606 qui
462 1521 566 1606 quovis
591 1526 639 1588 die
663 1526 808 1588 incidunt.
855 1525 918 1588 Sed
949 1527 1022 1588 nihil
1052 1526 1201 1607 indignius
1230 1537 1279 1589 est
1309 1529 1339 1590 in
1362 1530 1419 1592 hac
1442 1551 1518 1611 pene

158 1622 248 1683 unica
271 1576 457 1699 quordudam
480 1616 699 1693 astrologorum
723 1634 812 1688 cura,
839 1633 928 1694 quam
952 1616 1030 1695 quod
1055 1616 1210 1679 duodecim
1239 1617 1388 1680 domicilia
1411 1621 1517 1698 puerili

158 1710 288 1791 quadam
312 1705 491 1768 credulitate
515 1713 638 1782 praeter
661 1723 779 1764 omnem
803 1705 950 1765 rationem
975 1704 1103 1766 solidam
1127 1713 1159 1766 et
1181 1705 1419 1786 philosophicam
1442 1709 1519 1772 inter·
1608 1742 1612 1751 .

157 1807 276 1879 septem
300 1797 441 1875 planetas
465 1793 661 1867 distribuunt,
687 1793 923 1867 dominationes,
949 1793 1196 1873 imperiorumque
1220 1804 1446 1858 momentaneas
1470 1799 1517 1858 vi-

157 1886 350 1951 cissitudines
384 1883 469 1962 quasi
491 1882 521 1942 in
546 1882 645 1960 aliquo
669 1890 755 1942 coetu
780 1882 930 1942 hominum
953 1883 1145 1961 confingunt:
1176 1884 1253 1944 unde
1278 1885 1373 1946 omnis
1397 1887 1516 1966 magica

157 1985 190 2039 et
211 1973 398 2051 astrologica
421 1971 596 2050 superstitio
621 1978 688 2030 orta
712 1977 770 2032 est.
818 1970 930 2032 Demus
955 1971 1064 2032 alicubi
1089 1971 1377 2035 verisimilitudinem
1404 1975 1442 2036 ab
1459 1976 1515 2037 hac

156 2063 370 2128 distributione
395 2069 486 2134 stare,
511 2067 545 2120 ut
568 2059 596 2120 in
618 2056 760 2132 Saturno,
786 2059 833 2120 cui
856 2059 1007 2160 hyemalia
1030 2060 1117 2139 sigua
1141 2061 1268 2123 dautur:
1293 2063 1324 2123 id
1348 2070 1450 2126 tamen
1469 2074 1517 2127 est

157 2156 195 2216 ob
219 2171 330 2216 causas
355 2149 442 2223 alias,
468 2157 500 2209 et
523 2148 628 2209 statim
652 2148 681 2208 in
707 2148 785 2218 aliis,
810 2157 843 2209 ut
867 2149 895 2210 iu
920 2149 996 2209 Jove
1022 2149 1141 2209 vanitas
1165 2150 1310 2227 proditur.
1359 2149 1421 2213 Sed
1440 2153 1517 2215 hauc

156 2260 304 2323 nugacem
327 2238 511 2317 astrologiae
535 2244 653 2315 partem
677 2237 746 2297 olim
770 2237 925 2298 Stbflems
959 2238 1128 2316 astrologus
1158 2239 1208 2310 (ut
1230 2239 1342 2300 nullum
1366 2241 1404 2303 ab
1430 2242 1516 2304 hoste

156 2329 372 2393 Mirandulano
386 2322 428 2400 ¹³)
452 2326 659 2387 testimouium
690 2327 827 2404 petatur)
850 2325 983 2426 physicis
1011 2325 1178 2388 rationibus
1206 2327 1324 2407 oblique
1357 2331 1515 2392 refutavit:

156 2418 346 2500 experientia
376 2434 448 2476 vero
477 2415 609 2496 quotidie
640 2415 767 2482 refutat,
804 2433 869 2475 cum
902 2414 981 2475 iutra
1013 2424 1061 2477 tot
1093 2416 1196 2477 secula
1218 2417 1269 2476 vix
1292 2416 1383 2479 ullum
1409 2420 1513 2498 aequi-

155 2509 250 2572 noctii
276 2513 391 2568 certum
414 2512 532 2583 tempus
557 2502 631 2605 ipsis
656 2503 806 2581 cognitum
838 2502 940 2577 fuerit;
971 2512 1005 2564 ut
1033 2504 1134 2585 Tycho
1159 2499 1259 2566 Brahe
1288 2506 1515 2569 demonstravit.

154 2599 304 2676 Allegent
338 2594 455 2672 aliquot
487 2593 671 2693 superiorum
704 2610 847 2652 annornm
880 2592 991 2671 figuras
1023 2593 1208 2666 cardinales,
1243 2604 1418 2673 occuparent
1450 2616 1515 2659 cum

155 2686 329 2750 effectibus:
364 2700 419 2761 ego
453 2681 527 2760 ipsis
561 2680 774 2742 demonstrabo
808 2681 902 2741 falsos
932 2681 1065 2742 fuisse
1058 2690 1265 2761 intempore,
1298 2703 1386 2745 veras
1415 2695 1515 2747 autem

153 2777 267 2855 figuras
291 2771 473 2835 contrarium
497 2770 567 2831 anni
587 2768 740 2848 sequentis
756 2769 953 2847 qualitatibus
969 2770 1150 2844 ostendisse,
1168 2772 1224 2832 hac
1241 2772 1359 2851 quidem
1374 2774 1514 2835 methodo

152 2883 234 2927 vana
257 2861 457 2926 examinatas.
503 2861 593 2921 Anno
618 2859 716 2920 futuro
741 2857 795 2918 Sol
818 2858 956 2920 Arietem
984 2859 1152 2938 ingreditur
1176 2857 1228 2920 20.
1254 2861 1358 2923 Martii
1381 2863 1436 2924 sub
1461 2881 1514 2924 oc-

154 2973 260 3016 casum
284 2950 380 3024 Solis,
406 2950 519 3012 oriente
548 2949 625 3009 Jove
650 2947 680 3008 in
704 2946 816 3007 Libra:
852 2946 998 3026 astrologi
1025 2947 1175 3027 putabunt
1204 2948 1332 3009 orituros
1358 2949 1513 3025 Geminos,

154 3062 192 3105 ex
214 3039 397 3104 Pruteuicis.
443 3039 512 3100 Non
545 3045 647 3098 tamen
680 3035 748 3096 hinc
781 3036 843 3097 ulla
875 3035 1024 3115 generalis
1057 3036 1237 3115 significatio
1266 3037 1373 3099 deduci
1401 3046 1513 3117 potest.

152 3132 233 3196 Nam
255 3129 376 3210 Jupiter
399 3135 506 3189 octavo
531 3125 649 3205 quidem
673 3124 789 3204 Aprilis
813 3125 892 3185 vires
917 3144 988 3187 suas
1017 3133 1155 3196 exseret,
1185 3126 1342 3206 oppositus
1366 3125 1447 3204 Soli,
1483 3137 1517 3190 at
1630 3163 1635 3174 «

157 3217 207 3284 10.
236 3217 288 3282 11.
313 3216 388 3279 Maii
411 3215 561 3278 Saturnus
586 3214 629 3275 illi
652 3213 802 3362 succepplt,
827 3213 945 3362 quiaLis
969 3232 1005 3274 eo
1029 3214 1076 3274 die
1101 3213 1164 3276 Soli
1185 3216 1353 3295 opponitur.

790 3321 877 3362 esis.
917 3347 924 3362 .

241 3395 302 3457 Hic
336 3401 437 3457 eutem
470 3391 539 3454 illas
570 3390 843 3453 vetustissimorum
876 3398 1031 3453 auctorum
1059 3391 1204 3462 Hesiodi,
1232 3392 1339 3468 Arati,
1375 3393 1513 3472 Vergilii,

153 3485 244 3550 Plinii
270 3492 302 3545 et
326 3484 485 3545 modernas
510 3481 709 3560 agricolarum
733 3481 1011 3542 animadversiones
1036 3500 1093 3541 riou
1116 3481 1229 3560 rejicio,
1256 3481 1303 3561 qui
1328 3502 1364 3543 ex
1384 3483 1514 3545 siderum

152 3574 308 3639 exortibus
332 3572 438 3633 annuis
462 3578 494 3632 et
516 3570 620 3630 Lunae
646 3569 780 3630 faciebus
811 3580 881 3630 tunc
906 3570 1024 3648 quaudo
1057 3571 1133 3630 haec
1158 3578 1317 3633 cernuntur
1346 3572 1419 3643 (non
1443 3590 1513 3634 vero

154 3665 250 3729 multo
275 3670 410 3741 tempore
444 3662 530 3731 ante)
555 3660 592 3719 de
626 3658 726 3720 futura
759 3659 838 3720 a'eris
867 3659 1012 3737 temperie
1041 3658 1268 3720 ratiocinantur.
1316 3657 1517 3722 Considerant

153 3754 232 3817 euim
254 3750 309 3813 illa
331 3769 390 3812 non
414 3755 538 3828 propter
561 3748 708 3825 magicam
732 3748 807 3808 coeli
832 3748 975 3825 figuram,
1010 3767 1065 3809 nec
1093 3755 1126 3808 ut
1150 3747 1273 3808 causam
1298 3749 1416 3810 suturae
1440 3768 1530 3823 con-7

153 3840 321 3906 stitutionis
345 3840 429 3911 (nam
453 3838 522 3900 aliis
547 3836 633 3898 anuis
657 3837 738 3898 alind
762 3855 848 3896 omen
873 3836 1029 3916 capiunt),
1063 3837 1118 3897 sed
1141 3844 1174 3896 ut
1198 3837 1313 3915 siguum
1333 3837 1398 3915 jam
1422 3856 1514 3917 prae-

154 3931 249 3994 sentis
285 3937 318 3991 et
350 3927 569 4008 aliquantisper
599 3926 760 3987 duraturae
794 3924 1001 4004 dispositionis
1026 3925 1191 3987 Terrestris
1223 3924 1389 4006 generalis,
1430 3927 1515 4006 cujus

154 4019 311 4099 periodum
334 4026 367 4078 et
389 4016 474 4096 leges
499 4016 575 4076 alias
600 4015 729 4093 ignorari
755 4014 911 4076 contendo.

726 4102 858 4163 Thesis
882 4102 933 4162 Ll.

240 4194 496 4258 Animadversum
527 4200 628 4255 tamen
659 4201 720 4266 est,
753 4192 852 4253 inesse
886 4190 1007 4251 brevem
1040 4188 1194 4251 circuitum
1232 4189 1298 4252 huic
1332 4192 1512 4271 qualitatum

153 4283 367 4349 universalium
391 4280 584 4344 successioni.
631 4281 710 4342 Nam
735 4288 766 4341 et
788 4279 893 4341 rustici
918 4278 982 4357 (qui
1006 4278 1081 4339 hauc
1106 4278 1235 4340 omniurn
1258 4279 1426 4342 rectissime
1446 4279 1512 4341 cal-

153 4374 239 4476 lent).
255 4373 306 4434 ubi
332 4377 483 4433 aestatem
507 4368 639 4431 viderint
662 4370 817 4443 fervidam,
843 4368 1002 4429 admodum
1026 4367 1155 4445 rigidam
1179 4376 1343 4447 expectant
1364 4369 1510 4450 hyemem.

151 4461 241 4525 Etsi
266 4480 338 4541 pars
363 4461 464 4540 aliqua
486 4456 602 4540 hyemis
626 4466 732 4537 tepore
756 4477 813 4518 non
839 4464 891 4518 nat
879 4456 969 4518 turali
993 4455 1152 4528 detinetur,
1178 4463 1264 4517 tauto
1289 4456 1393 4534 magis
1405 4457 1511 4519 ultima

151 4559 239 4632 parte
263 4550 359 4628 frigus
383 4555 556 4626 expectant.
603 4548 652 4608 lta
676 4547 732 4608 hoc
756 4555 904 4624 tempore,
930 4564 996 4606 curn
1020 4544 1125 4625 hyems
1153 4544 1231 4606 acris
1260 4544 1421 4605 admodum
1443 4563 1510 4604 ma-

151 4647 217 4706 ture
240 4636 398 4719 ingruerit,
421 4645 571 4699 maturum
594 4636 728 4713 vicissim
751 4654 805 4696 ver
829 4635 896 4710 erit,
921 4632 1178 4696 consentientibus
1204 4631 1376 4713 aspectibus
1399 4632 1510 4712 pleris-

152 4748 217 4813 que,
242 4727 293 4810 qni
316 4746 352 4789 eo
375 4726 445 4788 anni
470 4733 605 4805 tempore
629 4724 772 4788 incidunt.
