3366 5482
741 266 911 333 ontxv-
1448 268 1511 337 ne

146 429 288 493 atriensis
305 428 418 511 aliquis
434 429 515 491 circa
529 429 643 503 herum,
668 436 721 488 ant
737 427 830 490 veluti
845 427 895 508 qni
909 427 938 488 iu
963 426 1035 490 navi
1057 428 1263 504 obambulant,
1288 447 1384 509 neque
1408 437 1510 492 tamen

146 526 212 581 sese
237 518 399 597 fatigando
422 517 580 598 proficiunt
604 517 633 578 in
658 516 778 590 itinere,
809 516 866 577 uisi
890 535 1001 596 magua
1023 516 1070 577 vis
1095 536 1238 596 aquarum
1263 518 1394 579 incertos
1418 538 1510 599 quor·

145 626 209 670 snm
233 616 307 669 eant
330 615 363 668 et
385 607 436 669 vel
461 606 580 686 quietos
602 612 791 684 promoveat.
830 602 931 687 Atque
956 612 989 666 ut
1012 604 1142 684 spatium
1166 605 1253 666 Luna
1276 625 1314 667 ex
1337 606 1408 667 orbe
1433 608 1510 669 Ter-

144 713 216 757 reno
239 704 416 774 motumque
440 694 551 756 sortita
574 703 632 767 est,
657 694 701 754 sic
715 702 748 754 et
763 692 874 754 multas
889 693 1077 755 conditiones
1093 693 1173 771 globi
1189 695 1313 756 Terreni
1329 693 1510 774 adeptamf)

143 791 217 864 puta
244 784 452 858 continentes,
480 782 590 856 maria,
621 789 754 855 montes,
784 777 900 856 aerem,
932 782 981 842 vel
1010 782 1057 843 bis
1090 783 1191 861 aliqua
1220 801 1394 862 quocunque
1422 784 1510 846 ruodo

145 872 425 952 correspondentia,
450 871 553 933 multis
573 870 755 950 conjecturis
771 871 951 931 Maestiinus
965 870 1084 949 probat,
1110 888 1165 931 nee
1189 871 1288 932 nullas
1312 889 1369 950 ego
1392 872 1510 947 babeo;

145 968 178 1024 ut
199 960 250 1022 val
277 960 316 1023 ob
339 960 398 1023 boc
421 961 519 1023 solum
542 958 733 1021 verisimilior
756 958 798 1020 sit
821 956 1022 1038 Cupernicus,
1048 959 1097 1038 qui
1121 959 1247 1021 eandem
1272 960 1329 1022 loci
1352 971 1510 1042 motusque

143 1048 385 1112 communionem
407 1048 524 1110 duobus
547 1047 630 1109 hisce
652 1047 827 1126 corporibus
846 1046 985 1126 largitur.
1017 1049 1065 1110 Ac
1084 1056 1166 1108 certe
1182 1051 1396 1128 qdavdpuuoe
1412 1047 1510 1113 Crea-
1608 1078 1615 1084 ⁴

144 1146 193 1201 tor
221 1137 328 1199 ultimo
359 1137 522 1198 vestivisse
550 1136 670 1198 videtur
694 1136 845 1196 Tellurem
872 1136 929 1198 boc
958 1135 1029 1197 urbe
1053 1135 1186 1198 Lunari:
1220 1137 1291 1217 quia
1322 1137 1450 1200 similem
1482 1138 1511 1201 ei

143 1226 235 1288 sitnm
253 1225 422 1288 attribuere
439 1225 537 1286 voluit
554 1224 626 1285 situi
641 1223 738 1286 Solis:
763 1234 797 1285 ut
820 1225 845 1285 si
870 1231 901 1284 et
926 1225 992 1303 ipsa
1015 1225 1097 1286 orbis
1121 1224 1247 1303 alicujus
1272 1234 1406 1289 centrum
1424 1238 1512 1288 esset

143 1316 191 1386 <ut
213 1312 269 1376 Sol
292 1323 343 1376 est
366 1321 503 1376 centrum
527 1313 671 1385 omnium)
697 1313 792 1374 instar·
815 1312 899 1374 Solis
922 1313 1078 1391 cujusdam
1102 1313 1205 1374 haberi
1229 1324 1345 1392 posset,
1370 1316 1408 1376 ob
1432 1317 1510 1396 quod

143 1405 212 1484 ipsa
236 1404 332 1464 totins
356 1403 488 1464 universi
514 1420 667 1463 commune
693 1410 828 1461 centrum
853 1401 1049 1462 communiter
1072 1402 1156 1482 quasi
1181 1401 1287 1464 habita
1306 1404 1376 1465 «tuit.

232 1491 292 1555 Est
315 1492 454 1562 omnino,
487 1501 519 1551 ut
548 1493 643 1551 denuo
673 1489 773 1549 ludam
802 1491 966 1568 allegoria,
997 1490 1084 1550 homo
1114 1491 1233 1569 quidam
1259 1492 1345 1571 quasi
1370 1491 1453 1556 Deus
1478 1492 1506 1552 in

147 1581 264 1655 mundo,
290 1587 324 1641 et
346 1580 412 1659 ejus
437 1578 618 1641 domicilium
643 1578 765 1650 Tellus;
790 1578 869 1639 sicut
883 1578 949 1651 Dei,
975 1578 1001 1639 si
1025 1579 1115 1656 ullum
1139 1597 1323 1659 corporeum,
1349 1590 1430 1641 certe
1454 1578 1508 1640 Sol

146 1668 196 1730 illa
219 1668 272 1730 lux
295 1669 464 1729 inaccessa.
511 1667 554 1729 Ut
577 1666 669 1746 igitur
693 1667 780 1727 homo
805 1667 879 1741 Deo,
904 1667 947 1729 sio
972 1667 1074 1727 Tellus
1098 1666 1163 1729 Soli
1187 1668 1370 1746 respondere
1394 1666 1508 1728 debuit.
1537 1692 1541 1699 ·

148 1757 353 1837 Argumenta
369 1766 416 1817 est
449 1756 536 1836 hujus
569 1755 612 1816 rei
643 1754 750 1815 eadem
785 1747 846 1815 iere
879 1755 1032 1835 proportio
1066 1754 1147 1833 globi
1176 1756 1306 1817 Telluris
1339 1757 1378 1818 ad
1409 1756 1511 1818 orbem

148 1845 259 1920 Lunae,
286 1865 361 1924 quae
386 1845 468 1924 globi
493 1844 612 1906 solaris
636 1843 675 1903 ud
699 1843 828 1904 mediam
850 1840 992 1904 Mercurii
1018 1843 1236 1922 digressionem
1261 1865 1280 1906 a
1303 1843 1385 1908 Sole.
1402 1843 1429 1919 ⁴)

232 1935 339 2014 Neque
363 1953 435 1994 vero
460 1932 650 1995 metuendum
675 1940 733 2005 est,
759 1951 795 1991 ne
810 1931 947 1992 Lunares
972 1934 1059 1993 orbes
1083 1953 1102 1993 a
1127 1932 1233 1993 vicinis
1257 1952 1414 2014 corporum
1437 1952 1509 2013 pro·
1589 1983 1591 1986 Α

151 2023 332 2101 portionibus
356 2022 520 2100 compressi
545 2021 711 2094 elidantur,
743 2020 768 2081 si
800 2039 856 2081 nou
886 2021 949 2082 sint
976 2021 1005 2082 in
1035 2021 1106 2082 orbe
1131 2020 1196 2099 ipso
1225 2022 1395 2084 absconditi
1419 2032 1510 2103 atque

153 2111 261 2173 inclusi.
310 2111 389 2171 nam
412 2111 575 2171 absurdum
601 2118 633 2170 et
655 2117 857 2169 monstrosum
882 2118 943 2181 est,
973 2128 1102 2189 corpora
1131 2109 1204 2170 baec
1228 2111 1358 2172 materia
1380 2111 1510 2190 quadam
1574 2117 1578 2124 ’

155 2199 275 2273 vestita,
302 2218 379 2279 quae
403 2199 502 2260 alieno
526 2198 645 2277 corpori
669 2197 830 2259 transitum
854 2216 911 2257 non
935 2198 1121 2276 praebeant,
1152 2196 1181 2258 in
1210 2200 1327 2261 coelum
1350 2201 1509 2263 collocare.

157 2283 236 2349 (lerte
260 2288 348 2349 multi
372 2306 430 2347 non
455 2296 596 2348 verentur
620 2286 773 2361 dubitare,
806 2304 843 2345 an
869 2287 987 2347 omnino
1013 2285 1127 2347 sintin
1152 2288 1237 2348 coelo
1262 2287 1409 2368 ejusmodi
1433 2289 1510 2348 ada-

159 2376 268 2438 nsntini
294 2376 404 2449 orbes;
434 2395 471 2436 an
496 2375 598 2435 divina
623 2375 752 2454 quadarn
776 2375 903 2449 virtute,
929 2374 1106 2436 moderante
1130 2393 1234 2436 cursus
1258 2376 1413 2438 intellectu
1437 2395 1509 2457 pro-

160 2466 315 2543 portionum
344 2464 612 2544 geometricarurn,
645 2463 753 2524 stellae
782 2480 837 2541 per
865 2482 987 2543 campos
1018 2472 1050 2525 et
1073 2482 1176 2525 auram
1200 2464 1375 2527 aetheream
1398 2465 1510 2526 liberae

162 2552 214 2615 istis
236 2552 353 2616 orbium
378 2552 572 2632 compedibus
598 2560 852 2630 transportentur.
865 2556 892 2625 ⁶)
940 2553 1062 2613 Nullum
1092 2552 1229 2633 equidem
1257 2554 1374 2633 pondus
1404 2553 1510 2615 dubins

164 2647 186 2701 et
202 2643 370 2704 titubantes
394 2641 503 2703 uictori
527 2660 652 2720 gressus
677 2640 796 2714 efficiet,
823 2659 880 2720 quo
905 2642 1068 2721 aliquando
1093 2661 1112 2702 a
1134 2641 1246 2703 circulo
1270 2662 1323 2703 suo
1348 2641 1509 2705 exorbitet.

164 2724 266 2793 dullum
291 2730 372 2792 enim
394 2740 552 2810 punctum,
583 2729 697 2791 nullum
725 2737 860 2790 centrum
888 2747 981 2808 grave
1005 2728 1101 2802 est.¹)
1148 2728 1292 2792 Centrum
1317 2749 1388 2793 vero
1412 2732 1511 2793 omnia

166 2816 279 2894 eiusdem
308 2838 376 2880 cum
400 2829 529 2897 'corpore
558 2825 684 2878 naturae
714 2825 887 2896 sequuntur.
934 2818 1000 2879 Nec
1022 2818 1138 2897 pondus
1163 2837 1201 2878 ex
1225 2837 1260 2879 eo
1284 2820 1413 2898 acquirit
1436 2838 1509 2881 cen-

167 2910 243 2981 tnm,
276 2909 358 2989 qnod
385 2915 489 2968 cetera
519 2907 559 2968 ad
583 2925 616 2966 sc
640 2905 736 2967 allicit
760 2913 812 2966 aut
836 2905 875 2967 ab
903 2906 964 2969 iilis
992 2905 1165 2986 appetitur:
1199 2925 1257 2967 non
1288 2907 1386 2986 magia
1418 2916 1510 2987 atque

166 3008 287 3075 names,
318 2997 390 3059 dnm
418 3004 488 3056 actu
513 2995 624 3057 ferrum
653 2994 765 3079 trahit,
797 2995 993 3073 ingravescit.
1002 2999 1037 3069 ¹¹)
1083 2994 1144 3055 Vel
1167 2994 1242 3057 haec
1266 2995 1388 3067 Tellus,
1420 3014 1509 3076 quam

167 3084 261 3146 omnino
284 3104 355 3146 oum
379 3081 547 3163 Cupernico
571 3082 640 3145 vehi
664 3083 835 3157 statuimus,
861 3083 968 3163 quibus
991 3083 1144 3158 vectibus,
1169 3083 1275 3164 quibus
1299 3084 1426 3164 catenis,
1451 3083 1509 3164 quo

168 3168 308 3235 tdtmante
334 3173 460 3235 coelesti
483 3171 514 3233 in
539 3172 641 3232 orbem
665 3189 750 3232 suum
772 3172 889 3234 inserta
911 3172 982 3233 est?
1013 3170 1060 3233 Eo
1084 3189 1190 3251 nempe
1209 3190 1297 3252 quem
1320 3191 1424 3234 omnes
1447 3173 1509 3234 cir-

167 3261 293 3323 ttnciroa
317 3261 345 3323 in
371 3261 528 3340 superficie
551 3260 681 3321 Telluris
706 3260 840 3321 homines
869 3260 1020 3322 haurimus
1050 3261 1279 3334 (fermentatum
1306 3270 1339 3323 et
1362 3260 1508 3325 commix-

166 3346 213 3410 ltn
232 3350 412 3430 vaporibus)
438 3356 556 3410 aerem:
581 3367 668 3428 quem
688 3367 787 3423 manu,
812 3366 899 3427 quem
917 3368 1041 3429 corpore
1061 3357 1264 3430 penetramus,
1289 3364 1384 3430 neque
1407 3359 1509 3411 tamen

167 3430 341 3501 discludimus
357 3447 418 3507 ¹aut
442 3456 642 3512 semovemus,
667 3456 733 3498 cum
758 3436 799 3497 sit
821 3437 983 3500 influxuum
1006 3438 1184 3501 coelestium
1208 3438 1238 3500 in
1262 3439 1361 3500 media
1384 3457 1511 3518 corpora

163 3522 322 3590 vinnium.
334 3521 364 3600 h')
401 3526 468 3587 Hoc
492 3525 571 3587 enim
596 3526 711 3586 coelum
736 3532 792 3599 est,
818 3525 846 3586 in
863 3544 920 3605 quo
936 3526 1073 3602 vivimus,
1099 3546 1252 3589 movemur
1275 3535 1306 3589 et
1330 3546 1432 3590 sumus
1456 3546 1510 3589 nos

162 3616 291 3678 nuncia
305 3616 456 3678 mundana
472 3634 608 3693 corpora.
647 3611 795 3683 Quamvis
820 3615 891 3693 qnid
914 3634 989 3695 opus
1014 3625 1060 3676 tot
1083 3615 1209 3677 verbis?
1240 3616 1320 3678 Nam
1343 3617 1402 3678 etsi
1426 3616 1509 3678 orbi·

159 3702 232 3765 tulus
250 3705 356 3766 Lunae
380 3723 472 3783 supra
486 3702 616 3764 Telluris
641 3702 743 3764 orbem
767 3701 908 3777 emineat,
934 3704 1076 3783 quidest
1099 3705 1135 3765 de
1160 3705 1350 3767 dodecatdro
1373 3704 1422 3766 vel
1445 3705 1509 3766 ico-

156 3792 272 3866 suno,
307 3793 387 3873 quod
419 3793 502 3854 illum
536 3791 668 3852 transitu
690 3790 887 3870 prohibeat?
934 3791 1049 3853 Vidisti
1078 3811 1170 3873 supra
1197 3810 1264 3872 cap.
1293 3792 1326 3855 11
1363 3811 1421 3873 quo
1446 3795 1510 3855 loco

151 3880 263 3942 miliaci
285 3882 410 3961 planum
434 3881 509 3942 haec
533 3880 591 3941 duo
615 3897 743 3959 corpora
765 3889 860 3953 secat,
887 3881 997 3941 nullum
1021 3881 1173 3959 angulum,
1198 3881 1311 3942 nullum
1330 3881 1418 3943 faciei
1436 3900 1510 3944 cen-

148 3968 225 4031 m
243 3982 424 4044 occurrere,
457 3968 510 4030 sed
535 3967 667 4029 existere
692 3987 728 4028 ex
753 3968 888 4029 sectione
913 3969 1110 4048 decangulum
1138 3970 1294 4049 utrinque,
1325 3971 1410 4051 cnjus
1434 3989 1510 4052 quae

148 4068 191 4143 ⁹¹.
208 4066 310 4120 centro
340 4057 378 4119 ad
411 4058 491 4118 latus
521 4056 780 4136 perpendicularis
810 4057 909 4130 cadit,
945 4059 1032 4137 longe
1063 4058 1158 4137 major
1185 4068 1233 4119 est
1261 4059 1291 4121 in
1319 4059 1509 4123 uodeeaedro

147 4145 231 4207 ratio
252 4145 402 4225 inscripti,
428 4146 516 4224 longe
540 4145 660 4206 brevior
682 4144 711 4205 in
735 4145 892 4207 icosaedro
912 4146 995 4207 radio
1014 4145 1239 4228 circumscripti,
1265 4154 1297 4208 et
1320 4147 1396 4209 adeo
1421 4149 1511 4229 longa

148 4230 275 4313 quidem,
300 4243 335 4297 nt
359 4253 417 4296 non
442 4234 589 4295 coelulum
608 4233 682 4295 illud
696 4233 801 4294 Lunae
821 4242 947 4310 tautum,
973 4234 1026 4297 sed
1051 4234 1139 4315 louge
1163 4236 1259 4316 majus
1283 4236 1396 4317 aliquid
1420 4257 1511 4319 snpra

149 4318 249 4386 orbem
270 4317 397 4386 exstans
420 4341 474 4402 per
493 4321 622 4383 mediam
638 4322 721 4383 illam
735 4321 815 4383 viam
833 4323 970 4403 interque
990 4322 1042 4384 iila
1061 4323 1229 4405 decangula
1247 4326 1376 4390 transire
1394 4335 1509 4406 posset.

150 4398 214 4483 ‚Sed
232 4409 308 4474 baec
333 4412 434 4474 omnia
458 4410 594 4491 quamvis
618 4429 672 4471 suo
701 4410 766 4472 loco
791 4411 1010 4492 relinquantur,
1041 4412 1133 4474 nihilo
1161 4413 1249 4494 pejus
1276 4433 1310 4476 se
1326 4433 1383 4476 res
1407 4414 1509 4479 tabet.

156 4489 247 4562 Vides
260 4501 341 4563 enim
356 4519 410 4580 per
423 4499 683 4580 interpositionem
697 4499 813 4574 Lunae,
837 4508 1049 4581 praeterquam
1068 4501 1097 4562 in
1113 4502 1243 4577 Venere,
1268 4502 1509 4582 quamproxime

159 4588 255 4651 saed
276 4590 316 4652 ad
339 4588 477 4672 proditos
500 4606 553 4670 per
577 4588 660 4650 sinus
684 4585 844 4668 Cepernici
868 4607 1006 4669 numeros
1029 4608 1160 4655 arcuum.
