3366 5482
279 282 346 350 ³54
701 283 803 332 nens
820 281 1215 346 monomenta-m

277 447 332 512 dit.
381 447 487 525 ltaque
511 443 569 506 nisi
593 443 758 524 promissor
781 444 869 523 plane
894 444 936 505 sit
960 444 988 504 in
1003 445 1116 506 vertice
1133 447 1183 506 vel
1201 443 1298 515 nadir,
1321 442 1452 506 circulus
1466 439 1632 523 quornm

277 534 392 599 abillo
416 534 550 600 distans,
582 534 609 594 is
632 551 756 612 nempe,
788 532 872 611 cujus
899 534 986 611 polos
1010 540 1059 594 est
1089 533 1119 593 in
1142 533 1339 613 promissore,
1373 548 1495 611 semper
1516 528 1634 592 secabit

276 624 463 687 horizontem
485 622 517 682 in
541 630 607 683 ortu
631 621 738 694 semel,
775 630 806 682 et
829 623 923 683 semel
951 622 982 682 in
1005 622 1129 683 occiduo
1162 620 1368 683 semicirculo:
1401 637 1523 699 semper
1543 617 1635 698 igitm

276 713 442 793 promissor
465 710 612 789 quadrato
637 709 760 789 respicit
783 710 914 790 aliquam
929 709 1141 790 significatoris
1156 710 1319 771 horizontis
1333 708 1527 789 particulam.
1564 704 1632 768 Tri·

278 802 395 863 bnimns
423 817 495 859 vero
524 807 556 860 et
578 798 839 878 Regiomontanns
867 807 899 860 et
924 817 980 878 ego
1003 798 1151 860 horizonti
1188 799 1245 860 toti
1273 799 1333 861 rim
1366 795 1574 877 significandi;
1604 804 1634 855 et

279 889 393 971 quidni,
417 906 484 948 curn
508 887 665 965 eclipticas
689 897 793 966 partes
817 906 876 947 non
899 907 1003 949 omnes
1027 887 1133 949 iisdem
1153 887 1317 948 horizontis
1331 886 1472 966 partibus
1490 883 1633 956 oriantur,

278 979 332 1039 sed
352 978 418 1056 jam
440 976 526 1050 haec,
546 976 610 1051 jam
631 976 684 1037 illa
707 976 871 1037 horizontis
886 976 970 1056 regio
984 975 1098 1056 primae
1114 977 1219 1038 domus
1238 975 1319 1037 ostia
1333 973 1481 1036 recludat.
1520 970 1634 1034 Eodem

276 1067 363 1128 modo
394 1065 431 1126 de
461 1065 563 1126 sextili
592 1065 794 1125 sentiendum.
842 1065 920 1125 Toto
944 1066 1053 1145 quippe
1077 1074 1226 1146 tempore,
1258 1083 1315 1143 quo
1339 1062 1393 1124 Sol
1424 1061 1523 1124 minus
1547 1077 1633 1142 qoam

278 1152 349 1217 60⁰
370 1154 450 1214 infra
473 1152 657 1214 horizontem
682 1160 732 1213 est
754 1153 921 1223 demersus,
944 1173 1039 1233 usque
1063 1174 1107 1229 eo,
1132 1172 1190 1234 qno
1210 1150 1278 1216 60⁰
1298 1154 1354 1214 alt
1378 1169 1470 1230 supra
1493 1148 1633 1212 horizon·

277 1253 339 1305 tem
358 1250 478 1315 exstat,
503 1260 622 1321 semper
644 1241 766 1321 projicit
789 1242 929 1304 sextilem
948 1254 1103 1322 aspectum
1133 1243 1162 1303 in
1188 1242 1305 1320 aliquas
1329 1239 1496 1302 horizontis
1519 1246 1632 1318 partes.

275 1331 369 1393 Dicas
403 1329 474 1390 mihi
503 1338 623 1391 ceteras
656 1329 858 1404 indictiones,
891 1349 968 1410 quae
993 1341 1123 1412 vergunt
1152 1332 1191 1391 ad
1215 1330 1317 1391 mundi
1340 1330 1453 1402 latera,
1480 1345 1541 1389 non
1566 1344 1631 1388 esse

276 1420 427 1490 efficaces,
452 1419 544 1493 solas,
570 1437 703 1499 quaese
728 1419 851 1480 zodiaco
877 1419 1056 1482 familiarius
1080 1420 1246 1499 applicant,
1271 1417 1332 1480 virn
1346 1417 1496 1480 obtinere.
1534 1416 1632 1477 Iniere

277 1527 345 1590 ego,
371 1507 460 1588 quod,
486 1507 567 1568 facto
592 1507 686 1568 semel
710 1507 795 1568 initio
820 1507 994 1569 discedendi
1017 1529 1037 1570 a
1060 1508 1196 1580 zodiaco,
1219 1507 1307 1568 detur
1326 1505 1470 1585 evagatio
1485 1523 1581 1583 nsque
1597 1502 1632 1565 sd

277 1596 406 1659 eircnlos
435 1594 617 1669 latitudinis,
648 1596 751 1674 vigore
775 1597 955 1658 efficientiae
980 1596 1088 1678 ubique
1117 1605 1262 1677 sequente
1292 1592 1580 1672 secundummagis
1602 1598 1634 1653 et

275 1687 384 1749 minus.
432 1684 476 1745 At
499 1685 588 1745 datur
611 1683 726 1744 initium
752 1684 925 1746 discedendi
950 1707 969 1746 a
992 1687 1126 1762 zodiaco,
1151 1687 1176 1747 si
1195 1684 1360 1763 promissor
1383 1682 1503 1744 obtinet
1525 1682 1632 1743 latitu-

278 1775 388 1846 dinem,
414 1783 446 1834 et
461 1773 555 1833 multo
571 1772 677 1850 magis,
701 1771 727 1832 si
751 1791 817 1833 cum
836 1773 1079 1852 Regiomontano
1104 1775 1196 1837 etiam
1211 1774 1339 1835 termino
1364 1781 1509 1851 aspectus
1524 1769 1632 1832 tribui-

275 1881 342 1926 mus
366 1860 567 1923 latitndinem.
615 1860 712 1922 Multo
736 1860 829 1942 igitur
850 1862 1043 1925 verisimilius
1067 1883 1123 1944 ego
1148 1864 1204 1924 hoc
1228 1864 1327 1924 tribuo
1350 1859 1485 1935 zodiaco,
1511 1867 1634 1939 propter

274 1962 450 2032 perpetuum
475 1948 557 2011 Solis
582 1949 696 2011 subeo
721 1950 904 2025 discursum,
935 1959 968 2012 ut
990 1953 1017 2012 is
1041 1953 1154 2014 animet
1183 1959 1342 2031 aspectus,
1373 1957 1465 2029 atque
1489 1957 1632 2028 aspector

275 2040 305 2102 iu
330 2058 366 2100 eo
391 2038 596 2099 terminentur.
644 2036 707 2100 Sed
730 2047 830 2099 tmnen
855 2038 894 2100 ad
918 2041 1120 2102 omnimodam
1144 2040 1232 2101 fidem
1252 2038 1470 2118 praestandam
1492 2035 1564 2098 hnic
1585 2035 1632 2097 di·

276 2126 403 2190 rectioni
431 2136 606 2204 aspectuum
631 2127 741 2189 desunt
764 2128 836 2189 mihi
860 2129 955 2189 multa
978 2131 1130 2210 exempla;
1164 2129 1191 2188 si
1215 2128 1287 2189 mihi
1311 2136 1381 2189 sunt
1403 2144 1573 2206 geneseon,
1601 2132 1633 2185 at

279 2235 338 2278 non
363 2224 435 2276 sunt
457 2223 627 2276 eventuum.
653 2216 784 2294 (Wolfg.
802 2216 895 2278 Wilh.
911 2217 988 2281 Phil.
1005 2219 1081 2281 Lud.
1107 2216 1142 2280 C.
1167 2217 1203 2278 P.
1228 2214 1413 2293 Neobnrgici
1436 2215 1519 2277 filius
1546 2220 1633 2275 natos

275 2313 324 2366 est
351 2304 468 2365 oriente
491 2302 591 2364 Marte
617 2304 698 2365 cirea
726 2302 830 2380 5οΥ
858 2325 925 2367 cnm
949 2306 1002 2368 lat.
1028 2304 1084 2380 5⁰,
1116 2325 1185 2368 cum
1212 2315 1295 2366 esset
1322 2303 1377 2366 Sol
1401 2302 1430 2364 in
1458 2295 1567 2384 11¹}ss
1587 2311 1630 2381 tl,

275 2393 364 2456 Luna
386 2393 416 2452 in
441 2387 529 2471 372⁰
551 2402 598 2478 tp.
645 2394 678 2454 In
703 2402 770 2455 ortu
795 2388 840 2455 3⁰
861 2392 923 2471 Υ.)

367 2480 433 2553 (Ad
456 2477 504 2554 3.)
550 2481 771 2560 lncompertum
795 2482 855 2556 ais,
881 2501 941 2562 qna
963 2482 1079 2544 ratione
1104 2493 1135 2542 et
1157 2501 1214 2561 quo
1240 2488 1374 2559 tempore
1399 2478 1533 2558 eclipses
1556 2477 1632 2538 vires

276 2589 349 2632 snas
373 2576 516 2631 exserant
540 2568 642 2631 ethic
666 2570 771 2632 fallere
795 2571 915 2649 regulas
940 2570 1116 2632 Ptolemaei.
1156 2572 1267 2631 Tecum
1292 2568 1408 2642 senti03
1439 2578 1474 2629 at
1495 2568 1555 2629 hoc
1578 2583 1631 2628 nnn

275 2667 386 2732 tecum,
410 2658 490 2737 qnod
514 2676 601 2736 nego,
626 2668 740 2720 certam
765 2678 832 2720 esse
858 2660 1020 2739 eclipsibus
1044 2660 1191 2722 rationem
1215 2657 1370 2738 operandi,
1393 2655 1521 2736 proinde
1541 2673 1631 2735 neque

278 2747 348 2810 sciri
386 2765 482 2826 neque
516 2746 624 2826 inquiri
654 2747 732 2809 hane
764 2767 866 2828 posse.
923 2747 957 2810 Si
989 2757 1127 2810 naturam
1161 2747 1236 2809 lucis
1264 2754 1297 2807 et
1326 2746 1448 2807 umbrae
1477 2743 1631 2824 respicias,

276 2838 413 2918 equidem
437 2853 564 2914 corpora
587 2843 693 2896 nostra
717 2836 807 2897 nihilo
831 2837 928 2915 magis
952 2837 1122 2899 alliciuntur
1145 2837 1183 2898 ab
1202 2834 1309 2897 umbra
1332 2836 1452 2906 Lunae,
1484 2851 1575 2914 quam
1596 2830 1631 2892 ab

274 2925 380 2990 umbra
403 2925 529 2997 Terrae,
564 2943 640 3003 quae
665 2944 724 2986 nox
747 2925 865 2987 dicitnr.
913 2926 1028 2986 Restat
1055 2944 1127 3005 ergo
1156 2925 1285 3008 unicum¹
1305 2943 1402 2986 meum
1425 2941 1631 3004 epnupvysror.

251 3015 453 3101 [facultatem
471 3012 645 3087 animalem,
681 3032 757 3093 qnae
785 3014 898 3075 insidet
926 3015 955 3075 in
980 3015 1091 3088 Terra,
1125 3022 1158 3074 et
1184 3033 1252 3075 cum
1276 3033 1313 3075 ea
1344 3012 1518 3074 universum
1541 3028 1631 3092 genus

276 3105 441 3166 animarum
467 3111 499 3162 et
528 3101 681 3180 geniorum
716 3101 841 3164 insolita
866 3103 940 3163 lucis
960 3104 1083 3182 jactura
1116 3102 1305 3164 consternari
1333 3102 1537 3180 affectumque
1561 3117 1630 3161 eon·

274 3193 374 3271 cipere
385 3191 434 3251 diu
447 3191 615 3261 durantem,
631 3199 721 3269 atque
736 3199 808 3252 tunc
819 3209 959 3270 magnum
976 3192 1032 3252 hoc
1051 3192 1172 3266 animal,
1189 3191 1340 3253 Tellurem
1354 3188 1482 3263 scilicet,
1505 3188 1538 3250 in
1552 3205 1629 3250 mor·

274 3280 330 3343 bos
354 3279 495 3347 incidere,
521 3277 599 3339 alitis
623 3278 651 3338 in
677 3280 768 3351 alios,
793 3290 882 3359 prout
905 3280 1021 3342 interea
1045 3281 1123 3343 ratio
1148 3282 1305 3342 humomm
1329 3278 1420 3340 fuerit
1444 3284 1629 3357 comparata

274 3387 385 3448 eosque
404 3367 471 3447 jam
493 3367 608 3429 tardius
627 3369 691 3448 jam
715 3369 804 3430 citius
821 3388 984 3447 erumpere,
1010 3377 1099 3448 prout
1113 3370 1204 3431 fuerit
1221 3376 1428 3450 comparatum
1454 3385 1523 3428 cnm
1537 3365 1630 3430 Terre

274 3457 446 3520 intrinsece.
493 3456 595 3518 Habet
614 3454 691 3517 enirn
716 3458 817 3537 ntique
842 3466 873 3519 et
888 3458 990 3519 Tellus
1005 3460 1073 3538 ipsa
1096 3475 1162 3519 ase
1176 3459 1323 3537 quasdam
1336 3455 1517 3519 variationis
1535 3455 1629 3535 leges.

274 3565 333 3609 non
357 3566 376 3607 a
398 3545 482 3607 coelo
506 3563 624 3618 omnes,
656 3546 699 3607 uti
731 3547 820 3607 horno
843 3545 955 3620 esurit,
987 3547 1067 3619 sitit,
1101 3547 1249 3627 fatigator
1276 3547 1316 3608 ad
1339 3544 1565 3626 praescriptum
1586 3541 1630 3604 sui

274 3634 407 3715 corporis
431 3634 547 3709 virium,
572 3652 629 3694 non
653 3634 739 3696 coeli.
786 3635 855 3697 Non
870 3634 961 3714 igitur
984 3636 1082 3697 omnis
1097 3635 1219 3715 eclipsis
1235 3633 1317 3697 Solis
1337 3634 1514 3696 siceitatem
1533 3628 1633 3703 affert,

275 3735 357 3786 certe
379 3743 438 3784 nou
463 3723 599 3784 omnibus
623 3722 708 3786 loeis.
755 3725 833 3786 Nam
858 3742 936 3784 anno
960 3721 1011 3788 98.
1041 3726 1080 3786 ed
1104 3724 1187 3786 illam
1210 3724 1336 3804 eclipsin
1360 3731 1467 3785 secuta
1491 3718 1627 3800 sequenti

274 3823 416 3875 autumno
439 3822 471 3873 et
495 3810 590 3873 hieme
614 3812 643 3872 in
669 3812 796 3874 hostria
817 3820 849 3873 et
866 3811 970 3893 Styria
993 3813 1099 3893 ingens
1122 3822 1155 3875 et
1178 3813 1319 3876 diuturna
1342 3830 1489 3892 aquarum
1512 3808 1628 3873 effusio.

275 3903 381 3982 ltaque
404 3900 529 3962 miseret
550 3919 596 3961 me
621 3900 749 3962 infelicis
773 3909 843 3962 tuae
867 3901 1047 3978 industriae,
1077 3902 1146 3964 dom
1169 3902 1199 3964 in
1223 3902 1260 3963 iis
1283 3901 1373 3963 rebus
1397 3898 1577 3962 ordinandis
1598 3902 1628 3958 el

275 3990 468 4069 disponendis
494 3989 634 4059 versaris,
658 4010 732 4070 quas
756 4000 864 4051 natura
887 3990 955 4070 ipsa
969 3991 1136 4054 confundit.
1183 3989 1262 4062 Quin
1277 3990 1379 4071 potins
1402 3990 1460 4052 hnc
1483 4007 1571 4070 agas,
1597 3990 1629 4047 nt

274 4096 390 4140 meeum
413 4079 450 4139 de
472 4077 599 4140 internis
624 4079 754 4141 Telluris
778 4079 998 4142 conditionibus
1022 4081 1172 4160 disputes,
1207 4079 1285 4160 qnod
1307 4078 1474 4140 identidem
1497 4076 1575 4139 facio
1599 4075 1627 4135 io

274 4166 533 4250 prognosticorum
555 4167 794 4246 praefationibus
818 4175 851 4228 et
875 4168 903 4228 in
927 4169 1033 4232 ultimo
1053 4168 1142 4247 hujus
1166 4169 1237 4230 anni
1256 4167 1323 4238 ieci,
1348 4168 1374 4228 si
1394 4184 1527 4248 noqnam
1540 4162 1628 4234 ahts.

275 4254 392 4320 liberati
416 4274 514 4317 manu.
559 4256 624 4318 Res
648 4267 777 4318 estnon
802 4257 838 4317 de
864 4256 967 4331 nihilo,
992 4279 1048 4319 non
1074 4259 1235 4334 somnium,
1261 4257 1314 4318 sed
1338 4255 1516 4318 verissima:
1541 4251 1632 4314 habet

275 4345 391 4418 Tellus,
416 4352 450 4405 ut
472 4343 502 4405 in
526 4343 611 4424 Disp.
638 4345 674 4406 de
699 4346 793 4407 Fund.
819 4345 891 4420 dixi,
920 4349 1066 4427 quasdam
1090 4347 1230 4426 periodos
1254 4345 1388 4408 humoris
1413 4340 1635 4422 sociatisque.

275 4435 344 4496 aliis
367 4432 506 4513 partibus
530 4433 618 4495 alias.

364 4522 430 4595 (Ad
454 4518 502 4595 4.)
550 4520 734 4584 Convincam
748 4530 778 4583 te
804 4523 851 4583 vel
875 4543 913 4585 ex
936 4531 966 4584 te
990 4524 1067 4602 ipso,
1091 4542 1158 4584 cum
1176 4521 1275 4583 ventis
1298 4529 1417 4585 tantum
1431 4520 1559 4594 tribuas,
1581 4536 1635 4580 ια

275 4611 394 4692 quidem
418 4610 616 4672 assentiente.
663 4611 708 4672 At
731 4610 814 4672 venti
837 4622 907 4675 sunt
930 4612 1075 4674 montium
1100 4611 1230 4685 soboles,
1255 4619 1287 4672 et
1304 4608 1401 4673 sicubi
1414 4609 1505 4692 pluit,
1529 4626 1567 4671 ex
1578 4607 1673 4670 itt-

275 4701 396 4780 regione
419 4707 491 4762 sunt
514 4699 610 4775 venti;
643 4707 697 4761 aut
720 4699 746 4760 si
770 4699 854 4761 nives
883 4702 912 4763 in
935 4702 1139 4781 septentrione
1164 4699 1321 4762 solvuntur
1340 4717 1468 4763 accessu
1488 4696 1570 4761 Solis
1591 4688 1659 4757 a

275 4796 412 4853 nochum
425 4787 687 4869 hemisphaerium,
712 4789 875 4852 etesiarum
890 4790 1007 4853 initium
1020 4790 1068 4864 tit,
1094 4789 1144 4872 qui
1157 4796 1231 4852 sunt
1242 4787 1327 4855 venti
1340 4786 1493 4852 boreales.
1523 4787 1657 4867 Ιῐιφθ
