3366 5482
146 278 180 346 -6
436 307 438 314 ·
732 282 911 335 Quaenam

139 711 290 794 ·„cuboz
386 670 679 809 ,τῑνθ--ῌδδε
747 755 759 776 a

172 966 186 988 „
212 930 342 982 octatdro:
389 945 447 989 „=
473 925 517 984 V2
544 927 683 988 :later
747 968 760 990 s

528 1072 684 1176 azam

171 1179 184 1201 „
210 1140 350 1194 icosatdro':
388 1158 446 1202 „=
599 1169 614 1236 5

913 1593 949 1619 =
958 1574 1037 1626 oco?
1048 1595 1055 1633 t
1294 1590 1329 1618 =
1339 1571 1425 1629 odilo.
1439 1571 1460 1634 ⁸)

249 1719 313 1782 Hos
337 1720 427 1798 igitur
449 1740 589 1807 numeros
619 1741 685 1784 cum
715 1721 845 1784 numeris
874 1741 892 1781 a
917 1718 1081 1800 Cepernico
1109 1718 1217 1799 positis
1248 1727 1372 1780 etcum
1399 1718 1509 1794 tabulis

44 1842 48 1851 ’
160 1825 328 1888 Pmtenicis
359 1844 536 1907 comparans
559 1828 707 1908 Keplerus
737 1828 854 1890 nonnisi
881 1828 910 1890 in
934 1829 1032 1889 Marte
1058 1835 1093 1923 ‚et
1116 1826 1234 1886 Venere
1258 1845 1342 1886 suam
1365 1825 1511 1887 rationem

161 1950 227 1994 cum
250 1931 328 1994 illius
352 1932 465 1994 calculo
489 1953 667 2013 congruere,
697 1934 726 1995 in
750 1934 859 1996 ceteris
883 1932 978 2013 magis
1003 1933 1136 1994 minusve
1160 1931 1312 1993 discedere
1336 1931 1427 1992 videt.
1476 1933 1511 1993 lu
1563 1927 1566 1933 ’

160 2036 310 2097 Mercurio
333 2055 400 2099 curn
423 2035 510 2100 nimis
535 2039 668 2112 differat,
693 2057 750 2099 uon
775 2038 855 2117 globi
879 2039 908 2100 in
933 2037 1074 2100 octaedro
1097 2037 1248 2117 inscripti,
1278 2037 1331 2098 sed
1355 2038 1456 2100 circuli
1481 2038 1511 2098 iu

162 2142 308 2222 quadrato
332 2142 413 2207 illius
436 2143 572 2224 inscripti
593 2132 677 2224 ponit
695 2145 811 2207 radium
834 2141 956 2219 (0707,
982 2152 1043 2221 aut,
1068 2163 1134 2206 cum
1153 2145 1267 2208 radium
1282 2178 1323 2190 -
1338 2145 1368 2207 R
1382 2177 1423 2187 —
1438 2164 1510 2225 par-

85 2317 88 2321 ,
162 2247 235 2310 tium
253 2257 348 2328 ponat
368 2246 462 2323 1000,
483 2281 523 2310 ,-
540 2247 629 2322 707).
669 2248 730 2314 Cur
753 2258 855 2314 eutem
877 2257 1003 2333 utraque
1027 2252 1105 2313 ratio
1127 2251 1274 2326 discedat,
1297 2271 1418 2313 caueam
1442 2271 1510 2314 esse

163 2353 235 2416 dicit
257 2353 287 2416 in
311 2356 440 2419 numeris
464 2377 483 2418 a
506 2354 671 2436 Cupernico
694 2357 792 2424 miuus
821 2357 981 2438 diligenter
1008 2356 1180 2432 subductis,
1214 2357 1343 2437 vitioque
1372 2359 1400 2420 in
1425 2378 1511 2420 suam

162 2479 224 2523 rem
244 2461 428 2525 emendando
445 2483 585 2544 magnam
600 2462 745 2543 impendit
759 2483 888 2545 operam.
921 2464 1026 2545 Neque
1046 2473 1146 2525 tamen
1171 2465 1248 2545 quod
1273 2466 1399 2547 optabat
1421 2484 1510 2545 pror-

1423 2560 1487 2633 577
1498 2579 1508 2871 q

162 2701 214 2745 sus
238 2691 395 2746 assecutus
419 2691 479 2760 est,
511 2703 577 2746 curn
605 2685 718 2747 numeri
745 2684 946 2799 redundantes
971 2705 1008 2748 ex
1031 2683 1241 2763 proportione:
1279 2683 1385 2758 1000:
1424 2673 1488 2848 3ἓὲ

1424 2784 1442 2846 7

164 2909 203 2942 ==
228 2887 391 2950 distantiae
416 2886 602 2968 Cepernici·
595 2935 601 2950 .
620 2909 654 2964 x,
680 2898 712 2951 et
733 2890 791 2972 ipsi
814 2909 919 2971 parum
942 2896 1117 2969 congruant.

249 3085 363 3146 Vemm
385 3084 415 3146 in
440 3084 495 3145 lroc
519 3092 599 3146 certe
624 3086 795 3167 acquiescit,
822 3085 920 3169 „quod
944 3083 1030 3146 unius
1049 3082 1194 3146 motoriae
1214 3082 1378 3146 distantiae
1401 3084 1439 3145 ad
1465 3085 1513 3147 al-

163 3197 258 3252 teram
275 3189 428 3270 proportio
443 3208 591 3269 nuuquam
611 3212 630 3251 a
645 3199 709 3253 toto
725 3192 795 3254 orbe
812 3190 1017 3272 Copernicano
1033 3191 1163 3267 aberrat,
1189 3181 1243 3252 sed
1262 3209 1377 3271 semper
1401 3190 1512 3271 aliquid
1562 3246 1565 3251 .

163 3296 288 3376 digitum
311 3296 449 3370 intendit,
476 3296 551 3378 quod
575 3297 707 3378 pertinet
730 3298 770 3360 ad
793 3297 906 3361 orbium
931 3298 1186 3379 spissitudinem.“
1229 3296 1400 3360 Distantias
1427 3316 1512 3373 „rno-

163 3402 277 3464 torias“
302 3409 403 3463 autem
433 3403 505 3464 dicit
532 3404 600 3465 illas
631 3426 649 3466 a
673 3402 838 3485 Cepernico
867 3412 1073 3484 computatas,
1103 3405 1281 3485 easdemque
1310 3403 1513 3465 aMaestlino

163 3518 325 3580 correctas,
351 3515 382 3568 et
403 3509 433 3569 in
449 3508 580 3573 Saturno
605 3511 723 3591 quidem
747 3510 885 3585 mediam,
909 3511 938 3572 iu
954 3508 1040 3588 Jove,
1065 3514 1172 3586 Marte,
1198 3512 1291 3572 Terra
1313 3511 1459 3584 minimas,
1485 3511 1513 3571 in

162 3617 281 3678 Venere
305 3615 475 3690 maximam,
500 3617 528 3678 in
544 3619 691 3682 Mercurio
715 3617 842 3679 mediam
865 3619 944 3680 inter
967 3618 1128 3681 maximam
1152 3626 1184 3679 et
1207 3617 1345 3680 mediam.
1383 3616 1513 3697 Scopam

163 3743 195 3786 ee
220 3723 346 3785 nondum
374 3724 462 3803 plane
490 3725 629 3805 tetigisse
656 3727 720 3806 ipse
751 3725 877 3816 ingenue
902 3727 1042 3804 ,fatetnr,
1077 3727 1131 3786 sed
1159 3725 1238 3788 viam
1266 3746 1298 3786 se
1328 3733 1513 3786 monstrasse

163 3836 259 3910 potat,
285 3850 344 3910 qua
358 3830 396 3892 ad
411 3830 570 3894 veritatem
585 3831 807 3894 exactissimam
821 3833 970 3913 perveniri
988 3833 1095 3914 possit,
1121 3832 1262 3913 additque
1283 3833 1383 3909 his,in
1408 3841 1513 3912 poste-

165 3935 236 4000 riori
249 3936 378 4000 editione
392 3937 562 4001 Prodromi:
590 3940 795 4014 „somniabam
814 3940 850 4002 de
869 3940 1006 4016 veritate,
1032 3939 1136 4021 opinor
1158 3941 1235 4001 bono
1250 3939 1315 4001 Deo
1337 3939 1512 4023 inspirante.

164 4042 276 4106 Elicita
299 4052 347 4106 est
368 4044 518 4108 mediante
543 4047 598 4107 lroc
620 4045 743 4107 invento
762 4066 800 4108 ex
815 4047 979 4139 inarmoniis
998 4048 1075 4111 ratio
1096 4046 1382 4109 eccentricitatum.“

236 4184 329 4246 Quibus
347 4188 487 4252 praemissis
507 4202 538 4238 aa
556 4185 683 4245 addimus,
708 4201 772 4253 quae
791 4203 846 4238 cum
864 4187 1050 4240 Maestllno
1075 4188 1127 4252 egit
1144 4187 1266 4251 Kepierus
1285 4187 1316 4238 de
1334 4188 1450 4252 opusculo
1469 4203 1513 4240 auo

167 4276 342 4329 conscribendo
361 4283 387 4327 et
405 4279 557 4341 conscripto,
584 4277 622 4326 cui
640 4291 689 4327 nou
707 4284 805 4329 tautum
823 4280 900 4342 primo
923 4285 1047 4343 tempore.
1073 4290 1121 4340 quo
1140 4289 1271 4341 aggressus
1289 4283 1328 4327 est
1345 4276 1511 4340 Prodromum,

166 4366 319 4416 nunciaverit
335 4368 484 4431 propositum
496 4381 576 4424 auum,
595 4367 639 4417 sed
658 4368 733 4418 etiarn
752 4369 835 4432 omnia
852 4357 915 4433 quae
934 4368 981 4431 ipsi
998 4370 1156 4416 occurrerunt
1175 4365 1250 4416 dubia
1268 4372 1294 4416 et
1311 4366 1470 4426 difficultates
1487 4369 1512 4418 in

165 4467 192 4503 re
209 4453 360 4514 perficienda
376 4455 543 4521 proposuerit,
570 4459 596 4504 et
620 4454 661 4518 qui
680 4454 839 4505 libentissime
857 4469 956 4520 operam
975 4468 1045 4505 suam
1063 4454 1160 4504 navarit
1178 4456 1203 4504 in
1221 4454 1375 4518 perficiendis
1394 4461 1420 4505 et
1439 4471 1511 4521 expo·

167 4542 255 4594 liendis
272 4543 384 4607 primitiis
397 4541 509 4606 discipuli
522 4543 644 4607 quondam
658 4543 815 4596 dilectissimi.
835 4551 949 4608 suscepto
967 4544 992 4592 in
1011 4556 1038 4591 se
1057 4556 1129 4593 onere
1148 4544 1249 4597 curandi
1268 4545 1319 4608 typi
1337 4550 1363 4593 et
1380 4546 1511 4607 inspicien-

168 4633 251 4684 dorum
269 4631 482 4698 typographorum.
520 4630 635 4681 insunt·
628 4647 654 4682 m
677 4633 821 4683 collectione
847 4633 1003 4715 epistolarum
1021 4633 1122 4697 Kapleri
1148 4634 1312 4698 aliumque,
1337 4648 1411 4699 quam
1436 4635 1512 4684 edidit

169 4722 276 4776 Michael
295 4719 442 4784 Theophilus
460 4718 654 4771 Heuschius
674 4717 785 4785 (Lipsiae
805 4717 884 4780 1718)
903 4696 1000 4772 literae
1008 4722 1098 4785 priores
1117 4720 1151 4771 22
1170 4720 1205 4788 (p
1227 4719 1324 4783 1-51)
1344 4736 1360 4772 a
1377 4721 1511 4774 Maestlino
1547 4756 1554 4767 x
