3366 5482
654 282 742 343 anus
758 291 857 344 um.
887 267 892 275 ’
998 296 1004 311 ’
1368 291 1436 361 269

70 461 174 514 centra
195 450 311 513 orbium
340 458 460 513 tautum
483 469 550 512 cum
572 449 643 513 Sole
668 459 785 523 movet,
818 451 917 512 altera
945 450 973 511 in
998 450 1095 530 ipsum
1128 452 1249 532 insuper
1272 452 1373 515 Solem
1399 474 1437 517 ea

70 542 209 604 collocat.
256 540 322 602 Nec
346 539 437 601 debet
459 557 580 600 movere
604 558 797 619 quemquam,
831 540 909 620 quod
938 540 1129 618 supradixi,
1161 541 1349 621 planetarum
1373 543 1434 605 cir·

69 629 165 692 cuitus
187 631 220 691 iu
245 629 408 709 Apollonio
432 637 557 690 atvero
581 636 614 688 et
637 629 706 689 ficto
731 629 769 689 ad
794 627 876 689 Solis
899 627 1118 708 praescriptum
1144 639 1176 690 et
1199 650 1265 691 cum
1284 649 1320 692 eo
1344 631 1436 694 situm

69 728 205 781 mutare:
230 727 266 780 ut
287 727 449 798 propterea
465 717 544 780 Urso
567 717 655 778 fidem
679 717 822 778 adhibeat
844 717 1003 786 asserenti,
1028 719 1222 797 Apollonium
1238 739 1275 781 ex
1293 720 1435 783 Aristar·

68 809 120 869 clro
146 807 240 888 loqui.
286 807 368 870 Nam
391 806 596 886 sistrumque
622 805 746 867 formam
770 805 968 884 problematis
983 807 1178 884 Apolloniani
1203 806 1280 869 inter
1303 828 1336 869 se
1360 829 1434 871 con-

69 898 160 971 seras,
186 896 306 958 videbis
330 895 518 957 occasionem
543 895 670 956 alterius
695 897 807 955 formae
831 895 1051 974 excogitandae
1075 914 1133 958 non
1153 916 1190 957 ex
1206 897 1279 958 visis
1293 897 1434 960 Aristar-

69 986 197 1058 cbiauis,
221 984 277 1046 sed
301 1004 339 1046 ea
368 984 478 1064 prioris
494 987 617 1057 formae,
644 1003 720 1063 quae
736 983 923 1045 Ptolemaiou
943 993 999 1057 est,
1026 985 1262 1062 transpositione
1286 987 1390 1048 fluere.

155 1072 234 1136 Cum
258 1073 335 1135 enim
355 1074 508 1152 jamtum
532 1073 610 1134 iuter
634 1080 823 1133 astronomos
842 1092 896 1133 seu
910 1082 1083 1151 geometras
1106 1075 1308 1147 convenisset,
1334 1077 1436 1138 omnia

67 1183 139 1245 quae
168 1182 225 1243 par
252 1162 437 1224 eccentricos
462 1163 705 1223 demonstrantur
738 1180 828 1239 posse
852 1161 958 1223 itidem
983 1170 1015 1222 et
1046 1180 1100 1241 per
1123 1163 1346 1226 concentricum
1368 1184 1435 1227 cum
1509 1159 1516 1169 ’

65 1253 217 1335 epicyclo:
250 1252 430 1331 Apollonius
460 1252 526 1330 jam
559 1251 586 1311 iu
620 1249 712 1329 priori
744 1250 942 1328 problematis
975 1250 1021 1311 sui
1056 1253 1152 1314 forma
1184 1252 1434 1332 inaequalitatem

65 1341 301 1421 bplanetarum
323 1359 377 1421 per
400 1341 565 1421 epicyclum
589 1340 618 1400 in
643 1339 833 1399 concentrico
857 1339 978 1400 confieri
1004 1340 1042 1400 ab
1066 1341 1249 1403 astronomis
1274 1352 1435 1421 acceperat

67 1439 97 1492 et
115 1437 317 1492 assumserat.
365 1428 512 1491 Statuunt
537 1428 614 1489 enim
638 1427 815 1488 Ptolemaici
839 1427 867 1488 in
893 1427 1014 1488 orbibus
1040 1424 1261 1508 3superiorum
1286 1439 1350 1492 tres
1366 1451 1434 1493 esse

64 1520 230 1600 epicyclos,
266 1519 315 1599 qui
340 1518 485 1596 superiori
510 1528 597 1598 parte
621 1516 650 1576 in
674 1516 800 1577 eandem
824 1518 947 1596 plagam
972 1526 1150 1580 moveantur
1174 1537 1240 1580 curn
1264 1520 1433 1582 eccentrico

64 1627 99 1669 ea
123 1611 202 1686 lege,
229 1616 272 1680 nt,
296 1626 363 1669 cum
388 1616 527 1669 centrum
554 1604 681 1688 epicycli
705 1613 755 1666 est
778 1625 844 1666 cunr
869 1605 951 1677 Sole,
974 1607 1099 1685 planeta
1122 1607 1164 1668 sit
1178 1626 1296 1687 semper
1310 1607 1339 1669 in
1355 1628 1432 1688 apo-

63 1716 148 1777 gaeo.
164 1696 304 1779 epicycli.
351 1696 438 1757 Hanc
462 1714 534 1775 ergo
560 1698 684 1756 sormam
710 1694 898 1772 transposuit
922 1695 1100 1774 Apollonius
1124 1697 1153 1758 in
1178 1697 1321 1772 alteram,
1356 1717 1433 1778 quas

63 1787 92 1846 in
117 1787 289 1847 eccentrico
313 1785 469 1846 consistit:
494 1795 585 1864 utque
610 1783 639 1843 id
664 1791 745 1843 recte
769 1784 867 1856 fieret,
901 1783 1035 1860 oportuit
1058 1784 1176 1847 omnino
1201 1795 1314 1847 motum
1338 1787 1434 1849 centri

62 1874 227 1936 eccentrici
250 1873 314 1955 (qui
339 1883 387 1934 est
409 1892 463 1954 pro
486 1883 569 1935 motu
594 1871 734 1954 epicycli)
758 1872 797 1932 ad
822 1871 926 1932 Solem
950 1871 1086 1951 alligare,
1112 1874 1181 1953 quia
1204 1875 1286 1954 prius
1311 1885 1343 1936 et
1366 1876 1432 1956 epi-

62 1965 140 2046 cycli
175 1963 257 2024 circa
290 1982 374 2024 suum
404 1971 539 2024 centrum
574 1959 730 2022 conversio
764 1961 802 2021 ad
826 1959 930 2022 Solem
963 1961 1156 2040 alligabatur.
1204 1964 1288 2026 llaec
1312 1964 1433 2027 occasio

62 2053 152 2133 bujus
178 2052 391 2134 hypotheseos,
418 2071 474 2112 uon
500 2060 581 2112 certe
605 2051 676 2111 alia.

148 2141 428 2202 Demonstrationis
452 2161 546 2202 causa
569 2139 726 2201 describa-

58 2240 107 2292 tur
139 2238 243 2292 centro
273 2231 307 2290 M
340 2238 371 2291 et
404 2229 628 2291 eccentricitate
667 2227 731 2288 AM

59 2319 245 2382 eccentricus
264 2320 357 2382 EFH.
403 2317 478 2382 (lum
502 2337 573 2398 ergo
598 2326 730 2378 centrum

57 2409 90 2470 M
114 2409 181 2470 loco
204 2428 262 2470 nou
278 2417 414 2469 movetur
441 2427 495 2488 per
517 2408 730 2469 circumferen-

57 2499 132 2559 tiam
160 2498 238 2572 ΜΝ,
273 2498 401 2559 circulus
428 2498 580 2577 perlectus
613 2493 729 2557 descri-

58 2588 145 2649 betur
186 2605 240 2666 per
275 2586 369 2649 ΕΒΗ.
427 2587 586 2648 Videbitur
628 2592 729 2645 motus
818 2594 829 2640 ³v

57 2677 168 2738 stellae
184 2695 222 2737 ex
236 2678 268 2737 A
290 2677 396 2737 tardus
415 2674 495 2737 circa
510 2675 536 2736 Ε
551 2691 727 2754 apogaeum,
840 2750 844 2757 .

58 2766 148 2827 celox
180 2765 309 2827 circaP
336 2765 518 2845 perigasum.
564 2764 649 2826 Idem
674 2781 728 2823 ac·
775 2832 779 2843 y
837 2750 856 2790 '⁸

57 2855 154 2925 sidet,
188 2855 215 2915 si
247 2854 435 2916 describatur
465 2862 569 2915 centro
597 2853 627 2913 A
655 2870 729 2911 con·
775 2861 779 2871 ·

58 2943 210 3005 ceutricus
238 2939 338 3017 BCD,
372 2952 404 3004 et
436 2943 464 3004 in
498 2961 533 3003 eo
565 2941 728 3023 epicyclus‚

58 3033 143 3112 cujus
176 3032 279 3094 radius
313 3032 379 3106 BE,
426 3030 478 3094 CF
513 3034 561 3093 vel
594 3031 652 3092 DH
688 3029 730 3089 sit

59 3121 198 3202 aequalis
211 3122 276 3182 AM
293 3121 511 3183 eccentricitati
528 3121 636 3201 priori:
662 3137 728 3181 mo·

58 3221 107 3273 tus
135 3228 208 3272 vero
241 3211 285 3271 sic
317 3219 388 3272 sunt
419 3212 600 3290 comparati,
632 3217 667 3271 ut
698 3216 730 3268 et

59 3300 140 3362 orbis
163 3299 225 3361 ME
248 3300 330 3379 prior
357 3318 447 3379 super
469 3301 503 3361 M
535 3309 566 3362 et
589 3300 645 3361 AB
669 3316 728 3377 po-

59 3389 167 3452 sterior
191 3408 282 3469 super
304 3390 333 3451 A
358 3388 524 3469 aequaliter
548 3390 630 3450 etin
654 3405 728 3469 par·

60 3487 106 3540 tes
128 3478 256 3540 easdem
280 3479 438 3553 incedant,
470 3479 567 3540 lineae
591 3497 662 3540 vero
691 3495 728 3536 ex

60 3565 93 3642 E,
117 3568 155 3640 Γ,
177 3567 208 3628 Η
230 3569 354 3649 planeta
368 3586 421 3647 per
434 3569 470 3642 Β,
497 3565 576 3642 G‚D
596 3575 730 3628 centrum

61 3656 186 3737 epicycli
210 3657 318 3720 ductae
343 3658 440 3718 lineae
464 3658 527 3718 MA
551 3655 730 3719 eccentrici-

61 3747 115 3808 tati
130 3756 277 3827 perpetuo
293 3747 498 3827 aequidistent
511 3747 581 3807 dum
604 3747 814 3815 circumfertur
832 3755 862 3815 iu
877 3752 962 3818 BOD
981 3756 1181 3818 concentrico.
1230 3753 1299 3828 Qua
1313 3758 1432 3820 ratione

61 3837 198 3911 efficitur,
223 3846 257 3897 ul
281 3834 484 3916 ⁰Pl⁰l0¹1¹⁸i¹¹
510 3854 576 3897 ⁸0⁸0
606 3843 637 3896 ei
661 3850 800 3916 respectu
825 3843 918 3905 totius
943 3844 1073 3906 universi
1097 3863 1155 3907 non
1177 3847 1275 3907 miuus
1295 3848 1433 3926 quiescat

61 3943 149 4006 quam
173 3926 206 3986 M
230 3933 371 4004 puuctum
396 3922 534 4006 quiescit.
584 3923 647 3985 Sed
673 3940 848 4003 geometras
873 3933 912 3993 ad
935 3931 978 4001 E,
1005 3931 1048 4008 G,
1073 3933 1089 3994 I
1112 3952 1280 4013 apogaeum
1305 3933 1431 4017 epicycli

59 4015 259 4094 respicientes
283 4016 388 4075 dicunt
414 4013 568 4092 planetam
596 4013 625 4074 in
651 4017 787 4099 epicyclo
813 4040 871 4081 non
897 4021 1065 4101 quiescere,
1101 4022 1155 4083 sed
1184 4024 1297 4089 moueri
1320 4023 1350 4086 in
1374 4042 1432 4105 op-

59 4103 193 4182 positum
216 4103 384 4165 eccentrlco
414 4121 457 4164 sc.
484 4120 522 4162 ex
546 4100 576 4162 G
599 4103 629 4162 iu
653 4104 679 4164 F
701 4114 788 4168 tanto
814 4129 899 4184 arcu,
934 4118 1063 4190 quantus
1088 4119 1137 4172 est
1159 4109 1230 4184 BC,
1263 4112 1312 4174 via
1336 4113 1432 4177 cosmi

63 4192 200 4274 epicycli.
247 4193 325 4254 Esto
344 4193 413 4271 jam
438 4199 472 4251 ut
487 4191 519 4250 M
534 4201 669 4252 centrum
693 4197 853 4260 eccentrici
869 4207 1025 4260 moveatur
1048 4207 1079 4260 et
1099 4200 1189 4262 aliter
1203 4200 1322 4285 quidem
1342 4221 1432 4286 quam

64 4283 267 4344 eccentricus:
292 4289 454 4342 moveatur
478 4279 565 4342 modo
590 4280 618 4340 in
643 4282 765 4361 plagam
789 4288 914 4349 eandem
939 4287 968 4348 in
989 4307 1077 4368 quam
1101 4298 1133 4350 et
1156 4291 1351 4366 eccentricus‚
1377 4291 1431 4353 scd

64 4371 196 4433 velocius
221 4371 290 4447 illo,
315 4377 349 4432 ut
372 4371 560 4432 eccentricus
579 4370 699 4449 quidem
724 4377 864 4454 angulum
885 4374 987 4451 QLK,
1014 4385 1150 4441 centrum
1173 4397 1246 4442 vero
1270 4378 1431 4442 eccentrici
1531 4421 1536 4431 ι

61 4462 203 4540 angulum
227 4459 320 4522 MAL
349 4460 519 4521 conficiant.
566 4458 637 4520 Fiet
669 4461 724 4522 hoc
755 4473 845 4541 pacto
882 4473 915 4526 ut
938 4465 1031 4527 stella
1063 4467 1101 4528 ab
1124 4465 1151 4528 Ε
1174 4467 1204 4529 in
1228 4467 1258 4529 K
1285 4467 1432 4529 velociter

63 4549 202 4612 rideatur
226 4548 409 4611 descendere
442 4568 498 4610 nec
527 4547 670 4609 circulum
698 4552 864 4629 perfectum
896 4552 1058 4617 describat.
1105 4555 1189 4616 Idem
1218 4556 1252 4616 fit
1279 4574 1333 4635 per
1356 4574 1430 4616 cou-

64 4638 228 4700 ceutricum
255 4657 322 4700 cum
345 4636 495 4718 epicyclo‚
529 4635 580 4697 ubi
611 4639 819 4703 concentricus
847 4641 896 4702 hic
925 4641 1006 4704 illius
1030 4642 1190 4706 eccentrici
1220 4650 1334 4705 motum
1358 4661 1429 4707 sus·
1526 4691 1532 4698 -

64 4724 146 4805 cipit,
170 4726 326 4809 epicyclus
348 4745 421 4789 vero
444 4726 509 4788 sive
532 4725 563 4787 in
587 4743 622 4787 eo
646 4729 739 4791 stella
761 4729 791 4791 K
813 4738 929 4793 motum
953 4730 1015 4806 illic
1038 4729 1134 4793 centri
1163 4730 1336 4808 eccentrici,
1370 4750 1430 4795 nu·

64 4815 239 4879 mandam
261 4834 282 4877 a
305 4815 386 4879 linea
407 4813 467 4878 ΒΗ
491 4813 716 4897 aequidistautc
738 4816 819 4897 AM,
848 4825 889 4921 ut
905 4817 995 4882 ΗΒΚ
1017 4825 1051 4883 st
1071 4818 1165 4884 MAI.
1188 4817 1251 4884 sint
1274 4819 1429 4904 aequales.
