3366 5482
693 271 814 321 1111
833 271 993 337 asarsusim.
1458 270 1521 337 301

164 425 301 508 pndiant,
327 433 361 506 111Ι
383 426 586 489 dissonantes.
633 425 686 490 Sic
710 429 801 508 igitur
824 430 872 491 hic
896 449 997 491 ramus
1021 427 1261 491 ratiocinationis
1287 430 1444 492 absolutus
1459 439 1522 493 est:

167 534 257 578 aures
281 515 375 588 enim,
405 534 482 595 quae
505 518 653 578 hactenus
677 518 760 579 illum
783 519 951 580 continuari
976 526 1046 580 sunt
1068 536 1193 597 passae,
1224 519 1289 599 jam
1312 520 1425 580 sistunt
1447 519 1524 581 hanc

166 603 431 666 continuationem.
475 604 559 666 Idem
575 606 694 681 accidit,
721 608 757 680 si,
781 615 816 669 ut
838 627 910 686 pars
935 605 955 667 2
981 626 1047 668 cum
1066 613 1133 667 tota
1147 603 1167 667 5
1182 613 1338 680 consonat,
1364 607 1408 668 sic
1427 615 1523 669 totam
1570 678 1575 684 ¹

165 694 194 755 in
219 689 238 754 7
263 693 342 755 velis
366 693 515 768 dividere;
548 714 619 755 nam
643 703 713 756 tunc
738 697 855 776 quidem
879 715 950 775 pars
975 693 995 757 2
1024 715 1090 756 cum
1113 703 1201 778 parte
1226 695 1244 758 5
1270 696 1465 771 consonabit,
1491 705 1524 758 at

166 800 261 861 neque
284 801 357 861 pars
381 781 412 856 2,
437 803 532 864 neque
555 802 627 863 pars
651 783 670 845 5
696 785 873 846 consonabit
896 805 963 846 cum
987 792 1054 846 tota
1073 783 1104 845 7.
1142 783 1184 844 Et
1207 785 1277 863 quia
1292 786 1449 846 verbosum
1465 795 1522 859 est,

166 872 283 950 reliqua
307 871 446 934 similiter
475 873 597 952 exsequi
626 873 713 951 hujus
738 874 996 948 ratiocinationis,
1031 873 1134 951 accipe
1159 880 1254 934 totam
1286 873 1369 935 illam
1397 874 1427 934 in
1451 881 1523 953 typo

166 960 250 1033 (vide
273 978 366 1039 supra
387 979 416 1039 p.
437 958 528 1035 373).
576 962 737 1041 Tantisper
761 964 839 1023 enim
863 961 999 1043 procedit
1021 960 1222 1036 ratiocinatio,
1248 963 1345 1040 quoad
1364 962 1525 1040 impegerit

164 1051 193 1110 in
218 1067 360 1111 numeros
386 1048 419 1126 7,
445 1046 480 1124 9,
510 1048 565 1124 11,
594 1047 644 1112 13.
692 1050 727 1112 Si
751 1053 829 1112 enim
853 1059 920 1113 tota
944 1051 1056 1111 chorda
1088 1050 1118 1110 in
1149 1058 1196 1112 tot
1227 1059 1332 1130 partes
1361 1050 1522 1126 dividatur,

160 1139 227 1218 jam
250 1145 356 1216 partes
381 1139 644 1218 quomodocunque
668 1148 785 1201 sumtae
810 1162 829 1201 a
852 1148 918 1200 tota
942 1140 1110 1200 dissonant.

258 1225 424 1296 Quaeritur
447 1228 495 1288 hic
519 1229 568 1301 (ut
591 1228 730 1289 immorer
754 1229 982 1309 aliquantisper,
1006 1229 1179 1307 priusquam
1204 1226 1243 1286 ad
1267 1234 1363 1287 totam
1387 1232 1522 1289 1111111-

161 1337 270 1376 naues
292 1316 472 1377 divisionem
494 1318 695 1396 progrediar),
722 1336 797 1398 quae
822 1338 914 1379 causa
938 1318 988 1392 sit,
1013 1336 1065 1378 cur
1089 1334 1176 1377 aures
1198 1315 1293 1394 primo
1319 1316 1395 1376 inter
1418 1326 1522 1396 partes

165 1402 179 1465 1
210 1413 242 1465 11
269 1403 295 1478 1,
323 1413 355 1466 11
377 1412 474 1466 totam
498 1404 536 1477 2,
560 1414 669 1483 postea
694 1407 771 1467 inter
793 1416 898 1485 partes
925 1405 958 1480 1,
983 1404 1003 1466 2
1028 1414 1178 1466 ettotam
1202 1401 1237 1479 3,
1261 1404 1340 1465 inter
1362 1413 1467 1483 partes
1495 1406 1521 1479 1,

162 1490 183 1555 3
210 1500 242 1553 11
266 1500 363 1555 totam
386 1490 416 1567 4,
442 1502 545 1572 partes
576 1496 600 1567 1,
625 1490 645 1555 l
670 1503 701 1556 et
725 1502 821 1556 totam
845 1494 874 1568 5,
900 1504 1003 1574 partes
1032 1495 1062 1568 1,
1089 1492 1108 1555 5
1134 1501 1165 1553 et
1188 1501 1284 1553 totam
1308 1490 1337 1567 6,
1362 1502 1467 1572 partes
1491 1492 1520 1568 2,
1557 1540 1561 1554 .

162 1579 183 1644 3
211 1590 363 1643 ettotam
387 1579 417 1654 5,
441 1590 545 1662 partes
570 1581 601 1655 3,
626 1582 644 1645 5
670 1591 821 1645 ettotam
846 1581 875 1658 8,
902 1584 1071 1663 approbent
1094 1582 1331 1655 consonantiam,
1357 1582 1435 1643 inter
1450 1601 1521 1644 vero

160 1678 263 1732 totam
287 1669 317 1744 7,
343 1666 373 1745 9,
402 1669 456 1743 11,
483 1669 523 1734 13
548 1680 580 1732 11
601 1680 706 1750 partes
730 1692 920 1752 quascunque
944 1673 1057 1733 nullam
1089 1671 1244 1732 inveniant
1267 1671 1521 1732 concordantiam.

160 1759 294 1820 Putares
319 1778 443 1820 causam
467 1780 544 1831 esse,
570 1763 647 1840 quod
673 1759 701 1835 7,
728 1758 759 1834 9,
788 1761 837 1831 11,
865 1759 905 1824 13
930 1769 1000 1823 1111
1023 1762 1165 1839 impares.
1211 1760 1258 1821 At
1280 1778 1338 1821 uon
1363 1768 1427 1834 est3
1452 1779 1521 1820 uam

162 1856 197 1909 et
221 1844 241 1909 3
267 1854 299 1907 et
322 1845 343 1909 5
368 1859 438 1910 snut
460 1850 607 1928 impares,
638 1870 691 1910 nec
721 1849 886 1930 impediunt
914 1850 1153 1911 concordantias.
1200 1849 1305 1928 Neque
1330 1850 1405 1910 haec
1429 1867 1522 1910 causa

160 1945 223 2011 est,
248 1936 326 2015 quod
351 1936 412 1998 sint
434 1939 520 2018 primi
529 1958 538 2012 ;
562 1959 631 1999 nam
656 1935 675 2001 9
701 1957 757 1999 nou
783 1948 830 1999 est
854 1958 991 2000 numerus
1015 1939 1138 2017 primus,
1163 1946 1319 1998 ettamen
1345 1938 1521 1999 discordans

161 2030 222 2100 est,
248 2035 280 2086 et
303 2034 409 2087 contra
431 2023 461 2101 3,
488 2026 506 2089 5
532 2036 602 2088 suut
624 2028 723 2107 primi,
748 2048 802 2089 nec
826 2038 927 2089 tamen
951 2027 1125 2088 discordant
1149 2048 1168 2087 a
1183 2026 1245 2087 suis
1259 2026 1406 2104 partibus.
1444 2026 1520 2087 Dico

161 2114 256 2193 igitur
279 2132 402 2175 causam
430 2115 507 2176 hanc
538 2135 626 2189 esse,
661 2117 730 2196 quia
763 2117 917 2178 circularis
949 2116 1029 2177 linea
1063 2120 1154 2195 (quae
1188 2115 1359 2194 aequivalet
1392 2114 1520 2176 chordae

161 2210 267 2264 rectae
291 2211 322 2264 et
346 2204 570 2282 aequisonaret,
605 2206 631 2266 si
655 2206 843 2268 circulariter
874 2205 956 2266 tendi
980 2205 1092 2285 possit)
1127 2204 1157 2263 in
1182 2202 1220 2277 2,
1247 2201 1283 2274 3,
1307 2200 1347 2276 d,
1373 2202 1410 2279 5,
1436 2199 1521 2277 6‚8

162 2290 258 2353 dividi
281 2294 464 2371 geometrice
487 2302 599 2371 potest,
624 2295 653 2354 in
678 2293 707 2368 7,
734 2291 763 2367 9,
795 2294 840 2367 11,
870 2291 1105 2370 l3ge0metrice
1121 2292 1213 2353 dividi
1233 2294 1344 2372 nequit,
1369 2311 1428 2352 non
1447 2292 1520 2353 vitio
1570 2313 1573 2316 ⁴

163 2380 339 2441 intellectus
364 2382 468 2455 nostri,
494 2402 551 2443 nou
576 2382 798 2462 imperfectione
824 2384 968 2443 scientiae
993 2382 1204 2461 geometricae,
1229 2382 1282 2442 sed
1299 2390 1417 2442 natura.
1456 2382 1518 2441 Im-

161 2469 259 2548 plicat
283 2470 391 2549 qnippe
415 2471 699 2546 contradictionem,
734 2472 875 2532 circulum
908 2472 937 2533 in
963 2468 982 2532 7
1007 2471 1146 2549 aequalia
1169 2472 1350 2549 geometrice
1376 2470 1519 2531 dividere.

161 2558 272 2638 Itaque
288 2558 418 2621 facultas
434 2560 494 2632 illa,
522 2579 597 2639 quae
616 2568 741 2640 praeest
760 2560 884 2633 auditui,
911 2579 1043 2621 summae
1058 2559 1184 2620 rationis
1201 2578 1312 2637 capax,
1337 2560 1405 2619 illos
1430 2578 1520 2619 sonos

163 2647 324 2726 improbat,
351 2648 401 2727 qui
425 2650 520 2709 fluunt
543 2669 561 2708 a
585 2649 820 2729 longitudinibus
845 2649 1096 2728 α’γεωμετρητοιςς
1121 2648 1279 2727 approbat,
1305 2648 1353 2726 qui
1378 2668 1396 2708 a
1419 2648 1518 2727 longi-

163 2735 317 2797 tudinibus
341 2737 533 2816 geometricis
556 2738 698 2817 pendent.
738 2736 807 2806 Qua
830 2738 858 2797 11
884 2757 915 2798 11
941 2748 1106 2799 creatorem
1130 2737 1264 2797 imitatur
1278 2744 1426 2809 creatura,
1452 2756 1521 2797 nam

163 2824 270 2885 111111
295 2843 392 2886 rerum
417 2826 501 2886 ideas
527 2826 674 2887 desumsit
698 2845 714 2886 e
737 2845 815 2905 penu
838 2827 1030 2905 geometrico,
1055 2845 1112 2886 non
1137 2845 1175 2885 ex
1189 2825 1409 2904 quantitatibus
1433 2824 1519 2903 ἀγεω·

162 2933 338 2991 perparvom
363 2932 438 2992 pene
463 2914 617 2990 dixissem,
642 2915 714 2976 illud
739 2915 863 2990 creavit,
889 2916 966 2994 quod
986 2935 1087 2976 creare
1106 2913 1220 2993 potuit3
1245 2914 1323 2993 quod
1339 2933 1396 2973 non
1412 2915 1520 2993 potnit,

163 3002 274 3064 omisit.
322 3001 403 3064 Sane
435 3003 589 3064 latendum
614 3012 681 3076 est,
716 3005 793 3082 qnod
827 3004 982 3064 contendit
1010 3004 1098 3064 Plato
1135 3011 1165 3063 et
1195 3022 1232 3061 ex
1257 3021 1291 3062 eo
1317 3000 1423 3064 Cicero
1457 2999 1519 3083 (De

161 3088 356 3152 Divinatione
375 3092 451 3164 11.):
477 3093 564 3154 nefas
589 3112 655 3153 esse
680 3093 824 3171 cogitare,
850 3100 881 3152 ut
900 3093 984 3152 Deus
1004 3089 1181 3153 condiderit
1191 3090 1331 3151 mundum
1356 3110 1520 3170 nonquam

161 3179 225 3240 lieri
248 3179 348 3258 potuit
371 3180 527 3258 optimum,
563 3181 626 3261 ipse
652 3182 782 3262 optimus
813 3189 844 3240 et
873 3181 1122 3259 perfectissimus.
1170 3182 1203 3240 ln
1227 3181 1282 3241 hoc
1308 3180 1372 3241 solo
1396 3180 1521 3242 offendit

160 3268 272 3347 pietas,
297 3268 376 3346 quod
400 3268 544 3330 bonitatis
569 3271 652 3350 leges
676 3279 708 3330 et
732 3269 945 3331 necessitatem
960 3270 1044 3330 videt
1058 3269 1199 3330 collocari
1223 3288 1281 3330 non
1305 3269 1335 3330 in
1350 3269 1406 3330 Dei
1431 3289 1519 3331 croa-

160 3357 236 3418 111111
261 3357 395 3431 arbitrio,
421 3359 473 3418 sed
499 3367 594 3432 extra,
620 3358 649 3419 in
673 3359 743 3418 idea
766 3359 960 3437 geometrica.
997 3359 1093 3438 Atqui
1117 3360 1231 3438 cogitet
1251 3358 1419 3438 theologus,
1442 3359 1519 3419 hanc

159 3443 259 3526 ipsam
283 3465 382 3508 rerum
405 3447 652 3526 geometricarnm
679 3447 844 3519 familiam,
878 3467 915 3509 ex
944 3467 1002 3526 qua
1038 3448 1106 3508 idea
1138 3447 1239 3508 muudi
1272 3448 1430 3527 depromta
1459 3455 1516 3522 est,

160 3534 246 3613 prius
280 3534 309 3595 in
333 3535 401 3614 ipsa
424 3537 558 3597 essentia
591 3536 694 3596 divina
725 3537 836 3608 luisse,
869 3556 957 3616 quam
990 3537 1020 3596 in
1053 3536 1190 3597 materia.
1237 3538 1267 3598 A
1290 3536 1417 3597 materia
1440 3535 1519 3597 enim

160 3631 264 3684 mente
287 3630 392 3702 potest
416 3624 562 3697 abstrahi,
586 3645 605 3684 a
628 3634 728 3685 mente
745 3626 846 3686 divina
870 3625 1006 3686 abstrahi
1026 3626 1209 3704 cogitatione
1230 3644 1286 3686 uon
1302 3631 1414 3703 potest.
1455 3624 1517 3703 lgi-

160 3712 265 3774 turin
289 3712 356 3772 Deo
380 3712 436 3774 fuit
458 3713 662 3774 essentialiter
686 3714 723 3773 ab
748 3722 885 3786 aeterno,
915 3715 944 3774 in
969 3716 1126 3775 materiam
1151 3733 1189 3773 ex
1211 3714 1268 3774 Dei
1292 3714 1426 3773 essentia
1449 3732 1517 3773 cre-

160 3800 241 3861 ando
268 3800 395 3863 influxit.
442 3801 582 3876 Diceres,
611 3802 777 3863 essentiam
803 3803 935 3863 divinam
960 3822 1026 3863 esse
1052 3803 1255 3881 sphaericum,
1279 3820 1393 3861 vacans
1417 3803 1517 3879 spatio

160 3898 191 3950 et
214 3889 356 3962 materia,
381 3889 425 3951 111
449 3899 483 3951 ut
496 3890 579 3952 Deus
603 3901 690 3970 pater
715 3891 756 3951 sit
779 3899 924 3965 centrum,
948 3892 1025 3952 filius
1050 3890 1231 3970 superficies,
1258 3890 1381 3970 spiritus
1397 3890 1516 3952 distan-

160 3978 224 4040 tiae
249 3977 420 4058 aequalitas
444 3980 538 4042 centri
563 4001 580 4039 a
604 3980 768 4059 superficie.
815 3980 1017 4041 ι1111111111
1048 3980 1078 4040 in
1102 3980 1254 4058 theologia
1278 3998 1336 4040 non
1361 3988 1426 4053 est,
1461 3999 1517 4042 vo-

160 4067 311 4129 luntatem
335 4075 367 4128 et
390 4067 545 4129 arbitrium
568 4068 626 4130 Dei
650 4068 714 4148 regi
738 4090 756 4129 a
780 4069 896 4147 legibus
926 4069 1076 4130 essentiae
1106 4087 1192 4140 suae,
1227 4076 1260 4129 ut
1289 4067 1409 4129 mentiri
1433 4069 1517 4141 nolit,

159 4156 230 4237 qnia
254 4175 314 4217 non
338 4164 459 4237 potest,
495 4158 731 4218 contradictoria
756 4158 846 4230 nolit,
882 4157 950 4236 quia
980 4166 1116 4237 pugnant
1148 4176 1214 4217 cum
1246 4157 1342 4236 ipsius
1371 4158 1515 4219 essentia.

158 4245 265 4306 Noluit
289 4245 379 4324 igitur
403 4247 492 4307 aliam
516 4247 617 4307 indere
643 4247 767 4306 formam
792 4246 899 4306 mundo
924 4247 1093 4318 materiato,
1121 4264 1209 4324 quam
1233 4248 1318 4326 cujus
1344 4247 1441 4306 ideam
1466 4265 1515 4306 re-

157 4333 237 4412 perit
262 4333 496 4396 immateriatam
521 4342 552 4396 et
576 4343 609 4396 ut
632 4335 676 4396 ita
700 4335 797 4395 dicam
821 4335 1018 4414 iuspatiosam
1042 4338 1070 4394 in
1105 4354 1160 4393 sna
1180 4336 1323 4396 essentia.
1369 4335 1427 4395 Illa
1445 4353 1516 4395 vero

157 4441 214 4483 nou
240 4422 378 4485 admittit
401 4425 629 4504 septangulum,
664 4425 884 4502 nonangulum,
919 4424 1030 4484 nullum
1057 4422 1149 4501 igitur
1173 4423 1342 4503 hujusmodi
1367 4442 1461 4503 neque
1486 4423 1515 4483 in

157 4511 346 4592 corporibus,
370 4532 467 4593 neque
491 4512 521 4572 in
546 4514 686 4584 motibus,
711 4532 805 4592 neque
830 4515 1016 4573 1111111111
1039 4511 1228 4592 praesidibus
1254 4512 1449 4573 facultatibus
1469 4519 1517 4571 est

157 4619 345 4681 expressum.
394 4600 527 4666 Causam
551 4602 603 4675 rei,
630 4621 719 4682 quam
744 4602 888 4682 detegunt
912 4620 1016 4674 aures,
1043 4619 1152 4681 quaere
1177 4601 1284 4675 aliam,
1308 4601 1335 4661 si
1358 4599 1433 4660 haec
1456 4617 1515 4660 non

154 4689 269 4768 placet.
728 4716 730 4727 ·
