3366 5482
591 154 598 161 ⁵
631 214 714 268 sose
733 216 849 268 neom.
1360 211 1422 280 661

64 385 177 441 tempore
197 384 332 442 opportuno
352 377 501 439 accepimus.
538 375 621 425 ’161666
640 375 694 426 1666
714 392 760 442 ego
779 375 845 425 eolus
874 374 962 440 (etque
987 376 1082 424 utinam
1106 390 1156 426 non
1175 373 1252 437 solue)
1279 375 1424 438 respondeo.

66 451 98 499 m
117 450 221 511 primum
240 449 339 512 quidem
358 448 417 497 clar.
437 448 515 494 nostri
532 446 564 494 D.
586 447 737 511 Bemeggeri
756 448 871 497 nomine.
900 447 940 511 qni
964 446 1027 494 haec
1056 447 1100 495 tibi
1119 460 1163 509 per
1180 461 1221 495 me
1239 446 1339 495 rescribi
1357 445 1424 495 vnit:

64 524 117 584 ipse
137 521 202 567 euim
221 520 365 583 grauissimo
392 514 480 580 ca'pitis
500 515 592 566 6116616
622 514 694 580 (prob
713 514 810 576 dolori)
836 517 968 581 implicitus
996 531 1046 565 non
1064 522 1155 579 potest·
1190 515 1261 565 Deus
1280 529 1327 565 666
1343 517 1426 580 gretia

64 592 167 655 pristino
187 604 244 639 eum
264 591 343 638 robori
360 589 499 644 restituere,
519 593 547 635 61
566 589 654 649 666611,
674 597 763 652 pergat
766 621 904 635 ......
934 587 966 636 D.
988 587 1160 652 Gringalletus'
1174 586 1279 636 66161666
1298 592 1325 635 el
1342 586 1426 636 6111616

65 675 111 710 666
129 663 295 724 promtissima
314 660 358 708 tibi
377 672 420 722 per
438 673 477 707 me
495 659 608 707 nunciari
627 660 705 719 petiit.
725 673 801 721 seque
820 672 851 708 ea
869 658 1018 713 conditione,
1037 671 1111 723 quem
1124 656 1168 720 ipsi
1183 657 1299 709 obtulisti,
1318 657 1426 707 maxime

65 747 120 783 osse
139 736 282 780 contentum
301 731 361 779 dicit
380 728 457 778 6166
484 735 593 778 nostrum
612 728 709 777 Pascha
727 729 782 778 Deo
801 728 898 778 volente
917 729 1031 780 Lincium
1050 742 1077 777 ee
1096 728 1214 777 conseret.
1251 726 1361 776 Habebis
1379 726 1423 776 ho·

64 804 156 851 minem
175 808 203 851 nt
221 817 291 863 spero
311 802 454 865 diligentem
473 806 499 849 et
517 798 616 847 doctum
634 800 782 862 negotioque
801 804 850 857 tuo,
870 800 895 848 in
914 813 961 861 quo
980 799 1092 854 versaris,
1112 813 1162 847 non
1180 797 1341 847 inutilem...
1358 834 1364 845 .

155 908 161 920 .
182 907 188 920 .
208 907 214 918 .
235 873 289 921 Hoc
308 872 387 928 doleo,
406 886 446 919 me
465 870 589 931 exemplar
607 871 643 918 tui
662 869 815 933 Prognostici
833 885 883 919 uon
901 868 1000 920 habore.
1031 868 1105 924 liam,
1124 868 1189 932 qnod
1207 868 1292 918 scribis
1310 868 1424 919 sulficere

65 944 135 993 nobis
153 944 226 1002 istud,
246 944 311 1006 quod
329 944 424 996 misisti,
443 956 492 989 non
511 941 613 988 sufficit:
633 955 681 987 non
701 942 767 989 enim
784 942 846 989 satis
865 948 904 990 est
920 940 978 988 mihi
996 940 1072 989 semel
1092 947 1137 989 tua
1148 939 1247 1003 legisse,
1266 939 1423 1002 6666666166

65 1015 190 1079 relegisse,
210 1021 236 1062 et
252 1013 386 1063 identidem
405 1026 437 1062 ea
455 1020 574 1074 tanquam
593 1012 727 1075 imaginem
746 1018 815 1059 tuam
833 1011 975 1074 inspexisse.
1003 1010 1087 1070 Quare
1105 1010 1163 1059 huic
1181 1008 1310 1059 tabellario
1330 1014 1423 1065 666166,

65 1087 85 1133 61
105 1084 188 1141 66166,
218 1085 344 1147 exemplar
362 1084 420 1132 mihi
439 1081 590 1132 reddendum
609 1082 683 1142 probe
702 1082 857 1131 convolutum
876 1081 973 1130 1666666
991 1081 1096 1146 66166166
1126 1094 1216 1136 ame,
1242 1081 1284 1128 ubi
1303 1079 1421 1138 atmlerit,

64 1155 204 1205 mercedem
233 1157 346 1218 accipiet.
366 1177 400 1187 -
420 1153 573 1217 Argentiuae
602 1150 743 1201 Calendarii
770 1153 806 1201 tui
831 1151 982 1214 exemplaria
1007 1151 1091 1213 procul
1119 1148 1193 1200 dnbio
1217 1150 1297 1199 multa
1324 1156 1426 1213 6666661

65 1226 156 1282 66661,
185 1227 205 1274 si
225 1225 355 1284 adessent,
384 1231 410 1274 et
427 1230 522 1273 nostros
542 1222 683 1284 bibliopolae
701 1224 808 1284 proxime
827 1224 913 1272 tuturis
931 1222 1178 1271 Frankoiurtensibus
1205 1219 1339 1277 nundinis,
1367 1235 1423 1270 cnm

67 1299 135 1345 nacti
155 1297 263 1352 luerint,
289 1301 425 1345 coimturos
453 1295 503 1344 scio
532 1300 558 1341 61
576 1293 699 1355 duplicato
718 1295 797 1356 pretio
815 1295 855 1342 hic
873 1294 1029 1351 vendituros3
1057 1294 1077 1340 is
1096 1306 1180 1341 eorum
1196 1306 1267 1346 mos,
1296 1297 1323 1340 ut
1341 1292 1426 1343 omnia

66 1374 110 1415 tua
138 1369 231 1430 scripta
258 1368 355 1415 cadosa
381 1364 562 1429 praetendant.
591 1378 636 1420 eo,
664 1364 728 1428 qnod
756 1365 807 1427 ipse
833 1366 934 1427 propriis
957 1364 1074 1429 pleraque
1099 1362 1219 1412 sumtibus
1238 1362 1325 1412 excudi
1343 1376 1423 1413 cures.

66 1436 195 1497 1111116616
215 1438 238 1486 6.
258 1436 389 1486 nilion.
409 1438 485 1486 Mart
506 1431 596 1494 1617).

155 1524 266 1574 Eandem
286 1540 359 1588 quam
384 1538 458 1587 supra
484 1523 642 1588 Berneggero
669 1524 744 1572 relert
770 1536 887 1584 causam,
914 1538 958 1573 cnr
985 1521 1135 1572 Celenderis
1160 1521 1312 1570 conscribere
1345 1520 1425 1572 66666

67 1607 201 1670 inceperit,
230 1605 369 1668 perscripsit
384 1603 508 1666 Keplems
527 1604 550 1651 J.
570 1603 605 1652 Μ.
625 1602 831 1662 Wackherio,
855 1603 1008 1665 imperatoris
1038 1601 1161 1651 Matthiae
1192 1615 1208 1651 a
1231 1601 1345 1651 consiliis.
1388 1594 1426 1648 Ut

66 1679 190 1750 primum,
214 1677 309 1747 inquit,
331 1678 426 1747 Praga
447 1679 553 1730 domum
574 1676 640 1729 rodii
663 1670 769 1742 (mense
784 1675 851 1744 MaJi
872 1670 967 1742 1617),
991 1677 1025 1729 66
1047 1675 1214 1728 Tabularum
1236 1673 1422 1744 6166166166-

66 1760 152 1812 ridum
175 1775 243 1826 opus
265 1757 349 1818 redii,
373 1762 457 1826 utque
478 1765 582 1809 sumtus
605 1758 639 1809 ad
660 1755 856 1823 Ephemeridos
878 1757 998 1827 duorum¹
1012 1770 1143 1808 annorum
1164 1752 1339 1823 expedirem,
1368 1753 1423 1807 vile

67 1837 260 1892 calendarium
281 1853 341 1889 cum
362 1835 543 1905 Prognostica
574 1835 688 1904 scripsi,
721 1838 792 1906 quod
822 1836 906 1904 paulo
928 1836 1070 1888 admodum
1091 1832 1234 1887 honestius
1256 1838 1314 1896 est,
1343 1848 1424 1904 quam

66 1917 236 1972 mendicare:
262 1916 312 1968 nisi
334 1916 404 1986 quod
426 1915 465 1967 sic
485 1915 582 1968 honori
603 1915 731 1968 Caesaris
752 1915 902 1984 parcitum,
925 1914 970 1985 qui
991 1931 1033 1967 me
1056 1913 1082 1966 in
1104 1912 1219 1966 solidum
1240 1913 1360 1977 deserit,
1393 1919 1424 1966 ut

66 2015 117 2068 per
148 1996 233 2064 ipsius
262 1997 393 2049 mandata
421 1994 587 2058 cameralia,
620 1995 794 2064 quantumvis
816 1995 914 2047 crebra
934 2002 964 2047 et
984 1993 1121 2056 recentia,
1150 1992 1215 2046 mihi
1241 1992 1312 2046 inme
1334 1990 1424 2061 perire

66 2078 160 2130 liceat.
186 2105 220 2114 -

157 2152 339 2212 Calendarium,
357 2151 421 2216 quod
441 2152 532 2213 priores
553 2151 669 2201 exhibent
687 2152 803 2216 paginae,
823 2151 855 2200 66
873 2163 951 2199 66666
970 2145 1424 2199 1618611616616666166661661666

67 2240 121 2275 esee
141 2225 305 2286 temporibus,
334 2222 556 2284 supradiximus,
584 2222 697 2286 idemque
725 2223 813 2284 probat
840 2222 892 2284 ipse
919 2221 1059 2283 adspectus.
1087 2219 1424 2284 ,06666661666666616-

67 2296 143 2362 gulae
171 2295 325 2356 conecriptae
348 2294 515 2353 6161666166,
545 2301 625 2341 utrum
651 2294 714 2342 torte
733 2292 910 2342 Calendarium
936 2291 968 2340 66
994 2288 1425 2345 6666616186666616666166611,

69 2373 205 2430 posteaque
223 2364 282 2413 illud
302 2363 442 2425 adjunxerit
459 2363 494 2411 illi
513 2364 546 2413 ad
564 2377 658 2412 annum
678 2360 746 2412 1619
765 2379 814 2413 666
833 2362 907 2425 plane
932 2368 1037 2412 constat.
1075 2360 1212 2427 Sequentes
1231 2359 1426 2427 Griugalleti

66 2438 172 2489 literae,
196 2436 275 2499 pridie
294 2433 348 2482 Cal.
368 2432 430 2482 lior.
452 2430 520 2481 1617
540 2435 573 2483 66
590 2435 726 2498 Keplerum
745 2434 835 2490 datae,
854 2435 959 2496 priorem
976 2432 1120 2482 confirmare
1138 2432 1254 2481 ridentur.
1268 2432 1425 2481 sententiam.

161 2505 260 2555 clariss.
281 2511 306 2554 61
324 2503 416 2552 Excell.
439 2503 488 2552 Vir.
527 2505 602 2554 Dubii
620 2506 718 2570 quidem
736 2520 832 2562 sumus,
861 2504 981 2568 quomodo
1008 2503 1093 2553 literae
1112 2504 1145 2553 ad
1163 2508 1188 2552 16
1208 2508 1274 2552 certo
1293 2503 1353 2552 dare
1370 2516 1426 2565 pos·

68 2579 153 2631 simus,
175 2592 230 2624 cum
251 2575 324 2624 fixam
343 2589 392 2623 non
411 2574 504 2623 habeas
523 2575 612 2624 alicubi
631 2578 772 2634 stationem,
792 2591 839 2626 nec
857 2576 972 2634 sciamus,
993 2572 1026 2623 66
1043 2588 1115 2638 quem
1134 2588 1178 2624 666
1191 2572 1353 2623 Ceustadium
1369 2572 1426 2621 mit·

70 2656 123 2697 tere
142 2647 179 2697 661
200 2646 372 2695 commendare
391 2659 517 2707 queamus.
555 2646 690 2708 (Keplerne
717 2648 788 2695 initio
814 2647 905 2696 mensis
929 2645 1042 2695 Octobris
1060 2643 1223 2694 Ratisbonam
1250 2644 1283 2693 ad
1309 2657 1429 2708 generum

70 2719 209 2782 proiectus,
234 2716 290 2765 inde
308 2722 477 2779 transgressus
496 2722 535 2765 est
552 2717 578 2765 in
597 2717 847 2781 Witrttembergiam,
874 2716 915 2765 nbi
934 2729 1010 2780 usque
1029 2714 1062 2763 ad
1081 2714 1243 2766 Decembrem
1263 2708 1427 2773 versabatur).

72 2788 206 2838 Consilium
224 2789 308 2851 itaque
326 2787 440 2843 iniimus,
469 2793 498 2834 ut
516 2785 679 2836 Caustadinm
698 2787 796 2851 quidem
815 2803 859 2850 per
877 2786 969 2837 celeres
988 2785 1129 2844 mittantur,
1159 2785 1215 2834 1666
1235 2783 1376 2849 Tubingam
1395 2781 1428 2832 66

71 2859 104 2908 Ι).
124 2858 285 2908 Maestlinnm
303 2856 341 2905 vel
361 2856 392 2904 D.
412 2856 616 2910 1166616666...
1360 2893 1363 2896 ,

162 2966 168 2978 .
184 2965 189 2976 .
203 2965 208 2975 .
222 2929 305 2977 Τ66116
319 2941 335 2976 6
347 2928 456 2977 61666666
469 2933 511 2976 166
525 2928 564 2976 616
577 2927 666 2978 tradidi
679 2926 832 2992 typographo
843 2924 876 2975 60
885 2925 1012 2975 duodenae
1023 2923 1232 2982 Calendariorum,
1243 2920 1278 2972 to
1288 2923 1428 2990 ligatorum,

72 3002 162 3065 partim
182 3001 346 3056 rescissorum,
366 2999 455 3062 partim
474 2999 633 3062 integromm,
652 3005 678 3048 61
697 2994 731 3045 20
749 3012 799 3046 666
816 2997 955 3062 ligatorum.
993 2994 1129 3058 Supersunt
1148 2996 1217 3045 nobis
1237 2994 1318 3044 adhuc
1337 2993 1429 3056 aliquot

72 3072 202 3120 duodenae
221 3070 369 3134 ligatorum,
398 3075 424 3117 et
451 3069 648 3132 sesquiduodena
666 3069 720 3131 plus
738 3069 818 3117 minus
837 3083 886 3116 nou
906 3072 1096 3129 compactorum.
1134 3066 1237 3128 Propter
1263 3064 1366 3113 chartae
1385 3062 1427 3112 66-

71 3145 164 3192 166166
183 3157 232 3190 666
251 3141 389 3204 pergimus:
417 3140 491 3188 habui
519 3146 603 3188 tamen
627 3142 681 3201 jam
700 3140 818 3202 probam,
844 3138 882 3187 661
910 3138 1012 3187 formam
1031 3150 1114 3196 unam,
1134 3151 1198 3200 quae
1213 3138 1284 3197 jacet
1302 3147 1378 3197 nsque
1396 3133 1430 3183 66

72 3213 175 3262 chartae
194 3212 336 3261 adrentum.
365 3209 391 3258 Si
411 3212 534 3259 scivissem
552 3212 596 3259 tibi
613 3225 662 3258 non
680 3211 754 3259 tuisse
771 3211 903 3273 ingratum,
923 3206 1022 3268 Styram
1038 3221 1078 3256 me
1091 3207 1248 3256 contulissem
1260 3203 1429 3268 procurandae

73 3284 177 3332 chartae
196 3295 281 3336 66666,
301 3294 365 3344 6666
383 3282 404 3328 61
423 3282 472 3329 6116
490 3296 540 3329 666
559 3282 679 3336 mittatur,
699 3295 790 3335 vereor,
810 3287 846 3335 61,
864 3279 904 3329 nbi
922 3277 1032 3332 redieris,
1051 3277 1111 3326 nihil
1131 3279 1257 3341 inceptum
1269 3276 1377 3325 futurum
1388 3274 1428 3322 eit.

73 3353 146 3413 Quod
160 3355 274 3417 Augusta
285 3352 382 3400 mittere
402 3351 529 3410 deliberes,
548 3351 573 3399 id
592 3353 697 3401 16616666
710 3364 921 3413 supervacaneum
940 3349 994 3403 erit,
1014 3362 1069 3396 cum
1088 3349 1186 3398 interea
1202 3348 1279 3411 possit
1292 3344 1367 3408 Styra
1385 3343 1430 3395 66-

70 3424 135 3474 66161.
172 3423 251 3473 Nemo
269 3428 399 3484 praeterea
417 3422 455 3470 vel
475 3421 624 3471 Celenderis
641 3423 679 3471 vel
700 3422 872 3485 Ephemerides
891 3421 971 3484 petiit.
991 3439 1025 3452 ·-

163 3511 242 3559 Annis
261 3511 369 3572 proxime
387 3512 545 3572 sequentibus
565 3507 730 3570 (teto-2³)
750 3508 818 3558 66116
836 3509 934 3571 scripsit
945 3507 1068 3571 Keplerns
1081 3506 1238 3562 calendaria,
1257 3504 1322 3569 qnod
1334 3509 1430 3555 testau-

72 3599 113 3640 tur
131 3590 193 3639 baec
212 3590 288 3652 ipsius
306 3589 395 3638 verba:
425 3585 491 3636 Cum
513 3584 636 3638 26161.
661 3582 745 3635 1620.
767 3583 893 3635 Β616666
915 3588 1078 3649 occupasset
1091 3579 1222 3641 Lincinm,
1244 3577 1308 3646 ipsa
1328 3571 1432 3643 (mater

72 3659 204 3732 Kepleri)
227 3663 252 3716 5.
268 3663 389 3731 Augusti
410 3670 474 3731 poet
495 3664 522 3715 16
544 3662 696 3716 custodiam
717 3664 785 3715 data
806 3667 835 3713 et
854 3661 938 3729 plane
961 3661 995 3713 ad
1017 3665 1150 3713 torturam
1171 3658 1325 3728 postulata.
1355 3655 1430 3709 Nihil

71 3749 134 3796 erat
154 3742 255 3811 potins,
278 3756 359 3811 quam
380 3748 411 3794 ut
432 3759 450 3794 a
471 3743 508 3796 70
530 3741 693 3796 milliaribus
716 3756 917 3794 accurrerem..
936 3740 1152 3793 ..Laboratum
1172 3739 1225 3791 huc
1245 3736 1272 3788 in
1293 3753 1323 3790 rc
1344 3750 1431 3805 utque

72 3825 99 3877 16
123 3824 149 3875 4.
172 3823 241 3874 Nov.
265 3821 328 3874 anni
356 3821 439 3885 1621,
471 3839 531 3875 cum
561 3821 667 3874 solenni
693 3819 797 3889 judicio
828 3820 990 3873 materfuit
1012 3817 1270 3886 storturapetita
1300 3816 1433 3869 absoluta
1458 3865 1466 3877 ,

72 3920 142 3973 6666
165 3901 290 3954 66616616
310 3901 419 3964 emissa,
443 3916 461 3953 a
481 3917 534 3971 quo
554 3902 614 3969 ipso
636 3900 755 3971 vestigio
776 3917 830 3970 ego
851 3898 975 3952 Lincium
994 3898 1106 3953 recurri.
1147 3899 1263 3966 Jamque
1286 3901 1317 3949 et
1336 3897 1370 3948 de
1391 3894 1430 3948 iu·

67 3981 145 4051 juria
175 3987 205 4033 61
234 3983 268 4032 66
298 3981 432 4033 sumtibus
454 3981 594 4051 agebatur
615 3981 642 4033 in
672 3979 875 4041 adversariam,
908 3994 968 4031 cum
995 3995 1058 4031 ecce
1088 3977 1132 4031 13.
1155 3980 1222 4044 Apr.
1248 3974 1432 4031 16216666

71 4064 152 4114 linem
181 4059 256 4113 61166
286 4060 381 4113 matris
411 4067 441 4111 et
468 4059 525 4112 litis
547 4060 629 4122 16611,
657 4059 760 4112 uelatis
790 4076 862 4112 auno
885 4058 931 4111 75.
974 4061 1014 4109 At
1034 4057 1079 4110 hic
1099 4073 1150 4127 per
1169 4070 1258 4109 meam
1278 4053 1432 4109 absentiam

72 4140 277 4209 spargebatur,
309 4156 352 4192 me
375 4147 490 4207 propter
510 4139 694 4192 temeritatem
715 4138 892 4209 Nagelianae
914 4137 1029 4191 similem
1051 4137 1119 4190 iram
1139 4137 1272 4189 meruisse
1293 4133 1431 4194 Caesarie,

72 4236 187 4287 cumque
209 4219 352 4288 effugerim
374 4217 559 4287 (paucissimis
581 4219 651 4272 euim
673 4234 784 4272 causam
804 4217 896 4270 abitus
916 4217 968 4270 mei
983 4210 1165 4280 credideram)
1188 4229 1317 4285 magnam
1330 4228 1349 4267 a
1363 4214 1431 4266 cae·

73 4315 136 4352 sare
167 4314 297 4350 summam
328 4299 506 4351 constitutam
528 4298 555 4350 in
577 4305 662 4366 caput
682 4315 784 4360 meum,
812 4297 876 4367 quin
897 4297 980 4350 etiam
1000 4296 1115 4350 dammis
1136 4295 1240 4349 tradita
1261 4290 1434 4362 exemplaria

73 4377 233 4431 calendarii
263 4377 370 4439 omnia,
404 4379 491 4447 quod
513 4384 598 4430 tunc
618 4377 705 4431 fieri
727 4395 794 4429 nou
816 4377 956 4445 potuit,
986 4391 1059 4429 cum
1082 4375 1182 4428 nulla
1210 4370 1432 4442 scripserim.

72 4460 142 4511 Post
162 4457 266 4509 iactum
287 4464 347 4520 est,
371 4456 505 4526 superiori
526 4457 670 4510 Decembri
693 4456 720 4509 in
742 4456 853 4526 Styria,
875 4456 981 4510 nullum
1001 4456 1037 4508 ob
1057 4453 1278 4525 prognosticum,
1300 4453 1349 4505 sed
1369 4450 1434 4521 quia

73 4540 108 4590 de
130 4536 333 4604 praecellentia
354 4538 523 4590 contendunt
543 4535 709 4604 provinciae,
732 4552 846 4606 quarum
868 4536 894 4588 in
916 4535 999 4590 titulo
1019 4535 1051 4588 111
1070 4533 1189 4595 mentio,
1203 4548 1263 4585 cum
1280 4548 1335 4602 ego
1349 4530 1433 4599 Supr·
1467 4560 1470 4563 ·

74 4615 681 4685 66166666,661666616,66666666166666
723 4616 776 4669 Η16
796 4615 897 4685 privati
926 4615 1020 4685 aliqui,
1043 4621 1191 4684 antequam
1212 4628 1257 4665 ree
1279 4613 1314 4664 ad
1335 4626 1433 4678 corpus
1515 4622 1519 4635 ¹

76 4697 206 4751 Ordinum
227 4697 340 4762 delata,
371 4696 568 4766 praejudicium
596 4697 648 4750 hoc
674 4694 775 4766 insigni
796 4705 825 4749 et
847 4695 960 4751 solenni
990 4703 1054 4749 actu
1076 4693 1241 4749 abolendum
1262 4697 1429 4746 statuerunt
