3366 5482
647 256 679 307 aa
696 257 768 306 aaa
786 255 947 322 astrologicis.
1411 251 1475 320 375

132 418 262 481 liscimus
297 417 389 479 etiam
419 416 562 478 inferiora
594 417 754 478 intervalla
788 416 927 477 similiter
957 411 1099 475 dividere.
1149 409 1228 481 Quia
1256 416 1333 476 enim
1367 424 1476 479 natura

132 507 226 569 rebat
248 506 440 568 intervallum
467 505 654 584 ,paschali“,
680 506 728 578 ia,
760 505 822 579 sol,
857 506 903 578 fa,
934 503 984 563 ubi
1005 512 1052 563 est
1076 510 1164 562 tonus
1188 501 1299 579 minor,
1332 505 1474 583 probabit

133 596 223 671 uam,
255 605 289 657 ut
312 595 350 655 ab
374 595 535 655 intervallo
559 615 605 667 re,
633 594 676 666 la,
710 593 870 667 „rcictimae
895 592 1020 672 pasch.“
1047 590 1218 652 auferamus
1242 592 1346 654 itidem
1370 601 1473 655 tonum

132 684 259 746 udonem
284 682 458 757 „vidistin“,
483 692 554 744 tune
578 683 658 743 enim
681 689 783 742 manet
806 679 1152 760 superiussemitonium
1178 681 1309 751 „vidist“
1336 683 1470 761 ejusdem

132 771 297 834 nautitatis
330 791 397 833 cum
428 773 564 849 superius
589 772 753 833 constituto
778 771 914 858 interd,
950 769 1006 830 dis.
1055 767 1117 829 Sed
1143 787 1235 846 qnare
1265 789 1325 832 non
1348 770 1471 832 inferius

132 862 302 923 ollocamus
331 860 521 922 semitonium
553 855 637 941 ¹71⁶,
673 861 808 939 superins
842 859 986 920 minorem
1016 866 1118 918 tonum
1154 849 1205 938 ⁹s„
1215 859 1229 918 l
1275 858 1472 938 Respondes:

132 950 147 1010 d
170 949 292 1029 quidem
317 949 409 1010 etiam
432 950 475 1023 fit,
501 950 554 1009 sed
579 968 636 1008 ηηη
661 968 793 1026 semper;
819 956 849 1008 et
873 948 965 1008 habet
989 965 1112 1007 causam
1136 949 1312 1021 naturalem,
1338 955 1372 1009 ut
1395 950 1474 1010 inter

132 1038 240 1115 padus,
267 1038 316 1116 qni
341 1057 432 1115 saepe
456 1038 620 1110 calcantur,
645 1039 707 1098 sint
729 1037 954 1098 consonantiae.
1002 1033 1131 1104 Quando
1147 1054 1217 1114 ergo
1238 1036 1266 1097 in
1282 1035 1473 1117 dynmvocis

132 1146 148 1189 e
171 1127 351 1206 respicimus
375 1127 414 1187 ad
438 1128 470 1198 d,
497 1136 529 1188 nt
553 1146 589 1187 ea
608 1127 720 1187 chorda
744 1127 865 1205 saepius
889 1126 1033 1204 pulsetur,
1059 1132 1128 1183 tuuc
1150 1143 1207 1184 non
1224 1124 1315 1186 debet
1337 1144 1396 1186 vox
1417 1145 1474 1205 per

132 1237 146 1288 *,
170 1215 282 1294 gisb,
308 1233 334 1288 c,
360 1215 379 1275 d
403 1215 455 1288 ire,
489 1215 558 1293 quia
591 1217 666 1276 det
688 1216 735 1295 gis
759 1233 817 1275 ηηη
842 1220 1019 1275 consonant.
1066 1210 1195 1281 Quando
1225 1220 1327 1275 autem
1350 1233 1409 1275 vox
1433 1216 1471 1276 ad

132 1331 146 1378 r,
171 1321 198 1376 c,
224 1305 243 1365 d
267 1322 326 1363 non
351 1314 401 1365 est
424 1323 596 1375 ascensura,
621 1303 854 1383 nihilprohibet‚
880 1303 987 1380 agio
1012 1299 1058 1380 gis
1083 1301 1256 1374 ascendere,
1278 1301 1405 1382 indeque
1420 1323 1470 1364 re

135 1392 203 1455 arti.
249 1391 401 1470 Denique,
434 1393 459 1451 si
484 1411 691 1470 comparemus
715 1391 888 1452 harmonias
916 1389 1111 1451 secundariae
1143 1383 1197 1469 f„
1235 1350 1287 1471 ⁶l„
1328 1385 1383 1471 ⁸l„
1421 1385 1470 1474 ⁸l„

132 1499 173 1543 on
197 1499 265 1542 cum
288 1499 439 1559 pnmarus
469 1474 520 1562 Ἄ,
551 1476 604 1561 Ἴ,
630 1481 682 1540 sed
707 1500 772 1541 cum
798 1479 881 1558 ipsiS,
907 1489 941 1540 ut
968 1472 1064 1556 ¹,let
1051 1472 1144 1559 Nl„
1170 1479 1218 1538 vel
1247 1472 1315 1563 ul„
1335 1487 1368 1540 et
1387 1475 1470 1563 ²⁸lw

132 1569 221 1631 xistit
243 1569 433 1630 intervallum
458 1570 537 1630 inter
559 1571 578 1631 h
603 1571 670 1631 etb
696 1571 799 1630 durum
823 1568 967 1640 etrnolle,
993 1587 1036 1627 sc.
1058 1560 1146 1648 ²,⁸l„
1172 1586 1260 1647 quam
1275 1570 1356 1630 soleo
1374 1571 1469 1633 diesin

132 1658 285 1737 ppellare,
322 1665 427 1736 estque
452 1659 622 1720 differentia
645 1658 795 1719 semitonii
826 1666 938 1717 atono
964 1656 1086 1716 minore.
1133 1655 1175 1716 Et
1203 1657 1273 1734 quia
1294 1677 1350 1719 usu
1374 1660 1467 1733 venit,

132 1754 148 1809 t
175 1747 268 1808 etiam
296 1747 325 1807 iu
350 1755 419 1806 tono
444 1749 556 1826 majore
590 1748 808 1809 constituamus
838 1743 1027 1807 semitonium
1051 1744 1231 1816 imitatione,
1267 1748 1344 1826 qnod
1377 1748 1469 1827 igitur

132 1834 306 1915 elinquitur‚
347 1838 454 1909 λειμμα
485 1836 551 1896 dico
589 1837 636 1896 vel
670 1836 764 1897 diesin
797 1835 953 1913 majorem,
994 1832 1063 1911 quia
1099 1840 1223 1912 superat
1260 1830 1344 1914 ”tw
1392 1836 1468 1900 Gla.

134 1923 161 1985 is
195 1923 370 1984 necessaria
403 1926 533 2002 organis,
565 1924 594 1984 in
619 1924 724 2004 quibus
748 1925 871 1984 alternis
897 1929 1003 1982 cantus
1027 1922 1117 1984 durus
1150 1930 1182 1982 et
1214 1925 1312 1987 mollis
1336 1929 1468 1989 exerceri

132 2013 214 2086 ebet,
241 2012 378 2092 quamvis
402 2031 456 2091 per
480 2022 635 2092 utramque
661 2014 747 2074 simul
771 2010 961 2073 ascendendo
985 2012 1034 2072 vel
1050 2010 1260 2074 descendendo
1284 2021 1391 2075 cantus
1410 2035 1468 2076 non

132 2101 310 2173 reducatur3
335 2120 427 2161 causa
452 2110 538 2180 patet
562 2122 600 2162 ex
624 2102 748 2180 origine.
795 2098 1114 2174 Portiunculamvem,
1141 2119 1198 2177 qua
1219 2099 1360 2163 differunt
1382 2111 1471 2165 tonus

132 2191 208 2267 rajor
232 2198 263 2249 et
286 2190 383 2249 minor
411 2182 445 2270 Β),
475 2200 505 2251 et
535 2184 606 2270 Ἀθ,
636 2192 684 2251 vel
714 2183 781 2269 Ἃ
811 2197 843 2250 et
870 2182 957 2270 ⁸¹l„,
987 2205 1028 2250 sc.
1058 2182 1146 2266 ΨΜ,
1180 2188 1297 2266 placuit
1318 2191 1390 2252 mihi
1414 2213 1470 2271 ap-

132 2279 226 2338 ellare
253 2280 423 2351 „comma“.
471 2280 578 2350 Vides,
602 2279 716 2357 opinor,
746 2280 824 2338 haec
848 2277 1008 2338 intervalla
1033 2278 1061 2338 in
1086 2278 1165 2338 nullo
1191 2278 1310 2338 minimo
1335 2298 1470 2341 commu-

132 2367 230 2427 icare:
256 2366 366 2427 nullius
391 2367 467 2426 enirn
502 2388 538 2427 ne
563 2368 721 2428 commatis
746 2368 864 2446 quidem
896 2364 1144 2442 multiplicatione
1168 2365 1260 2426 ullum
1284 2387 1321 2426 ex
1345 2369 1468 2447 majori·

132 2475 167 2516 ns
192 2456 360 2515 intervallis
384 2456 525 2534 prodibit.

182 2578 254 2627 Haec
273 2577 409 2641 Rapiatur:
430 2579 523 2642 reliqua
543 2579 638 2627 desunt.
677 2578 716 2627 De
735 2580 798 2632 viro,
827 2592 883 2626 cum
902 2592 949 2640 quo
968 2578 1019 2641 egit
1044 2576 1082 2625 his
1101 2578 1238 2642 Keplems,
1264 2580 1328 2631 baec
1342 2586 1469 2631 notamus.

132 2650 207 2699 'omen
220 2650 446 2712 Hegulontius
460 2653 572 2713 nuspiam
586 2651 691 2698 occurrit
701 2663 774 2712 quam
787 2642 965 2698 in'Hanschio:
978 2651 1003 2696 in
1014 2646 1074 2696 Mss.
1089 2649 1271 2700 Viennensibus
1284 2653 1320 2700 bis
1334 2651 1468 2715 deprehen·

132 2736 193 2770 rmus
203 2720 313 2782 ejusdem
327 2720 410 2768 literas
421 2736 481 2784 quas
495 2736 569 2783 supra
582 2722 756 2783 proposuimus.
772 2720 864 2768 alteras
878 2721 1028 2782 subscriptas
1044 2719 1245 2784 „Christophorus
1258 2723 1359 2786 Hegul
1368 2725 1468 2782 cnus‘⁴,

132 2792 219 2855 iteras:
242 2790 394 2852 ,Christoph
416 2792 611 2853 Heydonus“.
650 2791 784 2840 Joecherus
808 2789 874 2849 (Gal.
896 2787 1015 2850 Lexicon)
1043 2790 1102 2839 dicit
1122 2793 1288 2856 „astrologum
1314 2801 1340 2843 et
1359 2795 1468 2845 cabbali·

132 2876 176 2910 am
196 2862 304 2925 Anglnm
324 2861 489 2914 Christianum
509 2862 665 2924 Haydon“,
687 2878 758 2925 quem
784 2862 889 2910 eundern
918 2877 972 2909 esse
999 2876 1143 2916 censemus.
1169 2865 1209 2926 qui
1235 2864 1311 2913 literis
1335 2865 1470 2928 Keplerum

132 2933 181 2989 liit,
201 2948 256 2982 cum
276 2939 340 2980 teste
358 2933 480 2982 doechero
501 2934 608 2981 ediderit
626 2947 692 2981 anno
713 2930 781 2980 1603
802 2933 888 2980 librum
908 2933 1062 2994 inscriptum:
1083 2933 1214 2981 adolanae
1228 2935 1255 2981 oi
1269 2934 1372 2996 judicial
1385 2938 1470 2985 Astro-

132 3003 203 3069 ›gia.“
241 3003 344 3066 Kepleri
363 3005 437 3052 verba
457 3002 492 3066 (p.
515 3002 579 3063 370)
598 3005 737 3068 significare
756 3004 882 3058 videntur,
909 3003 1056 3063 Heydonum
1076 3019 1131 3053 cunr
1150 3019 1208 3067 rege
1228 3004 1322 3053 Jacobo
1349 3005 1379 3054 de
1398 3007 1470 3055 rebus

132 3074 268 3138 ttsnlogicis
288 3076 376 3138 egisse.

184 3145 256 3204 Quae
284 3145 354 3193 addit
380 3145 502 3208 Keplerus
530 3145 681 3210 astrologicis
706 3144 843 3199 musicalia,
872 3143 910 3191 his
937 3143 1025 3190 similia
1045 3143 1212 3207 deprehendes
1232 3145 1256 3192 in
1281 3146 1414 3207 Prodromo
1434 3145 1468 3210 (p.

132 3211 164 3263 39
183 3231 219 3278 tq.
240 3223 265 3264 et
285 3213 348 3275 197)
369 3219 437 3265 etin
457 3216 516 3263 libro
536 3217 566 3263 de
586 3215 657 3263 Nora
676 3215 754 3263 Stella
774 3212 820 3273 (lit.
842 3214 873 3263 ad
893 3212 1083 3277 Brenggerum).
1121 3214 1217 3264 Similia
1235 3224 1328 3266 tractat
1347 3219 1470 3282 Keplems

132 3304 136 3335 ι
155 3287 232 3334 literis
252 3287 283 3335 ad
302 3287 410 3336 Joach.
430 3288 624 3341 Tanclrium,
644 3288 730 3350 quibus
748 3286 885 3347 praemissa
904 3285 1084 3348 quadamtenus
1103 3287 1254 3350 supplentur.

182 3357 198 3407 J
205 3359 373 3407 oachimus
392 3359 555 3407 Tanckrus
575 3358 710 3421 Lipsiensis
731 3356 867 3415 (Professor
886 3364 955 3405 anat.
976 3363 1001 3405 et
1020 3358 1143 3423 chirurg.,
1163 3365 1234 3407 mort.
1247 3357 1325 3417 1609,
1345 3366 1387 3408 aet
1400 3358 1465 3420 52),

132 3430 179 3476 tria
198 3445 253 3477 cum
273 3429 380 3491 Keplero
400 3430 451 3492 egit
470 3446 513 3491 per
532 3429 615 3476 literas
636 3444 701 3476 anno
719 3425 792 3480 1608.
814 3429 922 3476 maxima
941 3444 970 3477 ex
990 3436 1061 3491 parte
1080 3429 1111 3478 de
1130 3429 1189 3478 libro
1202 3429 1303 3493 Kepleri
1321 3432 1351 3480 de
1366 3431 1470 3481 Cometa

132 3501 172 3547 nni
205 3496 287 3554 1607,
320 3515 391 3563 quem
411 3500 511 3562 Lipsiae
542 3500 728 3562 imprimendum
759 3502 866 3554 curarit,
894 3499 1045 3548 concedente
1069 3501 1152 3550 ordine
1179 3499 1253 3549 theol.
1283 3509 1308 3550 et
1335 3501 1469 3566 philosoph.

132 3569 239 3620 uncians
266 3571 375 3633 Keplarc
404 3571 490 3618 librum
519 3569 584 3618 bunc
612 3572 719 3633 proxime
748 3570 887 3618 absolutum
915 3569 999 3618 addit:
1030 3573 1085 3619 misi
1111 3571 1142 3620 ad
1168 3579 1193 3619 te
1220 3571 1470 3622 monochordum

132 3641 304 3695 einhardi,
334 3644 373 3705 qui
394 3643 508 3689 dissentit
530 3643 554 3688 in
574 3643 673 3689 musicis
693 3648 809 3689 anostra
829 3640 979 3689 Calvisio.
1018 3641 1155 3691 Pleniorem
1174 3642 1210 3690 his
1229 3643 1344 3697 nundinis
1362 3645 1468 3692 instruc-

132 3726 204 3760 ouem
229 3713 262 3760 ad
281 3728 320 3760 me
339 3715 421 3769 misit,
450 3727 522 3776 quam
543 3714 623 3761 obiter
642 3714 681 3760 vix
699 3712 808 3776 perlegi3
828 3714 958 3761 occasione
978 3711 1026 3760 hac
1045 3714 1130 3761 oblata
1148 3713 1180 3761 ad
1199 3721 1224 3762 ta
1242 3715 1325 3767 mitto,
1350 3714 1470 3776 judicium

132 3797 183 3833 mm
201 3790 288 3847 petens
308 3782 352 3831 dtc.
373 3783 470 3846 (Comp.
491 3783 602 3831 Hansch.
624 3799 646 3845 p.
668 3781 741 3841 408)

183 3880 345 3943 Keplerus
373 3881 511 3943 respondit:
540 3873 608 3933 Non
634 3872 788 3933 fortuitum
814 3871 868 3931 tibi
893 3890 998 3931 nornen
1023 3880 1113 3932 esta
1137 3871 1264 3946 Gratiis,
1292 3872 1469 3934 suavissime

132 3960 241 4034 'ancki,
277 3962 468 4040 usqueadeo
494 3980 618 4020 suarcem
647 3968 678 4020 et
703 3959 819 4020 Gratiis
848 3961 967 4039 plenam
993 3962 1031 4022 ad
1056 3961 1246 4022 collationem
1275 3981 1321 4022 me
1345 3962 1469 4036 invitas,

132 4048 299 4110 ransmissis
319 4049 486 4110 Reinhardi
510 4049 764 4128 speculationibus
789 4049 978 4110 harmonicis.
1025 4050 1071 4109 De
1095 4050 1132 4111 iis
1163 4051 1232 4129 quid
1256 4050 1404 4124 videatur,
1438 4052 1468 4112 in

135 4156 277 4218 regressu
302 4139 445 4217 aperiam,
470 4138 648 4217 principium
672 4157 742 4198 vero
768 4138 877 4199 faciam
900 4139 937 4199 ab
961 4157 1098 4215 excursu,
1123 4139 1162 4199 ad
1177 4140 1264 4218 quem
1288 4140 1470 4204 auctoriate

132 4246 188 4288 uae
212 4226 360 4305 epistolae
384 4228 529 4306 principio
554 4236 672 4305 portam
696 4227 767 4286 mihi
793 4227 919 4306 aperuit.

200 4317 341 4395 Apparet
364 4317 483 4394 quidem
514 4335 551 4375 ex
575 4316 628 4376 illo
653 4316 757 4376 statim
789 4315 933 4393 principio
959 4314 1090 4376 auctoris
1118 4315 1176 4377 hac
1199 4317 1229 4377 in
1253 4338 1284 4378 re
1314 4316 1471 4395 multiplex

132 4403 241 4464 ruditio
274 4413 306 4465 et
336 4416 491 4466 auctorum
524 4413 659 4465 veterum
688 4403 828 4483 cognitio.
877 4402 1032 4464 Ciceronis
1066 4404 1184 4482 quidem
1217 4407 1300 4466 locos
1333 4407 1362 4466 in
1398 4414 1470 4486 typo

132 4491 246 4571 criptas
270 4493 353 4567 novi,
384 4512 506 4573 quorum
535 4493 684 4571 posterior
708 4514 723 4552 e
744 4493 867 4554 Timaeo
891 4491 1028 4553 Platonis
1057 4493 1212 4555 desumtus
1237 4503 1292 4555 est.
1342 4491 1470 4563 Quinam

132 4599 182 4642 ero
207 4600 244 4642 ex
269 4583 422 4644 veteribus
448 4582 576 4642 hominis
599 4589 747 4643 staturam
777 4580 981 4661 composuerit
1005 4601 1042 4641 ex
1065 4582 1145 4642 notis
1175 4600 1314 4642 sonorum
1339 4581 1469 4659 duplici-

132 4687 179 4742 us,
202 4688 262 4731 non
284 4671 405 4733 memini
429 4691 475 4730 me
500 4671 625 4749 legisse3
660 4671 753 4732 vincit
776 4671 820 4732 sic
844 4670 974 4732 lectione
998 4669 1199 4731 Reinhardus.
1248 4668 1387 4731 Occurrit
1411 4670 1469 4730 ali-

132 4758 187 4837 ruit
211 4777 249 4820 aa
271 4759 410 4831 Platone,
437 4759 494 4839 spui,
528 4777 649 4821 mensus
674 4760 835 4821 intervalla
859 4745 999 4832 umbilici,
1030 4759 1271 4838 praecordiorum
1295 4769 1328 4820 et
1351 4760 1470 4835 frantie,
