3366 5482
677 209 840 263 uocem
1393 211 1436 280 se

81 371 137 435 erit
157 390 228 434 cnm
250 371 401 449 utilitate,
425 371 515 435 rebus
533 373 599 452 jam
621 371 797 453 prostratis,
829 372 912 435 nulla
934 371 1007 435 mihi
1025 373 1091 436 nisi
1118 374 1207 437 valde
1231 373 1381 439 laboriosa
1403 383 1437 439 et

81 460 208 523 molesta
231 461 388 543 provincia
411 461 584 524 demandari
606 461 727 541 poterit,
753 461 996 542 quatemrorsau
1021 469 1052 524 et
1070 464 1241 543 provisores
1260 465 1354 527 vestri
1377 465 1434 527 de-

80 558 232 614 trectant:
258 550 306 613 cui
330 570 449 633 operae,
474 549 618 613 siminus
643 568 698 630 ego
720 559 843 632 propter
866 552 1049 632 snperbiam,
1073 560 1156 614 certe
1178 559 1299 634 propter
1321 548 1435 634 ingenii

80 639 303 703 volubilitatem
325 648 358 703 et
375 641 511 703 laborum
529 638 748 721 impatientiam
766 639 885 721 ineptus
904 659 980 714 snm,
1004 640 1055 703 alii
1074 640 1185 704 rectius
1204 641 1432 709 adhibebuntur.

81 731 145 792 Non
169 730 249 792 latet
270 729 458 810 inspectores
481 748 564 791 meos
588 748 636 791 res
661 729 741 791 ista:
767 749 859 810 eoque
879 730 921 805 lit,
946 737 980 792 ut
1002 749 1038 791 ne
1060 730 1178 812 quidem
1201 730 1434 812 cogitationibus

80 819 141 881 suis
164 838 212 880 me
236 819 389 882 destinent
411 817 563 881 laboribus
587 817 787 881 scholasticis.
826 816 958 898 Cupiunt
979 839 1026 881 me
1051 819 1093 882 nti
1118 821 1174 882 hoc
1194 820 1255 882 otio
1274 839 1339 883 meo
1362 822 1433 902 phi-

79 909 233 989 losophico
248 908 289 970 ad
307 907 501 971 illustrandas
516 908 690 987 disciplinas
706 908 951 972 mathematicas:
976 916 1008 971 et
1031 909 1057 971 si
1080 929 1172 988 penes
1197 910 1279 990 ipsos
1302 912 1431 985 steterit,

79 1017 230 1078 nunqnam
253 996 327 1060 mihi
353 996 496 1060 salarium
524 1016 621 1058 meum
649 996 853 1078 abrogabitnr.
899 995 962 1059 Sed
990 998 1024 1060 lit
1051 998 1160 1078 injuria
1185 1008 1366 1080 temporum,
1399 1007 1434 1065 ut

79 1087 136 1150 frui
158 1087 217 1149 hac
240 1087 373 1168 ipsorum
395 1086 509 1168 optima
530 1086 685 1149 voluntate
708 1087 757 1148 din
780 1106 839 1150 non
863 1086 985 1165 possim.
1019 1083 1132 1168 Siqua
1154 1089 1200 1151 vis
1224 1108 1262 1152 ex
1280 1089 1350 1151 aula
1372 1088 1431 1153 mi·

78 1177 183 1240 sisois
205 1195 361 1256 procemm
382 1176 508 1255 ingruit,
538 1175 566 1237 ei
593 1176 651 1256 ipsi
674 1194 790 1257 quoqne
813 1182 883 1238 snut
904 1176 1038 1252 obnoxii,
1068 1184 1187 1241 tantum
1213 1177 1302 1243 abest
1329 1184 1363 1241 nt
1384 1197 1432 1241 me

79 1266 254 1329 defendant.
299 1265 348 1326 Ex
370 1267 468 1328 altera
489 1273 575 1345 parte
604 1274 674 1328 sunt
696 1264 774 1327 inter
796 1265 954 1345 proceres,
988 1265 1038 1347 qui
1070 1266 1148 1347 quod
1175 1267 1345 1332 academias
1374 1268 1431 1331 ad-

79 1355 188 1418 iverint
212 1353 380 1436 opinionem
403 1354 516 1416 habent
538 1354 722 1428 eruditionis,
749 1354 855 1436 quibus
873 1355 929 1417 hoc
948 1362 1086 1433 praestat
1109 1355 1275 1431 literatura,
1301 1365 1334 1420 ut
1357 1376 1431 1420 con·

80 1440 203 1507 fidentia
221 1444 352 1526 quadam
365 1450 488 1506 utantur
509 1443 541 1505 in
564 1445 789 1531 contemnendis
812 1444 894 1506 hisce
917 1443 1140 1507 mathematicis
1163 1445 1429 1528 speculationibus.

79 1535 175 1597 Penes
200 1552 275 1615 qnos
298 1553 365 1596 cunr
388 1533 430 1595 sit
452 1532 495 1595 rei
518 1551 643 1609 summa,
668 1533 779 1608 nescio,
803 1553 891 1614 qnam
915 1533 965 1597 diu
984 1553 1031 1595 me
1051 1541 1188 1597 tutatuta
1210 1535 1250 1597 sit
1273 1535 1429 1616 inspecto·

80 1643 140 1686 mm
165 1622 315 1685 autoritas
338 1630 444 1685 contra
462 1621 582 1684 illorum
604 1622 755 1698 invidiam,
780 1623 839 1704 qui,
864 1630 896 1684 nt
919 1621 988 1685 olim
1006 1623 1170 1687 Florentini
1193 1631 1298 1686 contra
1312 1624 1429 1687 Philal-

79 1713 179 1793 phum,
204 1713 249 1774 sic
271 1708 360 1774 hodie
384 1719 490 1775 contra
512 1731 558 1774 me
582 1711 746 1786 clamitant,
771 1714 820 1775 vel
843 1719 925 1774 certe
948 1714 1123 1787 mussitant,
1147 1733 1206 1776 non
1225 1715 1289 1794 jam
1312 1720 1429 1793 tempus
1536 1779 1541 1790 ,

80 1821 144 1865 esse
174 1800 325 1878 discendi,
355 1801 410 1863 sed
437 1800 635 1879 belligerandi
643 1822 653 1876 3
680 1802 755 1863 irem
781 1801 881 1881 potins
910 1800 940 1863 in
965 1799 1172 1877 Germaniam,
1202 1821 1278 1884 qnae
1302 1801 1429 1865 nonita

79 1899 230 1972 prematur
254 1889 469 1953 incursionibus
493 1890 636 1954 Turoicis.
684 1889 799 1962 Quibus
822 1891 957 1953 omnibns
980 1891 1106 1970 aliisque
1129 1892 1166 1953 de
1190 1891 1289 1954 causis
1313 1892 1427 1972 opinor,

80 1989 253 2043 excusatam
276 2000 344 2042 esse
368 1980 446 2061 apud
470 1988 500 2041 te
523 1980 599 2041 hanc
622 1979 855 2060 inquietudinem
878 1987 909 2041 et
932 1977 1152 2061 impatientiam
1171 2000 1276 2044 meam.
1316 1970 1426 2056 Quare,
1475 2038 1476 2042 ,

80 2078 109 2132 ut
130 2070 323 2143 concludam,
352 2089 488 2133 reversus
516 2070 555 2130 ad
581 2068 769 2150 principium,
798 2087 864 2131 cum
892 2087 950 2129 non
978 2068 1077 2148 possit
1100 2088 1167 2131 esse
1191 2070 1331 2132 diutnma
1353 2070 1428 2133 haec

80 2178 143 2222 mea
166 2159 309 2233 conditio,
333 2159 468 2222 omnibus
492 2158 587 2221 modis
611 2180 630 2221 a
652 2166 682 2220 te
705 2165 791 2239 peto,
817 2164 851 2219 ut
873 2175 963 2239 super
984 2158 1040 2219 hac
1064 2176 1131 2219 mea
1153 2177 1296 2240 perquam
1319 2178 1428 2222 neces·
1488 2184 1494 2202 ·

81 2248 157 2311 saria
179 2249 400 2310 consultatione
424 2247 496 2310 mihi
519 2247 608 2310 animi
632 2247 675 2309 tui
698 2267 788 2309 sensa
811 2247 947 2326 aperias:
973 2254 1061 2328 teque
1080 2247 1176 2327 ipsum
1198 2249 1336 2328 fingendo
1360 2267 1426 2310 meo
1539 2278 1542 2283 ·
1632 2251 1636 2260 '

80 2339 107 2400 in
119 2338 185 2400 loco
201 2338 379 2412 constituas,
403 2347 444 2413 et,
470 2336 540 2419 qnid
555 2346 586 2399 tu
602 2337 736 2398 facturus
752 2336 982 2416 demigratione
999 2355 1093 2410 esses,
1118 2337 1240 2401 indices.
1279 2338 1425 2401 Tutnmne

81 2427 171 2489 citet
194 2427 366 2507 expeditum
389 2434 509 2489 etcum
532 2444 584 2506 spe
607 2423 801 2505 promotionis
826 2425 974 2500 futurum,
1010 2425 1036 2487 si
1069 2426 1238 2508 Tubingam
1267 2446 1314 2489 me
1351 2446 1426 2490 con-

82 2517 188 2588 teram:
223 2537 262 2578 an
293 2524 429 2596 praestet
458 2516 488 2578 in
520 2516 611 2577 oliam
643 2513 770 2576 transire
804 2514 1012 2577 academiam?
1058 2513 1093 2577 Si
1119 2515 1216 2578 minus
1244 2524 1346 2579 cetera
1368 2516 1425 2578 hnc

82 2605 222 2683 facientia
244 2605 284 2667 ad
305 2625 353 2667 me
368 2605 421 2683 vis
444 2603 635 2686 perscribere,
659 2621 786 2682 parcens
801 2603 931 2666 fortasse
951 2604 1079 2684 privatis
1103 2605 1251 2685 aliquibus
1274 2613 1328 2668 aut
1350 2625 1424 2668 aca-

81 2694 191 2758 demiae
216 2695 292 2770 toti,
316 2702 370 2756 aut
393 2694 549 2757 consulens
574 2710 749 2755 arcanorum
773 2692 992 2756 conscientiae:
1024 2701 1057 2756 at
1080 2692 1133 2757 illa
1155 2694 1294 2775 vulgaria
1315 2695 1423 2769 scribe,

80 2784 153 2864 qnod
175 2784 304 2866 pretium
327 2784 399 2858 vini,
424 2782 575 2857 frumenti,
600 2781 649 2862 qui
673 2789 856 2844 commeatus
880 2782 1068 2862 cupediarios
1092 2784 1165 2856 (uon
1189 2784 1267 2846 enim
1290 2783 1426 2847 assuevit

79 2890 148 2935 uxor
170 2892 239 2935 mea
261 2873 339 2934 fabis
362 2873 514 2944 victitare)
538 2871 587 2951 qni
609 2871 714 2933 modus
742 2872 998 2934 conducendarnm
1026 2872 1156 2947 aedium,
1186 2881 1217 2935 et
1243 2872 1273 2934 iu
1302 2891 1423 2953 genero,

78 2971 185 3043 quanto
209 2970 309 3024 sumtu
331 2962 394 3023 vita
417 2968 542 3043 qnntuor
564 2961 612 3023 vel
639 2960 766 3041 quinque
794 2962 944 3024 hominnm
971 2962 1135 3042 vulgariter
1157 2962 1187 3024 in
1211 2981 1319 3024 annum
1342 2963 1422 3024 tole·
1501 2992 1507 3003 ·

79 3052 179 3114 retur?
215 3052 273 3113 Hic
297 3061 364 3113 esto
387 3050 572 3113 necessarius
596 3049 799 3130 responsionis
823 3058 893 3113 tuae
917 3069 1035 3130 scopus.
1082 3050 1132 3112 Ad
1156 3057 1258 3113 cetera
1283 3049 1423 3113 nonnisi

78 3160 129 3221 per
151 3139 256 3202 otium.
289 3139 417 3222 Jamque
439 3140 560 3201 tandem
578 3139 655 3214 vale,
680 3148 711 3201 et
733 3138 779 3202 Ol.
800 3141 842 3203 V.
857 3141 896 3202 D.
914 3138 1042 3203 Gellium
1065 3141 1185 3202 affinem
1207 3160 1304 3203 meum
1326 3142 1424 3203 hono-

77 3230 155 3292 rilice
179 3230 290 3292 saluta.
333 3230 366 3292 In
390 3247 498 3308 genere
521 3247 592 3290 vero
616 3247 663 3290 me
687 3229 822 3291 omnibus
847 3230 972 3309 collegis
996 3230 1180 3292 commenda.

167 3316 217 3384 19.
242 3315 295 3383 29.
320 3319 398 3399 Aug.
423 3313 474 3381 99.
687 3319 726 3380 Η.
751 3319 786 3380 Τ.
834 3316 921 3381 Grat.
946 3319 1108 3399 discipulus

1123 3406 1170 3471 Μ.
1193 3406 1227 3471 J.
1250 3405 1380 3490 chler.

142 3497 275 3561 Nunnius
298 3497 328 3560 in
350 3495 499 3560 mandatis
522 3505 554 3558 et
576 3503 645 3559 ante
664 3495 768 3560 habuit
787 3497 828 3569 (si
841 3497 1012 3578 postulatus
1031 3496 1162 3572 fuisset),
1188 3505 1219 3560 et
1236 3497 1301 3578 jam
1319 3497 1422 3573 habet,

76 3589 114 3650 de
138 3591 208 3670 typo
233 3585 449 3661 satisfaciendi,
474 3605 539 3647 cum
562 3584 726 3666 gratiarum
749 3585 877 3649 actione.
915 3587 952 3649 Id
975 3586 1126 3668 negotium
1148 3585 1237 3650 unica
1259 3584 1422 3650 monitiun·

77 3677 146 3741 cula
165 3694 341 3757 promovere
364 3682 459 3756 potes.

149 3837 189 3886 ad
204 3835 269 3887 haec
288 3834 477 3886 Maeatlinue
495 3833 620 3897 respondit
638 3833 735 3884 demum
754 3833 777 3882 d.
800 3830 840 3883 ts.
860 3831 901 3883 25.
919 3835 977 3886 Jan.
998 3832 1080 3885 160οι
1110 3835 1230 3901 Magnum
1248 3833 1363 3900 mihique,
1382 3834 1425 3902 qui

76 3908 190 3974 pelitlcua
206 3907 364 3959 nullomodo
382 3921 444 3964 sum,
462 3906 608 3971 impossibile
626 3903 790 3970 respondendi
807 3905 958 3969 postulatum
975 3907 1118 3971 imposuisti.
1149 3906 1181 3957 D.
1201 3906 1234 3956 D.
1254 3905 1378 3957 Gerlachii
1396 3912 1423 3957 et

75 3979 240 4032 &misma
258 3979 386 4031 consilinm
404 3984 450 4036 eat,
469 3984 497 4028 nt
514 3991 558 4042 per
574 3976 680 4027 libellum
698 3977 831 4041 supplicem
844 3978 1036 4029 Illustrissimum
1048 3985 1158 4028 nostrum
1176 3979 1207 4028 de
1225 3992 1338 4043 regressu
1355 3978 1421 4028 solli·

75 4053 175 4110 dmea,
194 4053 309 4102 loramia
324 4051 420 4101 deloco
439 4048 572 4100 clementer
589 4050 725 4112 prospiciet
755 4048 892 4100 censentii
911 4051 1066 4101 instrumenti
1084 4064 1128 4100 seu
1147 4051 1226 4114 operia
1243 4048 1422 4107 mathematici,

74 4139 119 4188 per
137 4123 201 4188 quod
219 4123 278 4188 Ejus
297 4121 380 4174 Celsit
398 4121 525 4171 innotuisti
544 4117 611 4182 (vide
628 4117 705 4181 inira)
728 4120 870 4184 deriperas
888 4124 1045 4172 mentionem.
1083 4121 1187 4173 Utinam
1209 4120 1378 4187 prudentiores
1396 4126 1423 4173 et

74 4196 100 4245 ia
114 4195 190 4245 rebus
202 4195 307 4260 politicis
318 4193 519 4260 intelligentiores
538 4206 612 4256 quarn
628 4207 668 4241 me
686 4192 857 4250 consuluisses,
877 4194 935 4258 quia
947 4208 1004 4244 vere
1013 4194 1147 4243 infantiam
1157 4192 1199 4243 hic
1211 4207 1293 4243 meam
1306 4207 1422 4259 agnosce.

146 4265 272 4318 Frumenti
295 4268 400 4331 pretium
422 4264 488 4329 apud
510 4278 556 4313 uos
579 4268 630 4312 est:
658 4263 795 4313 medimnus
820 4264 875 4327 plur
899 4267 1027 4330 minusque
1052 4265 1068 4314 b
1091 4265 1115 4314 n.
1141 4271 1255 4323 constat;
1283 4279 1347 4315 urna
1373 4265 1423 4315 vini

76 4335 181 4389 12-13
200 4339 297 4390 circitm
313 4339 418 4388 florenis.
445 4336 485 4385 De
504 4336 592 4385 ceteris
609 4334 673 4384 malo
686 4335 766 4393 silere,
786 4350 859 4401 qnam
877 4337 960 4400 inepte
978 4336 1134 4400 respondere,
1152 4337 1257 4400 quiade
1275 4336 1422 4387 victualibus
1465 4348 1475 4365 ⁸

75 4409 212 4465 ndiodhna
224 4415 251 4461 et
262 4409 437 4477 vulgarioribns
449 4408 489 4456 rix
500 4408 631 4473 quidquam
643 4407 708 4464 novi,
727 4406 817 4457 nedum
830 4407 860 4458 de
873 4407 1030 4466 lautiorihns;
1049 4412 1085 4458 sic
1098 4408 1312 4460 conducendamm
1324 4408 1423 4459 aedium

74 4482 198 4532 ηιὶοπειιι
214 4481 289 4547 plane
306 4482 399 4548 ignoro.
440 4478 495 4528 Hoc
512 4480 581 4534 scio,
601 4476 780 4543 quodpropter
798 4475 814 4526 5
832 4480 954 4544 principes
973 4480 1100 4546 pluresque
1119 4481 1223 4532 beromi
1242 4488 1267 4530 et
1285 4479 1359 4537 alios,
1379 4478 1421 4543 qul

74 4552 115 4603 liic
133 4552 236 4618 degunt.
255 4566 348 4620 magna
364 4553 396 4602 sit
413 4553 580 4616 plerorumque
592 4549 733 4600 victualium
751 4552 862 4615 penuria.
892 4550 975 4613 Quare
993 4568 1042 4601 non
1061 4557 1106 4609 est,
1125 4558 1154 4602 nt
1171 4551 1293 4601 nonnullis
1311 4549 1420 4614 privatis,

75 4630 121 4674 eat
139 4626 184 4673 toti
196 4624 306 4683 wholae,
324 4626 374 4674 eive
387 4636 532 4674 mcanorum
545 4622 720 4680 commentae,
737 4629 766 4672 nt
784 4624 876 4682 scribis,
896 4623 1031 4680 consulam,
1049 4624 1094 4673 sed
1110 4637 1168 4673 mea
1185 4623 1291 4672 infantia
1308 4621 1335 4669 in
1352 4620 1420 4669 hicce

74 4695 182 4747 nibus
198 4712 251 4748 non
266 4697 334 4754 sinit.
352 4710 416 4761 quae
433 4693 550 4758 postulas.
588 4692 694 4744 Obsecro
712 4708 779 4759 ergo,
798 4701 826 4744 ut
845 4708 877 4746 ee
892 4709 942 4745 non
960 4693 1099 4754 offendaris,
1117 4694 1162 4745 sed
1179 4695 1230 4744 ista
1247 4694 1278 4743 ab
1296 4691 1359 4749 aliia,
1378 4690 1420 4755 qui

76 4767 170 4836 ,efflei
185 4770 268 4836 magia
285 4773 356 4826 mat,
375 4773 476 4834 expetas
493 4767 556 4816 seire
573 4763 618 4815 doc.
