3366 5482
748 298 908 348 Prooemium.
1441 299 1505 366 499

151 453 186 512 de
210 452 312 513 muudi
338 454 563 535 hypothesibus,
589 474 664 534 quae
689 475 743 516 nos
768 476 859 536 supra
883 460 927 536 (p.
953 455 1033 530 228)
1059 458 1253 532 exhibuimus,
1289 458 1353 518 adit
1377 468 1501 521 senten·

150 540 222 600 tiam
258 541 379 621 Kepieri
421 543 457 602 de
491 544 589 620 spatio
624 543 701 604 inter
725 544 887 606 Saturnum
926 558 957 606 et
989 550 1064 607 tinus
1097 547 1242 607 immenso
1277 545 1392 618 (Steiia
1425 567 1503 608 nora

150 648 216 707 cap.
241 629 346 702 XVI.)
373 642 404 690 et
426 633 575 708 permulta
599 633 672 704 aha,
705 652 781 711 quae
805 633 953 712 Kepierus
983 636 1011 694 in
1038 635 1111 695 libro
1136 654 1188 695 suo
1214 642 1267 694 aut
1290 633 1380 695 verbo
1406 638 1504 714 tangit

149 726 200 777 ant
224 718 359 795 pluribus
385 719 514 796 inquirit,
539 739 672 799 quaeque
698 721 725 780 in
752 721 1000 800 ,Responsione“
1027 743 1081 782 sua
1101 723 1180 800 jocis
1204 724 1250 784 vei
1276 724 1354 782 serio
1379 724 1500 785 refutat.

149 804 225 865 Hinc
256 808 367 866 transit
390 806 552 866 Roeslinus
583 808 620 867 ad
650 809 833 887 astrologica
862 811 1100 889 sententiamque
1131 830 1215 870 suam
1249 812 1285 870 de
1319 821 1501 872 cometarum

149 893 416 972 significationibus
441 896 586 973 exemplis
602 915 638 954 ex
659 897 783 958 historia
799 898 944 959 desumtis
959 899 1118 959 defendere
1134 910 1269 970 conatur,
1294 918 1397 978 eaque,
1424 919 1500 979 quae

148 981 298 1059 Kepierus
333 982 398 1043 ioco
427 983 521 1043 citato
552 987 632 1063 (cap.
660 986 777 1057 XXX.)
810 997 915 1047 contra
943 987 1019 1047 hauc
1050 987 1232 1047 sententiam
1270 988 1373 1057 affert,
1412 1006 1501 1066 aegre

150 1071 249 1130 ferens
284 1071 363 1130 iliius
392 1071 480 1148 joca,
520 1073 679 1132 refutanda
712 1075 898 1150 aggrediturh
923 1076 951 1134 iu
986 1077 1084 1152 capite
1120 1075 1175 1146 V.,
1213 1075 1291 1153 quod
1324 1075 1500 1154 inscripsit:

148 1158 339 1238 Rejutotion
369 1159 430 1218 end
461 1159 681 1241 ti'idertepunp
708 1162 833 1234 descen,
866 1183 900 1223 so
933 1163 1022 1223 Here
1044 1163 1173 1224 Johann
1191 1161 1374 1243 Kepplerue
1396 1163 1500 1245 Kays.

148 1246 275 1328 Majeet.
298 1247 541 1308 Mathematicus
564 1250 663 1310 irridet
681 1252 762 1310 necin
779 1250 987 1312 Schreiben
970 1272 1027 1312 zon
1051 1251 1111 1311 den
1127 1250 1270 1313 Cometen
1288 1271 1344 1312 vor
1358 1246 1403 1311 10
1417 1250 1501 1313 Joh-

146 1356 204 1396 ren
231 1356 426 1415 auogonpen,
459 1337 598 1417 einpefir'l
596 1346 636 1398 ert
669 1338 703 1398 e‘n
735 1340 851 1399 oeinem
876 1338 1044 1399 Schreiben
1073 1360 1141 1399 vom
1172 1359 1277 1400 nemen
1310 1338 1404 1400 Stern
1432 1340 1503 1400 dees

148 1418 251 1483 1601.
277 1424 379 1484 Jahre
437 1424 573 1498 Libr,um
608 1445 695 1503 quem
723 1427 796 1486 dicit
820 1427 981 1487 Roeslinus
1011 1436 1080 1488 ante
1116 1424 1153 1488 10
1183 1445 1276 1487 annos
1291 1416 1393 1505 (ergo
1424 1446 1501 1488 anno

152 1508 252 1583 1599)
282 1512 431 1589 pubiicij
436 1513 495 1572 uris
527 1516 650 1587 tactum,
686 1514 796 1574 nulium
825 1515 1087 1592 deprehendimus
1121 1534 1215 1594 eaque
1247 1533 1322 1592 quae
1354 1515 1502 1594 Kepierus
1547 1556 1552 1561 -

147 1598 365 1677 objurgarerat
393 1533 537 1661 Rhesum
571 1602 723 1679 pertinent
757 1602 794 1662 ad
828 1603 906 1663 iliius
940 1602 1045 1663 librum
1080 1621 1156 1662 auno
1191 1601 1273 1663 1597
1303 1604 1501 1680 (Argentor.)

145 1688 175 1746 in
209 1687 360 1765 pubiicum
384 1689 540 1761 emissum,
575 1709 660 1768 quern
691 1691 858 1768 inscripsit:
905 1690 1114 1752 Tractatum
1142 1689 1501 1771 Meteorootrolopi-

143 1776 345 1856 physicus,
377 1778 437 1837 doe
459 1778 519 1848 iot,
544 1799 620 1838 occos
642 1779 805 1858 richtipem
829 1779 923 1855 Lens
942 1780 999 1840 der
1024 1779 1176 1850 Conmten,
1201 1776 1502 1840 Znaomrnentench·

145 1871 221 1943 herig
245 1864 304 1924 der
328 1862 492 1935 Pinnetem
517 1865 645 1926 etticher
668 1866 795 1927 Hermen
827 1867 1035 1938 Notiee'tdten,
1069 1866 1246 1928 notiirtiche
1275 1867 1503 1948 Vermiitun'pen

145 1952 209 2013 ond
232 1950 283 2011 ein
310 1952 511 2035 Wee'seupunp
539 1974 596 2014 uon
621 1955 883 2036 t'en'r'nderunpeu
905 1956 962 2016 der
986 1955 1188 2035 Regimenten
1214 1957 1247 2016 ia
1271 1956 1502 2036 Kdnigreicheu

146 2040 210 2101 ond
232 2039 516 2103 incarnacionem
545 2043 602 2102 der
630 2041 704 2103 Welt
726 2043 788 2103 und
809 2043 931 2104 andern
953 2043 1115 2123 roichte‘Jen
1133 2046 1190 2118 de.
1212 2042 1350 2117 Sochen,
1381 2063 1416 2104 eo
1435 2043 1503 2105 sich

148 2174 204 2190 ...
227 2148 286 2190 con
300 2128 378 2210 J'etet
400 2150 443 2190 on
466 2131 529 2191 hies
553 2126 646 2190 1601
669 2133 797 2210 hepehen
819 2133 956 2202 uuerden,
982 2132 1052 2190 item
1069 2132 1107 2191 ad
1123 2128 1194 2191 iliud
1219 2131 1296 2210 quod
1312 2150 1403 2210 supra
1418 2131 1498 2191 dixi-

149 2236 215 2277 mus
239 2215 491 2293 ,Jnciez‘unrp
540 2219 605 2278 Hoc
631 2218 820 2289 ,Judiciunr‘
851 2219 985 2279 defendit
1012 2218 1174 2279 Roestinus
1198 2238 1264 2299 cap.
1290 2219 1362 2279 VL:
1396 2218 1501 2300 Resu-
1545 2225 1552 2233 '

146 2306 226 2367 tatio
251 2305 313 2365 und
345 2303 563 2386 Widerlepuup
587 2308 710 2374 deenen,
741 2327 775 2367 ao
799 2307 888 2368 Herr
905 2306 1086 2389 Keppleena
1108 2307 1207 2368 wider
1227 2308 1310 2367 mein
1334 2306 1504 2368 Schreiben
1615 2326 1617 2329 ·

148 2414 216 2455 nom
253 2413 359 2454 neuen
396 2392 490 2455 Stet-n
530 2396 586 2455 dec
624 2391 723 2455 1604.
758 2396 859 2456 Jnhrs
896 2416 1106 2476 aneepongen,
1145 2396 1331 2476 eingese‘thrt.
1387 2395 1502 2455 Deinde

150 2483 251 2559 capite
280 2482 365 2541 tlh:
391 2483 468 2543 Des
492 2483 544 2543 die
568 2481 750 2563 Astrolopio
773 2485 824 2544 ein
846 2485 949 2545 rechte
972 2482 1148 2544 nuttirtiche
1171 2484 1231 2545 erud
1255 2483 1364 2545 Gottee
1393 2482 1504 2545 Werck

142 2570 312 2650 ‘preieende
335 2570 440 2631 Konet
470 2591 538 2652 eey,
570 2573 669 2632 em'der
698 2571 790 2632 Joon
817 2571 935 2633 Picum
957 2570 1237 2644 Mirondntnnmn,
1271 2571 1334 2633 ind
1363 2572 1424 2632 due
1451 2571 1503 2631 die

148 2656 374 2738 Ausstheilnnp
409 2659 464 2718 deo
496 2659 699 2720 Himneels'
688 2681 720 2720 ιιι
751 2661 836 2720 aeine
866 2661 989 2740 prodas
1019 2661 1082 2722 end
1110 2658 1153 2719 12
1176 2659 1313 2722 Zee'chen
1344 2657 1504 2721 nothrtich

150 2747 255 2808 ond
237 2767 296 2808 zon
321 2745 397 2807 Gon
420 2746 489 2807 oleo
510 2749 659 2828 pecrdnet
681 2769 744 2830 acy,
767 2748 868 2809 wider
890 2748 942 2810 Jo.
967 2747 1169 2830 Kepplernm.

240 2832 326 2904 Quae
351 2834 489 2896 adhaec
513 2836 666 2914 respondit
682 2836 830 2914 Kepierus
854 2844 1015 2915 sequentes
1039 2836 1181 2896 exhibent
1204 2834 1347 2912 paginae;
1371 2834 1502 2894 eRoes-

148 2922 206 2984 lini
224 2923 326 2983 iibollo
351 2943 404 2983 nos
428 2944 465 2983 ea
489 2933 603 2985 tantum
627 2924 809 2993 addidimus,
843 2943 918 3002 quae
942 2924 1117 3001 Kepierus
1110 2943 1139 2983 m
1164 2921 1355 3000 responsione
1385 2941 1440 2981 sua
1465 2941 1502 2981 ex

150 3011 200 3073 iilo
235 3011 376 3071 addenda
408 3013 510 3072 omisit
538 3021 590 3073 aut
622 3014 712 3073 verbo
740 3020 855 3073 tanum
887 3013 1046 3090 significat.
1093 3011 1255 3071 Roeslinus
1285 3009 1403 3087 quidem
1444 3010 1501 3071 ob·

148 3100 274 3167 mutuit,
307 3109 351 3172 et,
386 3101 492 3162 meiius
520 3119 554 3161 se
582 3110 735 3161 versatum
764 3100 938 3161 existimaus
967 3100 994 3160 in
1018 3096 1258 3177 chronologicis,
1290 3097 1406 3157 biennio
1432 3105 1503 3176 post

148 3187 355 3269 quaestionem
389 3196 506 3250 tanturn
540 3208 661 3249 movens
702 3191 737 3249 de
771 3189 981 3249 observatione
1017 3188 1201 3248 Batavorum
1237 3185 1267 3246 iu
1297 3187 1501 3264 septentrione

149 3276 233 3351 (vide
267 3295 357 3358 supra
391 3285 422 3338 et
454 3276 594 3355 Opticam
622 3277 774 3356 Kepieri),
817 3277 844 3336 in
878 3277 936 3337 atio
967 3276 1054 3349 libro,
1093 3269 1178 3354 quern
1214 3273 1386 3351 inscripsit:
1425 3275 1500 3334 Pro-

150 3366 271 3427 dromus
296 3365 543 3426 dissertationum
558 3365 869 3444 cosmographioarum
894 3367 964 3435 tro,
987 3365 1126 3425 Francot'.
1155 3358 1245 3445 [612.
1291 3361 1501 3439 Kepierisen-
1561 3390 1564 3396 ·

148 3453 275 3515 tentiam
301 3452 337 3513 de
362 3472 439 3513 auno
461 3450 574 3515 Christi
599 3453 737 3514 natalitio
763 3473 925 3531 aggressus
950 3462 1006 3514 est.
1055 3451 1140 3521 Quae
1165 3451 1192 3511 in
1218 3451 1273 3521 hoc
1297 3450 1408 3528 scripto
1427 3468 1501 3527 pro·

152 3541 257 3603 tulerit
294 3540 470 3609 Roeslinus,
513 3562 550 3602 ea
583 3543 720 3620 leguntur
754 3542 831 3602 iuter
861 3541 979 3619 ‚scripta
1011 3539 1133 3618 Kepieri
1167 3537 1392 3616 chronologioa;
1427 3538 1500 3598 haec

150 3638 270 3691 tautum
294 3646 391 3706 pauca
420 3648 457 3689 ex
481 3630 531 3690 iilo
556 3630 739 3690 desumenda
768 3630 950 3696 censuimus,
985 3648 1000 3688 e
1026 3629 1131 3707 quibus
1156 3634 1296 3705 apparet,
1329 3644 1386 3686 non
1411 3643 1501 3702 aegre
1571 3693 1576 3699 ¹

148 3719 256 3780 tulisse
280 3716 456 3778 Roeslinum
484 3719 606 3797 Kepieri
641 3717 936 3796 „Responsionem“:
967 3716 1042 3776 Denr
1073 3716 1219 3793 Kepiero‚
1254 3713 1379 3773 meiuem
1411 3721 1501 3791 guten

149 3806 285 3870 Freuudt
312 3806 371 3866 und
395 3806 588 3867 Landsmanu
620 3807 669 3884 gib
699 3806 745 3866 ioh
779 3813 864 3865 sonst
893 3805 920 3865 iu
950 3806 1027 3865 allen
1058 3802 1330 3863 Mathematischen
1361 3801 1501 3862 Khnsten

149 3912 200 3956 vor
224 3895 306 3955 aileu
327 3891 491 3955 Geiehrten
526 3896 553 3955 in
579 3895 632 3955 der
655 3894 740 3954 Welt
762 3896 893 3972 palmam
921 3893 980 3953 md
1005 3893 1060 3952 den
1086 3891 1210 3971 Preyss,
1249 3889 1307 3950 rud
1340 3907 1384 3957 uo
1408 3908 1440 3950 er
1472 3890 1501 3950 in

149 3983 287 4063 Physicis
315 3983 375 4042 vnd
404 3982 536 4044 anchin
562 3981 789 4060 Chrouologicis
818 3982 1014 4059 zugetroffen‚
1045 3979 1080 4057 ja
1108 3986 1204 4039 etwan
1233 3977 1501 4056 wahrgenommen,

148 4072 221 4132 dass
260 4071 307 4131 ich
335 4071 500 4150 vbersehen
539 4073 592 4131 het
622 4073 688 4144 hc,
724 4072 778 4130 das
810 4070 916 4129 nimme
945 4069 991 4130 ich
1023 4068 1099 4128 alies
1128 4067 1181 4127 mit
1209 4067 1366 4126 sonderem
1395 4065 1501 4126 Danck

148 4177 206 4221 von
226 4158 291 4237 jhm
317 4177 389 4218 an
410 4143 537 4231 Deinde,
563 4178 708 4238 quaereus
733 4159 768 4218 da
793 4158 980 4236 planetarum
1005 4155 1135 4223 orbibus,
1160 4154 1262 4215 addit:
1287 4153 1356 4213 Kau
1381 4172 1413 4214 er
1436 4152 1500 4213 sol·
1535 4169 1538 4172 ’

148 4248 220 4309 ches
250 4249 309 4308 obn
334 4246 490 4324 gelhehter
514 4248 596 4308 nicht
620 4247 773 4308 berichten
800 4250 847 4316 (er
870 4265 952 4306 muss
977 4243 1052 4304 docir
1077 4243 1141 4302 sein
1157 4240 1289 4303 Weiss'
1282 4260 1321 4302 ιιιι
1337 4240 1501 4302 Schreiben

145 4337 207 4398 und
219 4335 404 4397 Vexieren
397 4355 502 4397 rmmer
525 4335 652 4409 haben),
678 4335 734 4413 ligt
758 4334 840 4396 nicht
859 4354 907 4406 au,
931 4332 979 4393 ich
994 4330 1092 4393 kan
1067 4350 1113 4391 em
1129 4329 1207 4409 Spot
1222 4330 1277 4392 noi
1292 4336 1441 4408 entragen.
