3366 5482
159 207 905 338 64..‚m

159 450 274 495 rursum
304 433 411 495 stellae
439 434 469 496 A
491 432 649 495 maximam
677 439 710 494 et
738 432 890 495 minimam
913 431 1111 495 altitudinem.
1157 432 1290 494 Necesse
1318 432 1411 512 igitur
1433 430 1500 506 tuit,

159 522 186 583 iu
210 521 340 583 maxima
362 521 518 584 altitudine
540 521 694 601 provenire
719 541 820 584 arcum
842 521 910 596 AB,
936 521 984 601 qni
1007 520 1104 602 major
1126 521 1217 583 debet
1235 540 1302 583 esse
1322 538 1411 601 quam
1430 518 1501 594 Ax,

158 610 184 671 si
207 628 277 672 vere
301 611 464 691 amplitudo
488 610 566 672 orbis
589 609 706 672 ELDM
729 622 778 672 est
808 610 959 672 sensibilis
991 611 1069 672 inter
1099 611 1185 672 fixas.
1237 608 1366 673 Collatis
1395 608 1502 671 obser·

159 698 327 761 uationibus
350 699 580 780 deprehendisse
602 698 723 775 videor,
748 700 825 780 quod
849 699 1018 761 differentia
1040 718 1175 775 arcuum,
1200 719 1275 780 quae
1299 708 1347 761 est
1369 697 1436 773 KB,
1459 697 1503 758 sit

159 784 200 852 33
231 793 291 850 l‘cre
321 787 522 868 scrupulorum
553 809 571 849 a
598 783 638 850 4⁰
654 787 741 864 Yad
763 784 861 862 Poe,
891 789 1087 868 quadrantem
1116 789 1228 851 circuli.
1274 788 1360 871 llnde
1389 805 1500 866 seque-

159 888 252 953 retur,
282 878 499 958 proportionem
531 877 603 939 coeli
627 878 780 940 terrestris
808 878 872 938 sire
896 878 960 957 ejus
984 877 1121 939 diametri
1148 878 1188 939 ad
1217 878 1394 940 diametrum
1421 876 1501 937 fixa-

160 985 223 1028 rum
252 986 319 1028 esse
351 975 385 1028 ut
411 965 496 1028 unius
520 966 557 1027 ad
583 962 654 1031 100.
701 967 762 1031 Sed
785 966 926 1041 videor,
964 966 1101 1047 inquam,
1134 966 1375 1048 deprehendisse.
1419 964 1502 1028 Nam

158 1055 324 1136 hujusmodi
346 1056 529 1126 observatio,
552 1074 605 1136 per
627 1057 826 1119 instrumenta
849 1076 905 1118 non
929 1055 1094 1135 exquisita,
1120 1056 1234 1119 lubrica
1255 1064 1312 1118 est.

236 1195 266 1245 ln
292 1198 402 1262 margine
428 1198 480 1264 ipss
502 1203 606 1248 annotat
632 1196 772 1260 Keplerns:
805 1201 859 1261 jum
877 1197 942 1247 enim
968 1196 1006 1247 his
1029 1198 1087 1262 ipsis
1118 1196 1202 1248 diebus
1235 1197 1361 1249 observari
1391 1195 1501 1260 eiusdem

40 1302 51 1320 .
159 1265 246 1317 stellae
263 1266 425 1318 humilitstem
442 1268 612 1328 meridianam,
631 1276 708 1318 noctn
724 1268 749 1318 lu.
769 1266 818 1325 12,
846 1282 910 1333 quae
928 1267 1056 1318 ridebatur
1076 1268 1136 1318 mihi
1158 1269 1296 1320 coincidere
1313 1283 1370 1320 eum
1388 1267 1432 1318 tiis
1449 1265 1501 1318 Do·

159 1338 248 1389 cembti
266 1338 359 1390 habita.
395 1339 535 1405 Altrobique
562 1341 635 1405 igitur
661 1348 768 1389 ortuum
795 1346 833 1390 est
858 1341 884 1389 in
911 1339 1086 1390 observatione.
1124 1338 1221 1404 (comp.
1244 1355 1301 1390 curu
1318 1340 1357 1390 hlt
1374 1353 1419 1399 aa,
1437 1350 1503 1404 qm

158 1408 280 1474 Keplems
308 1410 419 1461 Galilaea
447 1413 600 1476 perscripsit,
635 1413 742 1461 inritans
769 1410 852 1472 hunc,
880 1418 908 1460 ut
934 1411 1040 1461 eandem
1071 1412 1264 1463 observationem
1290 1413 1316 1462 in
1342 1427 1370 1462 se
1398 1411 1504 1474 recipiat

158 1494 216 1546 pag.
234 1477 276 1538 42.
296 1489 322 1533 et
339 1484 518 1548 responsionem
536 1481 657 1546 Tyshonis
674 1483 707 1532 ad
724 1483 826 1547 Kepleri
843 1483 928 1532 necrus
947 1481 977 1532 de
993 1483 1082 1532 eadem
1099 1484 1251 1549 quaestione.
1268 1498 1325 1550 pag.
1345 1478 1402 1544 47.)

245 1589 351 1669 Itaque
378 1591 512 1670 pluribus
535 1589 791 1652 observationibus
815 1589 963 1652 dubitatio
986 1591 1081 1652 omnis
1110 1590 1295 1652 excludenda
1326 1599 1392 1666 est,
1426 1606 1502 1670 quae

160 1697 208 1740 res
236 1677 356 1761 aliquod
380 1689 497 1759 tempus
519 1680 650 1760 requirit.
675 1711 716 1720 -
741 1677 820 1741 Sunt
841 1690 873 1741 et
896 1679 948 1740 alii
970 1678 1059 1754 modi,
1083 1679 1138 1740 sed
1160 1679 1350 1743 difficiliores.

246 1765 312 1830 Hoc
334 1767 385 1830 nbi
408 1778 490 1830 certo
513 1768 673 1831 innotuerit
696 1769 748 1843 (et
769 1768 881 1836 velim,
912 1769 987 1830 alios
1019 1786 1133 1850 qnoque
1157 1776 1344 1830 astronomos
1370 1768 1401 1830 iu
1425 1768 1502 1830 hanc

159 1875 220 1918 rem
242 1856 374 1918 intentos
399 1860 495 1932 esse),
513 1858 648 1936 primum
672 1858 836 1919 retexenda
859 1857 916 1919 erit
939 1857 1079 1919 universa
1101 1857 1286 1919 astronomia
1312 1865 1345 1917 et
1371 1874 1504 1937 geogra-

159 1945 245 2025 phia,
270 1945 600 2026 demonstrandumque,
625 1946 702 2027 quod
728 1948 758 2009 in
783 1969 969 2025 φαινομηοις
991 1947 1123 2008 varietur
1150 1966 1203 2027 per
1230 1947 1307 2008 hanc
1331 1945 1460 2008 Telluris
1483 1964 1504 2007 a

160 2043 263 2096 centro
295 2035 466 2097 sensibilem
498 2035 680 2120 distantiam.
729 2036 840 2097 Postea
872 2035 1136 2119 suppeditarentur
1167 2035 1238 2097 mihi
1268 2035 1401 2097 rationes
1423 2034 1502 2117 phy-

160 2123 242 2184 sicae
266 2122 303 2185 de
327 2125 426 2185 causis
449 2123 534 2204 hujus
563 2123 782 2204 proportionis;
809 2124 890 2203 prins
917 2124 995 2186 euim
1021 2134 1142 2203 oportet
1163 2147 1197 2186 so
1220 2119 1265 2186 das
1287 2133 1436 2200 constare,
1465 2141 1504 2186 cx

160 2229 217 2292 qno
241 2233 276 2273 ro
299 2217 371 2273 deora
394 2213 566 2275 deducatur.
594 2215 693 2294 Atque
718 2221 787 2274 tunc
810 2232 857 2274 me
880 2213 1068 2291 accingerem
1091 2214 1130 2275 ad
1149 2223 1318 2294 susceptam
1332 2213 1501 2275 materiam.

248 2298 338 2371 Quod
369 2309 469 2363 antem
496 2303 586 2363 etiam
613 2321 651 2362 ex
673 2300 788 2362 ratione
813 2310 966 2363 veotomm
999 2310 1031 2362 et
1053 2312 1151 2364 motus
1173 2304 1298 2365 marium
1320 2301 1427 2364 deduci
1449 2319 1502 2363 sr-

160 2398 303 2472 gumeota
338 2390 493 2452 existimas
530 2410 582 2471 pro
613 2398 694 2453 motu
724 2390 864 2465 Telluris,
903 2390 1038 2471 equidem
1066 2403 1098 2453 et
1125 2410 1181 2472 ego
1211 2392 1369 2454 nonnullas
1396 2391 1502 2455 namn

160 2498 256 2542 rerum
280 2472 477 2559 cogitationes
501 2480 609 2554 habeo;
638 2489 669 2543 et
696 2498 762 2541 cum
792 2499 885 2560 nuper
908 2478 1114 2554 Galilaens,
1144 2480 1308 2543 Patavinus
1330 2480 1502 2542 mathema-

160 2569 247 2644 ticos,
270 2568 301 2629 in
325 2569 419 2631 literis
443 2570 482 2631 ad
504 2588 549 2631 me
573 2569 692 2650 scriptis
716 2571 758 2641 (v.
783 2588 853 2649 pag.
877 2564 935 2644 40)
959 2577 1092 2631 testatus
1119 2579 1219 2644 esset,
1248 2589 1281 2632 se
1309 2569 1502 2649 plurimamm

162 2677 258 2720 rerum
287 2658 466 2721 naturalium
495 2678 601 2721 causas
633 2677 671 2720 ex
702 2658 916 2740 hypothesibus
948 2656 1105 2739 Coperuici
1137 2659 1303 2721 rectissime
1331 2657 1502 2731 deduxisse,

161 2766 235 2828 quas
258 2747 310 2808 alii
332 2747 456 2809 reddere
480 2767 517 2810 ex
538 2747 658 2810 usitatis
681 2747 894 2827 nonpossint,
919 2767 1013 2828 neque
1036 2756 1138 2809 tamen
1162 2748 1191 2809 in
1216 2747 1316 2829 specie
1340 2747 1502 2829 quidquam

160 2845 412 2911 commemoraret,
427 2855 483 2917 ego
498 2837 553 2899 hoc
577 2837 613 2898 de
636 2836 726 2900 maris
751 2837 830 2898 flnxn
853 2837 1023 2916 suspicatus
1047 2856 1122 2898 sum.
1160 2836 1222 2900 Sed
1243 2845 1354 2910 tamen,
1372 2836 1424 2898 nbi
1438 2852 1501 2898 rem

161 2925 333 3006 diligentius
355 2926 515 3005 perpendo,
539 2945 596 2988 non
619 2927 752 2987 videmur
775 2945 794 2986 a
817 2925 904 2988 Luna
926 2925 1080 2988 discedere
1103 2926 1227 3003 debere,
1252 2925 1350 3006 quoad
1369 2924 1503 2989 rationes

156 3016 291 3078 fluxuum
321 3033 359 3076 ex
387 3035 424 3077 ea
452 3015 595 3077 deducere
624 3015 763 3095 quimus:
791 3015 869 3096 qnod
898 3015 1014 3095 quidem
1042 3015 1105 3076 deri
1132 3034 1223 3097 posse
1246 3015 1396 3077 existimo.
1442 3011 1502 3086 Qut

160 3104 238 3165 enim
260 3097 486 3168 Terrae'motui
508 3103 613 3167 tribuit
635 3112 746 3167 motum
769 3104 913 3177 marium,
937 3122 1016 3164 mere
1047 3104 1209 3167 violentum
1238 3114 1349 3167 motum
1373 3102 1503 3178 statuitt

161 3202 194 3254 at
216 3193 265 3273 qui
287 3193 391 3254 Lunae
415 3193 509 3256 maria
524 3193 603 3271 ,dicit
625 3194 849 3266 adhaerescere,
873 3211 910 3255 ex
932 3201 1019 3273 parte
1042 3194 1210 3256 naturalem
1233 3194 1315 3256 facit.
1541 3193 1547 3213 ⁹

248 3280 337 3353 Quod
369 3284 405 3345 de
434 3283 527 3345 Phil.
551 3282 806 3363 Landspergio
836 3281 956 3355 scribis,
987 3282 1018 3343 id
1050 3291 1121 3344 ante
1150 3283 1248 3362 ipsum
1279 3282 1503 3344 Reiomarus

161 3371 279 3435 Ursus
303 3371 392 3455 iecit:
417 3373 492 3433 fixas
516 3373 683 3453 quiescere,
721 3372 831 3434 Terrae
855 3379 990 3433 centrum
1014 3371 1180 3452 quiescere,
1210 3372 1396 3452 superficiem
1423 3371 1505 3434 circa

162 3471 313 3537 centrum,
343 3469 375 3523 ct
402 3460 503 3524 Solem
527 3462 590 3542 (qui
614 3468 747 3523 centrum
770 3461 811 3522 sit
834 3459 962 3522 omnium
986 3458 1005 3523 5
1033 3462 1235 3541 planetarum)
1268 3461 1348 3524 circa
1379 3461 1505 3524 Terram

162 3550 349 3613 circumduci.
395 3550 478 3612 Idem
501 3551 562 3612 fere
585 3550 753 3630 Maginus
776 3549 805 3611 in
823 3549 914 3611 ltalia
936 3549 1018 3623 lecit,
1041 3551 1177 3632 quamvis
1201 3560 1233 3614 et
1246 3549 1504 3613 circumferentiae

162 3639 242 3720 globi
275 3639 384 3702 Terrae
416 3648 528 3702 motum
561 3639 598 3701 ad
627 3640 700 3700 lixas
728 3640 900 3702 transierat.
954 3638 1051 3713 Idem,
1088 3641 1143 3702 sed
1172 3639 1376 3721 philosophice
1406 3638 1506 3721 magis

162 3747 251 3811 quam
274 3730 490 3802 astronomica,
513 3728 709 3790 Roesliuus
733 3729 761 3790 iu
786 3727 923 3802 Alsntia,
948 3727 1027 3789 idem
1050 3729 1171 3809 Tycho
1194 3729 1312 3791 Brahe
1339 3729 1371 3790 iu
1394 3728 1505 3802 Daniu.

162 3818 210 3899 qni
232 3818 343 3897 primus
366 3819 498 3891 videtur,
520 3817 708 3898 praestitere.
755 3816 896 3879 Summa:
923 3815 1103 3898 hypotheses
1131 3837 1188 3879 nou
1218 3837 1313 3880 novae
1336 3826 1422 3892 sunt,
1448 3814 1505 3881 sed

163 3908 259 3969 forma
280 3925 373 3981 nova;
397 3906 509 3969 mixtae
532 3927 574 3969 sc.
600 3915 669 3968 sunt
691 3926 728 3969 ex
751 3906 881 3985 antiquis
903 3913 936 3966 et
957 3905 1042 3967 novis
1064 3904 1231 3987 Copornici.
1277 3905 1342 3986 Ego
1369 3924 1442 3969 vero
1461 3905 1505 3969 siu

163 4014 286 4059 censeo:
319 4015 385 4058 com
417 3996 579 4059 astronomi
610 3996 781 4058 sacerdotes
818 3994 875 4055 Dei
913 3994 1050 4057 altissimi
1088 4015 1125 4056 ex
1154 4004 1240 4076 parte
1272 3995 1341 4058 libri
1377 4003 1504 4059 naturae

166 4086 267 4161 simus,
290 4086 395 4147 decere
418 4105 475 4147 non
499 4084 609 4164 ingenii
632 4084 758 4160 laudem,
782 4084 835 4145 sed
859 4080 1012 4146 creatoris
1035 4085 1192 4166 praecipue
1216 4084 1335 4147 laudem
1353 4093 1504 4166 spectore.

166 4172 225 4245 Qui
247 4175 302 4236 hoc
325 4174 383 4236 sibi
405 4193 579 4254 persuasum
602 4174 702 4243 habet,
726 4174 752 4234 is
771 4193 828 4235 non
849 4172 935 4234 facile
950 4173 1030 4235 aliud
1050 4174 1207 4255 quidquam
1225 4173 1255 4235 in
1273 4173 1369 4235 lucem
1383 4172 1505 4250 emittit,

167 4282 254 4344 quam
277 4283 376 4325 secum
399 4264 462 4342 ipse
485 4264 588 4338 credit,
608 4283 663 4325 uec
685 4272 795 4325 temere
815 4262 884 4342 quid
906 4263 935 4323 in
959 4262 1173 4344 hypothesibus
1195 4270 1301 4337 motat,
1316 4263 1375 4325 nisi
1392 4261 1507 4328 certius

167 4353 286 4415 exiliis
308 4352 511 4434 phaenomena
534 4353 729 4415 demonstrari
752 4370 840 4432 posse
868 4362 986 4431 speret;
1015 4370 1069 4414 uec
1101 4352 1222 4415 nimium
1251 4352 1421 4429 desiderat,
1451 4351 1507 4416 ills

166 4461 276 4524 magua
297 4440 420 4516 lumina,
444 4442 647 4506 Ptolemaeum
671 4450 703 4502 et
726 4440 920 4521 Copernicum
943 4441 1011 4510 duc..
1040 4439 1221 4503 inventionis
1242 4441 1338 4523 gloria
1359 4459 1504 4524 praever-

165 4542 240 4595 tere.
285 4531 386 4611 Atque
410 4530 500 4593 etiam
522 4531 610 4606 mihi,
630 4531 677 4593 cni
698 4529 928 4610 persuasissima
949 4537 996 4591 est
1019 4526 1176 4608 (lopemici
1203 4529 1367 4608 sententia,
1399 4529 1526 4613 religio·

166 4630 214 4701 est
243 4621 323 4683 aliud
345 4638 523 4700 proponere,
555 4619 605 4682 vel
627 4620 657 4682 in
680 4620 797 4682 laudem
819 4617 944 4698 ingenii,
973 4618 1023 4680 vel
1050 4618 1089 4679 ad
1111 4619 1239 4701 gratiam
1261 4618 1427 4696 homiuum,
1455 4616 1505 4701 qtd

167 4711 353 4773 absurditate
376 4711 542 4773 sententiae
565 4708 682 4790 plurimi
705 4710 899 4771 offenduntur.
945 4706 1064 4770 Sufficit
1091 4708 1165 4772 haec
1187 4707 1297 4789 gloria,
1325 4727 1418 4791 posse
1441 4705 1505 4773 Co-

166 4799 301 4881 pernico,
332 4798 372 4869 ud
397 4817 537 4885 maguam
561 4816 654 4881 ‚aram
684 4817 773 4862 sacra
804 4795 944 4872 facienti,
979 4803 1087 4877 portas
1112 4799 1217 4880 templi
1242 4816 1311 4862 moa
1331 4797 1504 4864 intendunt
