3366 5482
159 246 226 314 268
705 246 828 313 ΛΜΨ*
845 246 969 309 mahom·

160 404 377 470 demonstratio
399 405 490 484 plane
513 405 586 467 nihil
612 405 674 466 tale
699 405 826 467 redolet.
873 404 952 467 Nam
976 413 1007 466 et
1030 404 1156 466 liberum
1175 403 1357 467 astronomis
1380 398 1523 482 relinquit

159 496 223 558 sive
248 494 439 557 concentrico
464 513 530 555 cum
555 493 690 576 epicyclo
713 494 809 554 velint
832 494 875 562 uti
899 494 930 555 in
954 493 1090 555 omuibus
1114 493 1256 572 quinque,
1291 492 1342 573 qui
1372 491 1522 553 stationes

161 585 284 659 iaciunt,
309 584 374 645 sive
389 583 558 644 eccentrico
574 583 602 644 iu
627 584 723 644 tribus
747 583 965 662 superioribus;
999 590 1031 644 et
1053 582 1128 643 nihil
1151 582 1195 642 illi
1220 601 1310 643 curae
1335 589 1385 643 est
1408 578 1522 641 orbium

159 674 344 737 diversorum
368 690 462 733 causa
485 672 561 732 situs
586 673 633 732 vel
656 672 872 752 magnitudinis
901 681 1005 733 mutua
1034 672 1231 750 comparatio.
1278 670 1424 749 Respicit
1446 667 1522 729 enim

159 763 225 843 ejus
249 761 469 823 demonstratio
498 780 587 821 unum
611 762 708 822 solnm
735 763 906 841 planetam,
941 780 1066 840 eumque
1096 780 1154 820 non
1178 761 1283 831 aliter,
1316 759 1375 821 nisi
1400 763 1523 838 propter

159 852 278 913 unicum
302 849 467 911 stationum
491 856 522 909 et
545 869 735 928 regressuum
759 871 945 927 patronem.
993 851 1061 911 Non
1086 858 1133 910 est
1157 850 1248 927 igitur
1262 847 1422 927 Apollonii
1450 863 1522 925 pro·

158 940 259 1002 blema
290 958 345 1018 pro
377 938 594 1020 hypothesibus
623 939 834 1000 astronomicis
867 939 1047 1000 habendum.
1097 939 1202 1011 Adde,
1237 939 1315 1018 quod
1340 956 1378 997 ne
1403 936 1523 1016 quidem

160 1030 198 1091 ad
227 1029 314 1089 unius
346 1027 487 1106 planetae
516 1036 615 1088 motus
646 1028 897 1089 demonstrandos
930 1028 1115 1089 sufficientes
1149 1027 1295 1087 assumsit
1326 1024 1522 1107 hypotheses,

160 1136 228 1178 cum
250 1135 317 1178 eam
340 1124 439 1177 motus
463 1117 724 1196 inaequalitatem,
761 1135 836 1198 quae
861 1118 899 1177 ad
924 1117 1051 1178 eundem
1074 1116 1191 1178 zodiaci
1215 1117 1313 1177 locum
1342 1114 1523 1182 restituitur,

160 1207 197 1267 de
221 1205 370 1266 industria
392 1204 583 1285 praeteriret.
632 1204 699 1276 Quo
714 1206 906 1266 manifestum
930 1206 1012 1277 iecit,
1037 1205 1110 1266 nihil
1125 1206 1205 1266 alind
1225 1225 1258 1266 se
1274 1222 1421 1284 quaerere
1437 1220 1523 1282 qnam

159 1294 375 1374 geometricam
400 1294 600 1354 conclusionis
624 1314 662 1355 ex
686 1296 830 1356 assumtis
854 1296 1000 1356 deductae
1017 1294 1238 1368 certitudinem,
1263 1312 1340 1373 qnae
1356 1291 1523 1353 vehemen-

159 1392 207 1445 ter
230 1383 402 1461 ingeniosos
426 1384 682 1462 contemplatores
707 1384 858 1445 delectare
884 1384 973 1445 solet.

248 1471 318 1532 Jam
342 1482 375 1533 ut
389 1473 598 1544 concedamus,
623 1491 677 1550 pro
701 1472 918 1553 hypothesibus
934 1473 1027 1552 justis
1042 1471 1182 1532 habenda
1197 1470 1410 1531 demonstrata
1426 1467 1521 1548 Apol-

159 1559 241 1635 lonii,
268 1560 346 1641 qnod
361 1562 432 1640 ,jam
455 1561 618 1622 refutatum
643 1570 699 1635 est,
726 1562 881 1622 desumtas
906 1570 1005 1623 tamen
1031 1569 1084 1621 aut
1097 1559 1302 1639 transpositas
1326 1578 1365 1618 ex
1381 1558 1522 1620 Aristar-

159 1649 284 1724 chianis‚
301 1649 367 1728 qnis
379 1650 458 1712 Urso
473 1650 598 1711 credet?
622 1649 744 1711 Etenim
760 1670 869 1729 magna
883 1650 1101 1729 probabilitate
1116 1648 1282 1720 contendit,
1299 1647 1348 1708 vel
1364 1647 1521 1726 ignoratas

159 1740 207 1799 vel
223 1758 280 1799 non
296 1738 469 1800 intellectas
486 1758 553 1800 esse
568 1739 741 1800 Aristarc-hi
758 1740 970 1818 conceptiones
985 1739 1158 1818 Apollonio.
1204 1737 1326 1798 Etenim
1350 1754 1420 1796 cnm
1435 1735 1524 1797 sciret

159 1827 350 1906 Apollonius,
376 1828 554 1908 quibusdam
577 1847 616 1888 ex
640 1828 823 1889 astronomis
847 1829 968 1907 placere
992 1828 1192 1901 eccentricos,
1224 1825 1292 1887 aliis
1316 1823 1523 1886 concentriooe

159 1934 226 1978 oum
251 1916 395 1996 epicyolo,
421 1916 577 1995 problema
600 1937 685 1978 suum
710 1917 843 1996 utrisque
868 1917 1115 1978 accommodavit.
1165 1914 1252 1986 Quod
1277 1913 1302 1975 si
1327 1914 1366 1974 de
1381 1913 1521 1974 Aristar·

161 2005 270 2067 chiana
293 1999 405 2065 Terrae
430 2006 581 2067 volutione
606 2005 756 2079 scivisset,
781 2007 871 2067 credo
887 2007 1034 2086 equidem,
1060 2024 1154 2084 aeque
1171 2005 1259 2066 facite
1281 2003 1323 2074 ad
1338 2003 1424 2064 illam
1440 2020 1522 2064 suurn

160 2093 316 2173 problema
343 2095 564 2155 conformasset
594 2115 629 2156 ac
653 2105 724 2173 post
752 2115 819 2156 eum
849 2094 1043 2173 Copernicns.
1091 2094 1225 2167 Deinde,
1260 2092 1285 2153 si
1310 2091 1522 2153 Aristarchum

161 2181 328 2260 exprimere
353 2182 516 2243 voluisset:
552 2183 621 2261 quid
652 2203 763 2262 quaeso
788 2203 862 2264 opus
893 2182 936 2245 illi
966 2184 1074 2244 fnisset
1104 2201 1255 2255 asserere,
1287 2181 1365 2261 quod
1390 2188 1522 2241 centrum

161 2269 320 2332 eccentrici
356 2270 523 2351 aequaliter
555 2291 620 2333 curn
645 2270 716 2333 Sole
749 2273 922 2334 moveatur?
969 2271 1090 2343 Quanto
1124 2272 1220 2351 majus
1254 2270 1382 2331 fecisset
1414 2287 1521 2347 operae

160 2354 380 2439 compendium,
397 2358 433 2433 si,
450 2361 527 2440 quod
544 2360 633 2421 hodie
648 2362 760 2442 lycho,
777 2363 960 2423 asseruisset
979 2361 1109 2422 omnium
1127 2362 1316 2440 planetarum
1335 2367 1445 2419 centra
1458 2375 1521 2419 esse

161 2448 191 2510 in
216 2447 298 2509 Sole.
346 2448 442 2522 Nunc,
468 2468 533 2510 cum
557 2458 679 2530 separet
702 2461 807 2512 centra
828 2453 1018 2531 planetarum
1042 2470 1061 2510 a
1083 2449 1155 2512 Sole
1179 2459 1211 2510 et
1234 2447 1432 2522 abinvicem,
1458 2463 1521 2508 cer·

162 2547 211 2598 tas
235 2544 267 2597 et
291 2558 310 2597 a
325 2537 475 2618 Tychonis
499 2537 587 2618 longe
612 2539 749 2601 diversas
773 2549 871 2600 metas
887 2540 1088 2602 exstruendae
1112 2541 1227 2601 formae
1246 2537 1418 2598 mundanae
1433 2553 1520 2614 prae-

161 2625 226 2687 fixit
252 2624 290 2687 iis
315 2626 365 2706 qui
393 2626 450 2688 hoo
473 2626 621 2690 voluerint
648 2639 814 2708 praestare.
862 2630 940 2690 Nam
970 2638 1041 2708 post
1063 2629 1152 2690 orbes
1176 2629 1280 2688 Lunae
1312 2631 1452 2707 systema
1474 2641 1521 2684 se·

162 2721 270 2794 quetur
292 2718 314 2784 b
338 2734 404 2777 cnm
428 2716 572 2796 epicyolo,
599 2737 691 2798 snpra
714 2719 791 2779 bunc
817 2717 842 2790 Q
867 2737 932 2779 cum
956 2718 1090 2799 epicyclo
1110 2715 1198 2796 louge
1223 2713 1430 2794 amplissimo:
1463 2722 1522 2774 tum

161 2803 223 2865 Sol.
270 2803 313 2865 Et
340 2804 405 2882 jam
439 2824 530 2883 supra
564 2804 667 2868 Solem
690 2808 717 2867 L
741 2808 782 2877 (si
815 2807 853 2866 ad
887 2808 1009 2867 schema
1033 2803 1062 2868 5.
1096 2804 1282 2886 respexeris)
1306 2803 1350 2876 E,
1387 2810 1519 2864 centrum

162 2892 322 2954 eccentrici
346 2900 371 2962 d
395 2901 458 2955 tam
481 2894 544 2956 alte
569 2894 720 2956 sublatum
745 2895 923 2969 circumibit,
941 2902 975 2957 nt
997 2894 1051 2956 EO
1076 2897 1169 2976 (qnae
1192 2901 1309 2955 certam
1332 2892 1428 2954 habet
1451 2909 1518 2972 pro·

159 2980 332 3060 portionem
355 2983 392 3042 ad
417 2981 485 3055 EF)
514 2985 632 3062 longior
661 2985 715 3059 sit,
746 3003 833 3063 quam
858 2984 925 3058 EF,
958 3004 995 3046 ne
1024 2985 1104 3045 orbis
1133 2983 1215 3045 Solis
1244 2981 1406 3061 aliquando
1432 2978 1519 3042 Marti

148 3079 289 3150 cogatur
316 3071 478 3150 hospitium
502 3073 663 3152 praebere,
698 3074 775 3155 qnod
805 3073 941 3135 omnibus
971 3074 1030 3135 illis
1060 3072 1246 3152 impossibile
1274 3071 1370 3132 videri
1399 3086 1520 3131 necessa

160 3168 218 3232 est,
244 3160 294 3241 qui
316 3160 487 3240 palpabiles
511 3169 543 3221 et
567 3162 779 3224 adamantinos
804 3163 892 3225 orbes
915 3182 981 3224 cum
996 3162 1164 3224 Aristotele
1184 3161 1318 3222 credunt.
1365 3161 1433 3220 Hoc
1448 3159 1520 3219 enirn

125 3290 129 3296 -
159 3257 217 3323 est,
244 3250 323 3329 quod
348 3269 541 3329 permagnam
566 3251 640 3312 facit
664 3252 864 3313 differentiam
897 3251 976 3313 inter
999 3270 1086 3312 veras
1107 3249 1261 3330 Apollonii
1285 3248 1473 3329 hypotheses
1493 3253 1521 3306 et

159 3356 224 3410 eas,
250 3356 325 3416 quas
348 3339 444 3401 Ursus
469 3339 515 3400 illi
540 3340 658 3419 affingit
681 3343 762 3413 (cum
782 3341 932 3421 Tychonis
956 3342 1042 3414 sint),
1068 3340 1145 3419 quod
1171 3339 1307 3419 utrinque
1333 3336 1469 3417 quidem,
1491 3341 1521 3395 ut

159 3447 252 3507 supra
281 3428 535 3502 demonstratum,
571 3430 711 3500 stellao’
740 3430 768 3490 in
794 3429 962 3491 eccentrico
993 3426 1013 3489 2
1042 3429 1117 3490 locis
1147 3427 1272 3489 incurrit
1301 3435 1401 3487 metas
1430 3422 1519 3487 centn'

158 3516 333 3579 eccentrici:
359 3516 492 3599 Tychoui
520 3536 591 3579 vero
616 3519 740 3580 eaedem
763 3525 879 3593 metae,
915 3517 994 3580 idem
1026 3518 1154 3579 circulus
1178 3525 1227 3578 est
1258 3524 1291 3576 et
1314 3514 1397 3577 Solis
1420 3514 1517 3594 ipsius,

158 3605 260 3686 itaque
283 3614 309 3676 d
332 3605 375 3666 illi
400 3607 487 3686 longa
512 3607 592 3668 intra
616 3605 698 3669 Solis
722 3607 980 3687 propinquitatem
1009 3607 1048 3667 ad
1073 3607 1183 3667 Terras
1212 3605 1390 3666 descendit:
1425 3599 1517 3682 Apol·

160 3695 239 3756 lonio
263 3695 385 3758 minime
409 3695 457 3755 vel
482 3704 565 3757 certe
589 3714 646 3757 uon
664 3696 852 3770 necessario;
877 3696 1010 3778 Tychoni
1026 3695 1082 3756 hoc
1103 3715 1140 3755 ex
1154 3693 1418 3756 observationibus
1441 3709 1515 3753 oom-

158 3792 288 3865 pertum,
312 3783 491 3846 diversitate
515 3792 659 3863 aspectus
682 3806 747 3847 rem
770 3785 911 3847 subtilem
935 3785 1158 3865 patefaciente:
1184 3782 1348 3863 Apollonio
1364 3783 1448 3844 nulla
1468 3778 1515 3841 ob·

159 3881 302 3949 servata,
341 3873 447 3955 quibus
480 3874 664 3936 contrarium
695 3875 827 3936 evincat.
875 3872 926 3935 Sic
960 3892 1031 3954 ergo
1065 3882 1090 3942 0¹
1121 3874 1151 3934 in
1180 3871 1344 3952 Apollonio
1378 3884 1512 3951 nunqnam

158 3961 297 4026 humilior
321 3962 393 4025 Sole
416 3963 584 4042 fingendus.
756 3969 759 3975 '

247 4054 291 4116 Ut
324 4060 424 4115 autern
457 4071 494 4115 ex
518 4051 672 4132 Apollonii
701 4049 928 4113 demonstratis⁸
942 4060 1077 4113 centrum
1105 4049 1265 4111 eccentrici
1289 4048 1403 4111 Martis
1435 4060 1510 4125 snpra

161 4139 264 4204 Solem
283 4142 562 4204 circumducendum
586 4148 678 4215 osset,
704 4141 749 4202 ita
763 4139 886 4202 Satnmi
910 4148 1044 4200 centrum
1069 4139 1148 4200 inira
1166 4137 1279 4212 Solem,
1304 4137 1435 4200 omnium
1453 4146 1507 4193 vero

159 4230 249 4292 trium
276 4232 324 4293 vol
353 4230 536 4309 longissimis
567 4230 737 4292 intervallis
766 4249 857 4309 supra
882 4226 921 4305 Θ
947 4227 1102 4289 circumire
1136 4227 1209 4288 nihil
1240 4227 1411 4307 prohibeat.
1455 4219 1506 4290 0ῡο

158 4320 247 4382 modo
277 4320 359 4381 nulla
387 4329 472 4381 certa
498 4320 576 4381 ratio
610 4319 668 4381 erit
698 4318 909 4399 proportiones
933 4317 1049 4378 orbium
1082 4326 1116 4377 ut
1143 4317 1223 4397 apud
1248 4315 1457 4378 Aristarchum
1478 4312 1506 4366 ri

160 4409 330 4492 'l'yclronem
355 4407 558 4488 investigandi
581 4408 638 4470 nisi
663 4408 737 4469 haec
760 4409 857 4482 unica,
883 4426 958 4488 quae
983 4427 1002 4466 a
1025 4412 1165 4467 contactu
1189 4406 1303 4467 orbium
1328 4413 1361 4466 et
1383 4415 1504 4466 occurer-

160 4498 242 4561 tione
265 4506 370 4560 mutua
393 4497 517 4560 duorum
540 4499 731 4577 planetarum
755 4497 890 4558 cavenda
914 4494 1097 4557 desumitur:
1124 4513 1183 4573 qua
1206 4494 1324 4555 ratione
1349 4491 1422 4556 nihil
1442 4477 1504 4550 aliud
1561 4504 1563 4563 j

158 4588 286 4651 docetur
309 4604 398 4667 quam
422 4594 523 4649 certae
547 4593 662 4661 metae,
697 4587 777 4648 inira
802 4606 877 4666 quas
900 4585 1044 4664 planetae
1069 4602 1127 4644 non
1151 4584 1353 4645 descendunt:
1382 4589 1415 4643 at
1434 4585 1503 4660 qutss¹

159 4677 221 4739 alte
246 4695 338 4759 supra
361 4674 417 4738 has
440 4683 539 4738 metas
560 4671 751 4750 attollantur,
775 4673 974 4754 pervestigari
999 4673 1069 4734 hinc
1092 4671 1205 4752 nequit.

250 4766 355 4850 Usque
378 4766 454 4827 adeo
477 4783 589 4845 magna
612 4771 659 4825 est
672 4765 752 4828 inter
765 4771 922 4847 utramque
937 4761 1116 4848 hypothesin
1137 4760 1317 4838 differentis,
1342 4760 1410 4822 dnm
1427 4755 1503 4818 albert
