3366 5482
701 232 788 281 m·
805 228 903 282 nuum.
1417 225 1483 296 ddi

142 384 228 446 renio
251 379 328 460 DG,
352 386 416 449 sive
438 385 469 448 in
493 387 659 466 angustiori
683 389 740 451 KL
764 397 929 451 moveatur.
976 388 1018 451 Et
1041 389 1083 450 sit
1104 390 1134 450 Η
1157 390 1248 452 stella
1276 390 1306 450 in
1330 407 1476 469 apogaeo,

142 472 174 535 rit
197 474 302 554 itaque
321 477 429 554 juncta
451 474 525 537 Soli.
573 477 786 539 lhansleratur
810 497 976 557 apogaeum
1001 478 1125 559 ejusque
1154 480 1234 540 linea
1254 479 1321 552 ΡΗ,
1349 486 1484 541 centrum

142 581 161 626 t.
183 563 347 624 ecoentrici
370 565 416 637 N,
449 584 486 625 ex
510 583 545 626 eo
570 565 636 626 loco
661 567 689 628 io
713 567 755 639 E,
787 567 886 647 sitque
916 568 998 628 locus
1022 568 1150 647 apogaei
1174 568 1203 629 in
1228 570 1257 629 A
1286 568 1392 628 iteruin
1418 586 1484 629 cnm

142 651 219 712 trel
244 651 368 714 LSols.
415 652 515 715 Stella
538 672 608 715 vero
634 663 791 716 moveatur
815 676 834 715 a
858 657 938 717 linea
961 657 1088 735 apogaei
1113 657 1142 717 in
1163 664 1280 736 partem
1302 656 1484 718 contrariam

142 747 201 802 totu
225 742 479 815 commutationis,
505 762 542 803 ex
565 744 596 804 A
619 764 661 804 sc.
688 745 716 804 in
741 744 776 804 B.
827 745 935 816 Patet,
962 746 1038 824 quod
1064 746 1225 824 quotannis
1250 746 1312 806 fere
1336 746 1431 806 semel
1455 745 1484 806 in

142 828 294 910 origaeum
318 831 440 904 incidat,
467 832 525 892 etsi
550 852 608 892 non
633 834 669 892 ad
691 834 846 913 oppositas
863 843 968 912 partes
984 835 1098 895 zodiaci
1114 836 1236 896 evadat.
1283 832 1352 904 Qua
1366 834 1483 895 ratione

142 926 160 993 t,
184 927 221 980 ut
244 921 284 980 ad
309 938 462 981 accessum
488 920 569 982 Solis
594 922 632 982 ad
657 941 690 982 se
715 923 841 983 tollatur·
865 924 892 983 in
918 924 1022 995 altum,
1040 943 1113 984 cnm
1138 924 1304 985 decedente
1319 921 1398 984 Sole¹
1414 941 1483 983 sese

142 1009 206 1070 mul
232 1008 384 1070 demittat
430 1010 547 1070 Eadem
572 1029 642 1072 vero
658 1012 807 1092 Tychonis
830 1031 945 1092 quoqne
965 1013 1149 1092 hypotheses
1173 1012 1295 1073 habent.
1341 1010 1394 1073 Sic
1417 1030 1483 1073 cum

142 1098 302 1177 pollonius
327 1097 400 1159 dicit
422 1098 450 1158 D
474 1100 521 1160 vel
546 1100 588 1172 Κ,
612 1097 640 1159 G
665 1100 754 1160 relL
778 1099 889 1173 Solem,
914 1109 946 1160 et
970 1102 1012 1175 N,
1033 1102 1060 1161 E
1079 1109 1214 1163 centrum
1238 1100 1399 1162 ecoentrici
1416 1118 1485 1161 esse

142 1207 147 1247 ι
175 1188 286 1248 eadem
314 1187 407 1258 linea,
442 1188 544 1268 Tycho
570 1188 656 1260 dicit,
683 1190 726 1260 N,
750 1188 777 1248 Ε
801 1200 935 1250 centrum
960 1191 1119 1251 ecoentrici
1149 1210 1216 1251 esse
1249 1190 1346 1268 ipsum
1371 1187 1494 1250 Solem,

142 1275 263 1338 iccnm
287 1277 362 1336 haec
386 1275 542 1353 Apollonii
566 1277 719 1338 sententia
743 1278 839 1340 locum
864 1279 954 1340 aliter
976 1280 1087 1339 habere
1112 1297 1169 1339 non
1193 1278 1301 1357 possit,
1325 1277 1384 1339 nisi
1399 1277 1486 1356 justa

142 1373 160 1425 t
183 1365 343 1446 proportio
367 1365 419 1425 FE
444 1365 681 1426 ecoentricitatis
706 1367 744 1426 ad
768 1365 825 1427 ΕΑ
848 1367 965 1428 radium
990 1369 1121 1429 ecoentri
1146 1369 1251 1439 (aliter
1274 1367 1360 1445 justa
1382 1373 1484 1427 retro·

142 1454 334 1516 radationum
358 1453 513 1533 quantitas
537 1473 593 1515 non
619 1455 825 1528 conficietur),
854 1457 908 1516 liat
930 1457 1032 1534 ntique
1058 1458 1085 1517 in
1111 1458 1203 1518 stella
1225 1454 1352 1529 Martis,
1377 1463 1410 1516 nt
1432 1454 1486 1515 ΕΡ

142 1542 310 1605 ocentrions
341 1551 427 1604 secet
449 1541 505 1612 FQ
535 1543 677 1604 circulum
705 1564 724 1603 a
755 1555 859 1605 centro
888 1547 1048 1606 ecoentrici
1074 1545 1277 1624 descriptum:
1311 1545 1342 1605 id
1367 1543 1486 1624 quidem

142 1652 157 1695 ι
180 1632 358 1711 anteposita
382 1631 587 1710 suppositione
603 1632 757 1712 Apollonii
780 1633 904 1695 tirmiter
928 1635 1092 1696 deducitur.
1140 1634 1216 1696 Cum
1235 1634 1314 1694 enim
1328 1633 1382 1694 BT
1401 1641 1486 1694 reeta

142 1729 210 1783 ncta
235 1721 277 1782 sit
301 1731 389 1782 extra
413 1721 597 1782 centrumE
631 1730 662 1781 et
686 1722 748 1782 alia
771 1722 825 1783 ΑΡ
853 1741 907 1800 per
935 1732 1070 1784 centrum
1094 1724 1136 1798 E,
1170 1742 1262 1802 quare
1287 1723 1343 1783 ΛΡ
1367 1721 1486 1800 longior

142 1811 177 1872 rit
209 1829 302 1890 qnam
326 1810 390 1871 ΒΤ.
436 1809 497 1870 Est
520 1819 621 1871 autem
646 1810 702 1871 AP
726 1811 824 1871 divisa
853 1812 997 1872 bifariam.
1016 1814 1045 1874 in
1069 1813 1095 1872 Ε
1120 1820 1238 1884 centro,
1273 1820 1304 1873 et
1326 1811 1381 1871 BT
1404 1810 1432 1870 in
1458 1807 1485 1871 O

142 1919 159 1961 ι
184 1899 362 1980 hypothesi,
388 1918 480 1979 qnare
503 1916 557 1977 per
581 1919 764 1962 communem
790 1901 1015 1979 conceptionem
1041 1902 1195 1962 dimidium
1217 1900 1270 1961 ΕΡ
1294 1899 1416 1961 dimidio
1431 1896 1486 1959 OT

142 2007 240 2068 noque
271 1988 371 2066 majus
402 1996 460 2048 est.
510 1989 665 2067 Amplius,
700 2008 767 2050 cum
800 2011 818 2049 a
847 1993 1006 2068 punctoF
1035 2000 1122 2051 extra
1149 1998 1283 2050 centrum
1307 1988 1410 2051 circuli
1434 1984 1487 2049 GP

142 2087 270 2139 ocantur
294 2078 398 2149 binae,
433 2096 492 2138 noa
516 2097 552 2138 ex
577 2085 680 2138 centro
703 2079 827 2139 veniens
851 2079 915 2152 FP,
940 2081 1036 2141 altera
1060 2099 1148 2141 secus
1171 2079 1237 2151 FT,
1262 2078 1432 2138 incidentes
1454 2075 1484 2136 in

142 2166 399 2229 ircnmterentiam
419 2166 487 2239 PT;
511 2167 571 2227 erit
594 2166 645 2227 FT
668 2167 766 2246 major
790 2187 878 2247 qnam
898 2170 923 2229 F
927 2169 958 2229 P.
1004 2170 1073 2229 Jam
1098 2187 1190 2246 snpra
1213 2167 1333 2227 dixerat
1355 2166 1485 2244 Apollo-⁴

141 2255 186 2317 ios
211 2253 269 2316 ΟΤ
301 2255 345 2315 sic
370 2273 437 2314 esse
471 2256 508 2315 ad
534 2256 600 2327 TF,
634 2264 667 2317 ut
694 2256 842 2317 velocitas
872 2257 966 2318 centri
996 2256 1154 2318 ecoentrici
1189 2256 1329 2328 (Martis)
1357 2254 1415 2317 NE
1448 2254 1486 2314 ad

142 2344 315 2406 siccitatem
347 2343 455 2404 stellae
480 2364 531 2405 sen
564 2353 677 2405 motum
697 2345 939 2406 commutationis
964 2347 1019 2408 AB
1051 2347 1078 2408 h.
1105 2366 1131 2405 e.
1157 2352 1190 2406 ut
1214 2340 1256 2407 59
1281 2345 1320 2405 ad
1344 2341 1388 2407 28
1412 2343 1484 2404 fere.

142 2433 196 2494 lum
226 2434 321 2513 igitur
348 2432 484 2509 ejusdem
516 2433 609 2494 totius
634 2434 672 2493 ad
698 2435 842 2512 majorem
871 2454 908 2493 ex
932 2433 952 2495 2
976 2436 1113 2514 partibus
1142 2434 1238 2495 minor
1262 2434 1305 2494 sit
1332 2431 1485 2511 proportio

142 2541 211 2584 nom
241 2523 281 2583 ad
305 2522 461 2594 minorem,
488 2521 553 2583 'erit
586 2524 681 2600 major
707 2524 861 2602 proportio
887 2521 943 2584 OT
965 2525 1004 2586 ad
1027 2524 1078 2585 FP
1112 2543 1200 2603 quam
1224 2520 1267 2587 59
1297 2523 1336 2583 ad
1360 2518 1421 2594 283
1454 2529 1486 2580 et

142 2629 250 2685 ursum,
276 2629 343 2671 curn
369 2630 405 2671 ex
431 2610 546 2672 duabus
576 2612 740 2690 majoribus
770 2631 846 2691 qnae
872 2612 990 2690 longior
1019 2623 1067 2674 est
1095 2613 1241 2690 majorem
1264 2609 1485 2691 proportionem

142 2699 237 2761 abeat
262 2700 300 2760 od
320 2700 474 2771 minorem,
500 2719 590 2778 qnam
614 2720 689 2781 quae
714 2701 852 2772 brevior;
886 2702 983 2780 major
1006 2702 1098 2780 igitur
1121 2702 1180 2762 erit
1197 2701 1351 2779 proportio
1370 2699 1424 2760 ΕΡ
1447 2699 1485 2759 ad

142 2789 174 2851 'F
196 2809 289 2869 qnam
314 2787 370 2849 ΟΤ
392 2789 431 2849 ad
455 2788 515 2850 PF.
562 2789 650 2850 Prius
674 2797 800 2851 vernet
825 2787 903 2852 OT:
922 2792 1023 2865 PF>
1042 2788 1085 2853 59
1103 2811 1110 2850 ε
1127 2788 1179 2859 28,
1204 2790 1296 2850 multo
1312 2788 1403 2867 igitur
1417 2806 1484 2847 ma-

142 2896 166 2939 rr
194 2886 247 2938 est
278 2877 431 2956 proportio
460 2877 604 2938 EP:PF
637 2898 725 2958 quarn
755 2874 891 2941 59:28.
940 2878 1073 2959 Cumque
1103 2873 1229 2941 59:28
1256 2877 1411 2956 proportio
1444 2875 1487 2935 sit

142 2967 217 3046 rajor
242 2967 344 3046 dupla,
369 2966 465 3027 tribus
488 2966 581 3045 igitur
604 2968 773 3029 nominibus
797 2967 849 3028 ΕΡ
866 2988 873 3027 :
890 2969 940 3028 PF
964 2970 1061 3045 major
1084 2967 1276 3046 proportione
1300 2965 1401 3043 dupla.
1450 2962 1484 3024 Si

142 3055 173 3118 P
195 3057 268 3135 plns
293 3064 342 3116 est
365 3074 454 3135 quam
478 3056 599 3131 duplum
614 3056 673 3129 PF,
700 3076 771 3136 ergo
785 3057 836 3116 PF
862 3057 957 3118 minor
971 3066 1020 3117 est
1043 3075 1131 3135 quam
1147 3054 1300 3116 dimidium
1313 3053 1368 3113 ΕΡ
1390 3054 1484 3114 semi·
1585 3054 1589 3061 '

142 3145 264 3208 iametri
297 3144 436 3205 ecoentri.
484 3144 600 3205 Ablata
629 3146 720 3223 igitur
742 3147 793 3207 PF
825 3145 921 3206 minor
951 3146 1075 3207 dimidia
1107 3143 1250 3222 relinquit
1272 3143 1324 3204 FE
1359 3142 1408 3202 vel
1430 3140 1487 3212 FQ

142 3235 282 3314 equalem
312 3235 457 3311 majorem
487 3234 611 3294 dimidia
642 3243 738 3313 parte.
787 3236 892 3314 ltaque
916 3235 967 3295 FP
999 3235 1147 3295 distantia
1177 3233 1321 3312 perigaea
1351 3253 1371 3293 a
1393 3230 1487 3293 Terra

142 3322 221 3385 rinor
254 3332 304 3384 est
333 3321 388 3393 FQ
421 3321 645 3384 semidiametro
679 3324 797 3397 circuli,
832 3324 880 3402 qni
914 3332 1049 3385 centmm
1072 3322 1232 3384 ecoentrioi
1262 3322 1356 3383 vehit.
1402 3321 1486 3382 Idem
1582 3401 1589 3409 ,

142 3419 225 3474 stem
261 3412 371 3473 asserit
398 3411 501 3492 Tycho
534 3412 570 3472 de
600 3413 710 3473 circulo
735 3421 760 3481 ό
790 3422 914 3473 secante
938 3413 1081 3473 circulum
1108 3411 1158 3488 Θ.
1205 3413 1253 3473 Ειι
1282 3412 1364 3474 hisce
1396 3410 1487 3488 igitur

142 3509 256 3582 pparet
279 3521 325 3572 ea,
352 3519 440 3579 qnam
465 3500 537 3575 dixi,
562 3502 702 3580 cognatio
726 3501 934 3582 hypothesium
951 3503 1099 3584 Tychonis
1123 3521 1189 3564 cum
1213 3500 1394 3581 geometrico
1413 3517 1486 3579 pro·

142 3592 257 3653 lemate
281 3588 444 3669 Apollonii.

211 3681 260 3741 At
283 3699 320 3740 ex
343 3678 390 3739 his
414 3687 514 3738 tamen
535 3678 663 3738 nondum
688 3678 822 3758 seqnitur
845 3679 889 3753 id,
920 3680 997 3757 quod
1022 3679 1051 3739 in
1076 3699 1168 3741 causa
1191 3686 1349 3740 versatur:
1383 3676 1483 3754 Apol-

142 3769 236 3831 minm
256 3767 441 3850 hypotheses
465 3766 597 3827 edidisse
615 3768 832 3828 astronomicas
857 3769 991 3846 legitime
1016 3778 1048 3829 et
1061 3770 1180 3847 proprie
1195 3769 1239 3829 sic
1255 3769 1363 3839 dictas,
1388 3765 1483 3826 multo

142 3856 222 3920 rinus
246 3877 319 3918 vero
343 3857 388 3929 id,
413 3857 490 3935 quod
509 3855 574 3916 sine
599 3857 677 3917 omni
701 3857 905 3918 haesitatione
929 3859 1132 3919 affirmaverat
1156 3857 1264 3930 Ursus,
1290 3853 1485 3934 Apollonium

142 3947 261 4009 ecunda
284 3945 494 4006 immutatione
510 3945 808 4007 Aristarchianarnm
833 3947 924 4020 facta,
949 3947 1026 4007 hanc
1052 3948 1176 4007 formam
1200 3944 1379 4026 systematis
1399 3962 1486 4004 mun-

142 4035 206 4109 lsni,
231 4054 309 4116 quae
332 4034 421 4095 hodie
445 4033 579 4115 Tychoni
603 4035 934 4113 placet,'expressisse.
983 4036 1115 4097 Primum
1140 4035 1218 4095 enim
1236 4033 1322 4095 initio
1346 4050 1405 4094 non
1430 4032 1488 4094 fuit

142 4121 308 4204 lpollonins
331 4130 520 4185 astronomus
543 4124 747 4202 professione,
773 4125 826 4185 sed
846 4133 1018 4203 geometra,
1044 4125 1180 4204 quodque
1205 4121 1427 4185 demonstravit
1449 4140 1487 4182 ex

142 4212 314 4275 utronomia
335 4220 554 4273 transsnmtnm
577 4213 746 4291 problema,
777 4213 805 4272 id
829 4233 887 4273 non
912 4214 991 4293 ipse,
1021 4223 1055 4274 nt
1079 4212 1245 4275 astronomi
1267 4211 1392 4290 requirit
1416 4211 1485 4273 olli·

142 4300 213 4376 tium,
239 4302 278 4363 ad
303 4320 389 4362 usum
413 4301 566 4374 adhibuit,
600 4310 634 4362 ut
661 4302 718 4361 hac
743 4312 879 4363 assumta
912 4303 1072 4382 hypothesi
1101 4302 1244 4381 planetae
1267 4302 1358 4363 nllins
1386 4307 1486 4361 motus
1605 4383 1607 4386 y
1669 4366 1678 4383 κ

142 4405 167 4450 u
193 4390 456 4452 observationibus
490 4391 651 4450 deduceret
679 4399 710 4450 et
734 4391 968 4465 demonstraret,
999 4392 1051 4451 sed
1086 4391 1373 4453 demonstrationem
1405 4406 1485 4448 mere

142 4480 399 4554 tonstrinarum
423 4485 622 4551 astronomos,
649 4488 791 4557 tanquam
814 4481 940 4558 propola
963 4480 1066 4540 clavos
1091 4487 1145 4541 aut
1168 4479 1296 4542 securim
1320 4480 1359 4540 ad
1384 4475 1485 4539 archi·

142 4568 225 4629 onos
249 4563 363 4642 attulit,
390 4568 416 4630 si
441 4567 507 4647 quis
531 4577 623 4639 esset,
648 4568 732 4645 cnjus
746 4568 849 4629 usibus
873 4569 934 4629 ista
948 4569 1107 4630 servirent.
1154 4568 1282 4644 Deinde,
1307 4587 1373 4628 cum
1387 4566 1485 4645 hypo·

142 4651 231 4719 theses
255 4656 474 4719 astronomicas
498 4675 590 4735 snpra
613 4676 679 4719 cnm
703 4656 782 4719 Urso
807 4658 997 4719 definiremus
1026 4665 1141 4718 certam
1168 4657 1301 4736 aliquam
1324 4657 1361 4717 de
1384 4651 1486 4715 mnndi

142 4739 223 4807 loma
254 4761 469 4829 corporumque
502 4745 678 4810 coelestium
711 4745 909 4832 dispositione
942 4747 1189 4831 conceptionem:
1224 4743 1378 4827 Apollonii
1410 4742 1486 4805 haec
