3366 5482
651 271 772 321 derebus
791 270 952 337 astrologicis.
1412 269 1472 337 371

132 431 274 499 retorem,
301 445 395 506 eaque
419 426 446 486 si
469 428 509 488 ad
533 429 647 489 ocoluur
672 429 822 491 iuvenitur
844 423 879 490 iu'
899 431 1105 501 microcosmo,
1130 429 1201 509 quid
1225 429 1345 504 mirum,
1377 430 1404 492 si
1427 431 1475 492 in-

132 513 257 576 'cniatur
280 523 313 576 et
335 515 365 575 iu
388 533 601 577 macrocosmo.
648 519 836 594 Aspectuum
860 518 1060 579 differentiam
1089 518 1118 577 iu
1143 519 1209 578 sola
1232 517 1422 579 vehementia
1446 527 1477 580 et

132 601 297 665 'artitudine
321 622 409 681 pono.
457 601 604 665 Omnibus
629 606 708 666 idem
731 625 806 684 opus
831 607 939 667 bouum
963 606 1079 677 tribuo,
1109 605 1327 666 extimulare
1358 606 1474 669 facul-

136 697 222 752 ates
256 692 439 753 animales
472 693 517 753 ad
550 711 660 771 opera
693 713 766 755 sua.
824 699 991 774 Aspecturu
1024 694 1102 754 inter
1132 694 1218 754 binos
1248 694 1389 771 planetas
1422 715 1476 757 seu

132 797 185 857 psa
209 798 337 858 corpora
361 781 480 859 lingere,
506 782 636 859 imperiti
659 792 717 843 est.
766 783 835 844 Vox
859 792 907 843 est
931 782 1092 847 Arabum.
1107 784 1169 852 sed,
1183 792 1272 861 puto,
1293 800 1332 842 ex
1355 782 1475 844 Graeca

132 867 286 929 'tolomaei
306 889 509 948 σχηματισμος
525 871 662 931 deducta.
700 874 765 932 Aut
788 873 813 931 si
838 891 874 933 ex
889 873 1099 950 καταβλεψεσι,
1124 880 1189 930 esto
1210 889 1293 940 saue,
1317 869 1475 932 dnmmodo

132 956 271 1017 cmmode
296 958 539 1035 interpretemur,
572 960 608 1018 de
634 978 779 1020 concursu
804 962 966 1034 radiorum,
997 961 1024 1020 in
1051 978 1106 1038 quo
1131 959 1210 1019 inest
1234 969 1390 1036 aspectus,
1416 979 1473 1020 nou

132 1044 278 1106 tcirculo
311 1045 506 1125 imaginario,
541 1047 590 1126 qui
624 1048 804 1109 adsciscitur
837 1050 875 1109 ad
908 1049 1075 1109 metiendos
1110 1048 1236 1124 angulos
1269 1065 1473 1109 concursnum.

132 1133 180 1194 led
205 1134 241 1194 de
266 1134 322 1194 hoc
347 1135 376 1194 iu
401 1135 676 1197 dissertatiuncula.
723 1137 805 1197 h'ibil
831 1136 876 1197 hic
912 1137 1008 1197 tribuo
1033 1135 1203 1208 reflexioui,
1238 1155 1308 1196 narn
1333 1144 1474 1214 aspectus

132 1221 218 1284 stin
243 1241 326 1283 mera
350 1224 512 1285 incidentia
536 1244 588 1284 seu
612 1245 757 1286 concursu
782 1227 940 1286 radiorum.
987 1225 1052 1285 Nec
1073 1223 1206 1303 sequitur
1230 1224 1376 1301 operatio,
1402 1225 1474 1304 qnia

132 1311 241 1373 tmrius
266 1313 367 1372 radius
401 1313 561 1374 aTellure
594 1315 623 1373 in
653 1314 777 1374 alterius
806 1333 914 1392 corpus
947 1313 1112 1374 reflectitur
1146 1313 1238 1390 (quae
1270 1312 1471 1393 philosophia,

132 1407 196 1472 uto,
222 1410 272 1460 est
285 1400 421 1461 Jofrauci
438 1399 579 1475 Offucii),
597 1396 637 1475 ¹⁰)
662 1403 716 1462 sed
740 1402 811 1480 quia
827 1402 962 1462 binorum
976 1402 1053 1463 radii
1078 1409 1160 1461 certo
1176 1400 1284 1479 angulo
1309 1402 1338 1461 iu
1363 1412 1473 1480 puncto

132 1506 148 1549 o
175 1499 365 1562 concurrunt,
390 1489 419 1549 iu
445 1508 501 1568 quo
525 1490 689 1551 collocatur
713 1509 761 1550 res
785 1491 1005 1564 immateriale,
1032 1497 1174 1567 aspectus
1198 1489 1352 1567 receptiva
1376 1491 1473 1551 facul-

132 1596 177 1650 as,
204 1596 311 1655 nempe
336 1577 484 1638 animalis.
533 1579 592 1640 Ubi
621 1579 695 1640 nihil
722 1579 863 1659 impedit,
896 1589 1009 1658 puncta
1040 1579 1157 1638 differre
1187 1577 1225 1636 ab
1249 1575 1376 1638 invicem
1400 1587 1474 1639 eta

132 1676 221 1727 entro
246 1666 368 1725 Terrae.
415 1667 493 1727 h'am
518 1677 549 1727 et
575 1667 640 1745 jam
671 1668 784 1727 dictum
808 1677 839 1729 et
861 1667 1042 1728 inculcatum
1066 1666 1094 1726 io
1115 1664 1336 1743 Disputatioue,
1363 1684 1473 1744 opera-

132 1772 231 1815 ouem
255 1754 332 1814 hauc
355 1773 410 1832 per
433 1765 574 1834 aspectus
600 1776 667 1816 esse
698 1756 796 1817 stellis
820 1756 1054 1817 accidentariam
1084 1761 1114 1813 et
1138 1761 1254 1814 tantum
1279 1753 1470 1833 objectivarn.

132 1851 225 1922 laque
257 1852 290 1902 ut
323 1842 463 1904 videntur
493 1845 616 1917 stellae,
647 1845 726 1917 he.
752 1854 786 1905 ut
808 1845 884 1905 radii
908 1846 1074 1916 confluunt,
1101 1842 1145 1901 ita
1168 1842 1303 1920 operatio
1328 1842 1471 1922 sequitur.

132 1940 156 1992 t
181 1930 259 1991 visio
284 1950 321 1990 ex
345 1939 448 1992 centro
473 1933 584 1993 Terrae
608 1933 681 1993 nihil
705 1933 890 1994 sensibiliter
923 1933 1022 1993 dih'ert
1055 1952 1074 1990 a
1098 1929 1212 1990 risione
1244 1950 1281 1990 ex
1304 1932 1469 2010 superficie,

132 2019 148 2080 b
178 2019 371 2080 altitudinem
395 2021 526 2080 siderum
552 2021 724 2096 immanem3
763 2040 834 2101 ergo
863 2041 958 2100 neque
988 2020 1123 2098 operatio
1155 2018 1255 2080 differt
1278 2016 1471 2082 sensibiliter.

132 2111 153 2180 lt
179 2108 251 2186 qnid
276 2117 347 2182 tum,
373 2109 398 2168 si
422 2110 555 2170 differret
579 2110 785 2171 sensibiliter?
833 2107 978 2189 Operatio
1004 2109 1081 2168 enim
1105 2117 1294 2186 sequeretur;
1325 2128 1351 2168 ε.
1376 2127 1405 2187 g.
1431 2109 1473 2169 sit

135 2215 197 2257 ora
221 2195 293 2258 XII.
319 2196 436 2258 sextilis
461 2196 585 2258 Saturni
609 2210 640 2259 et
662 2199 765 2259 Lunae
790 2198 818 2258 in
844 2209 945 2259 centro
969 2198 1095 2270 Terrae;
1125 2204 1205 2270 esto,
1234 2206 1267 2256 ut
1290 2196 1474 2258 sensibiliter

132 2283 213 2346 istet
238 2286 293 2345 boc
317 2294 434 2363 ternpus
459 2307 478 2347 a
502 2296 634 2365 tempore
659 2288 724 2364 ejus
748 2287 881 2361 sextilis,
908 2287 955 2366 qui
982 2285 1010 2345 iu
1036 2283 1190 2364 superficie
1215 2284 1326 2345 Terrae
1352 2284 1472 2345 contiu-

132 2381 183 2446 et;
218 2392 285 2433 cum
308 2373 399 2452 igitur
422 2375 518 2448 Luna,
544 2377 633 2435 imum
658 2376 756 2447 sidus,
793 2376 887 2436 locurrr
912 2382 1007 2435 mutet
1030 2393 1087 2435 uuo
1111 2374 1219 2452 gradu,
1251 2392 1320 2452 ergo
1346 2393 1380 2434 eo
1405 2393 1472 2434 mo-

132 2469 218 2522 rento
244 2463 321 2523 inter
345 2458 365 2541 ij
390 2471 422 2521 et
444 2466 469 2534 )
494 2476 581 2524 eruut
606 2458 675 2525 61⁰.
723 2465 799 2524 Post
822 2462 842 2524 2
868 2464 956 2524 horas
988 2464 1152 2523 intererunt
1181 2455 1250 2536 60⁰,
1280 2462 1329 2540 qui
1357 2480 1473 2524 mrsum

132 2550 237 2611 extilis
262 2559 320 2611 est.
366 2551 471 2629 Itaque
503 2552 583 2612 intra
611 2551 630 2612 2
660 2554 749 2613 horas
775 2553 960 2626 coincidunt,
993 2551 1022 2610 iu
1046 2550 1155 2611 ceteris
1178 2549 1311 2630 propius.
1359 2550 1473 2613 Verum

132 2659 176 2701 rm
200 2639 360 2700 considera
385 2649 416 2699 et
441 2642 632 2701 latitudinem
655 2642 836 2710 nonnullam,
862 2650 923 2702 taur
938 2640 966 2701 iu
983 2639 1164 2718 aspectibus,
1191 2658 1279 2718 quam
1294 2641 1322 2699 iu
1342 2639 1468 2701 musica.

132 2730 181 2789 'on
216 2728 323 2789 statim
356 2729 452 2788 omnis
480 2730 679 2790 consonantia
711 2738 857 2809 negatur,
896 2730 954 2790 etsi
987 2729 1115 2790 chordae
1148 2747 1206 2787 uon
1237 2737 1376 2788 accurate
1411 2729 1473 2789 siut

132 2834 232 2879 ursae.
281 2815 360 2886 Quin
385 2817 443 2876 imo
469 2820 652 2896 quarundam
677 2820 939 2879 consonantiarum
973 2817 1172 2877 dimensiones
1203 2816 1374 2876 necessario
1404 2835 1470 2877 ma-

132 2914 185 2966 ent
210 2906 416 2982 imperfectae,
442 2908 518 2985 quod
545 2908 768 2968 fundamentum
793 2917 840 2967 est
864 2917 1000 2967 tonorum
1024 2903 1210 2976 adectiouiS,
1248 2923 1343 2982 neque
1368 2915 1470 2966 tamen

132 2995 181 3056 leo
205 3013 266 3053 nou
291 2994 424 3054 delectat
449 2995 555 3055 talium
580 3004 716 3057 tonorum
740 2996 904 3074 usurpatio.
951 2996 1000 3055 lta
1024 2993 1127 3053 rideas
1151 2992 1376 3070 conjunctiones
1400 2995 1470 3072 pla·

132 3091 253 3146 starum
278 3083 435 3156 efficaces,
472 3084 519 3142 ubi
544 3084 665 3145 diversa
695 3085 832 3157 latitudo,
860 3083 1015 3143 dummodo
1041 3101 1098 3141 uon
1123 3080 1232 3154 nimia;
1270 3080 1362 3158 igitur
1385 3090 1417 3142 et
1440 3081 1468 3142 iu

132 3170 302 3250 ingitudine
328 3172 388 3231 lato
414 3172 541 3251 quodam
566 3173 653 3232 modo
679 3173 836 3233 definiendi
862 3181 1019 3250 aspectus,
1050 3179 1084 3231 ut
1107 3190 1125 3230 a
1150 3163 1210 3229 60⁰
1234 3168 1353 3247 quidem
1376 3187 1467 3248 prae-

132 3279 174 3322 se
199 3267 363 3338 operentur
387 3261 617 3338 perfectissime,
644 3263 696 3322 sed
721 3283 740 3322 a
764 3256 824 3323 59⁰
847 3269 878 3320 et
901 3280 920 3319 a
944 3255 1004 3323 61⁰
1028 3264 1188 3338 operentur
1211 3257 1294 3319 nihil.
1332 3257 1398 3320 Hoc
1416 3279 1467 3319 as-

132 3357 209 3410 rmto
243 3348 332 3425 plane
365 3348 492 3409 ridicula
524 3351 580 3410 erit
604 3349 734 3427 objectio
759 3352 794 3409 de
820 3348 990 3409 differentia
1022 3348 1118 3409 centri
1142 3355 1174 3406 et
1197 3346 1466 3418 circumferentiae,

132 3438 188 3499 ldo
214 3437 306 3496 etde
331 3436 508 3511 differentia,
533 3457 622 3517 quarn
647 3439 721 3499 tacit
744 3438 893 3498 retractio.
933 3435 1079 3506 Quamvis
1094 3438 1131 3497 de
1147 3435 1325 3496 refractione
1341 3454 1467 3514 respon-

132 3524 240 3587 rndnm
264 3523 362 3585 aliter.
410 3526 525 3604 Nempe
559 3547 596 3588 ne
630 3546 726 3607 opaca
760 3527 877 3605 quidem
910 3526 1093 3606 impediunt,
1128 3524 1284 3604 quominus
1317 3524 1466 3586 radiorum

132 3621 254 3694 rpectns
277 3613 460 3692 percipiatur
484 3635 502 3674 a
527 3616 722 3677 facultatibus
756 3614 954 3690 animalibus,
990 3615 1096 3676 nedum
1121 3613 1310 3692 semiopaca,
1343 3620 1376 3673 ut
1399 3618 1467 3688 abr3

132 3721 172 3763 re
199 3702 279 3781 quod
303 3702 433 3762 facultas
457 3704 596 3763 animalis
622 3704 728 3764 eadem
752 3714 801 3763 est
824 3703 852 3762 iu
877 3714 979 3764 centro
996 3704 1106 3763 Terrae
1131 3710 1162 3761 et
1185 3702 1214 3760 iu
1231 3701 1343 3761 extima
1357 3720 1465 3780 super-

132 3792 173 3853 :ie
200 3790 293 3860 aeris,
317 3809 369 3850 seu
394 3792 472 3869 quod
496 3792 643 3866 subtilior,
667 3794 778 3871 purior,
803 3792 1029 3853 immaterialior
1053 3798 1101 3851 est
1123 3789 1276 3868 perceptio
1297 3788 1373 3849 situs
1389 3791 1466 3852 stel-

132 3897 214 3952 rnm,
241 3896 331 3956 quam
355 3888 388 3939 ut
411 3881 448 3939 ad
473 3900 540 3940 eum
563 3881 849 3959 repraesentandum
874 3880 966 3941 radiis
992 3879 1097 3940 lucidis
1121 3897 1195 3956 opus
1221 3876 1271 3937 sit.
1318 3876 1466 3958 Exemplo

132 3980 142 4032 t
169 3966 254 4028 ratio
277 3967 446 4044 genesium:
471 3968 598 4029 iuduunt
622 3971 773 4049 planetae,
798 3968 846 4048 qni
872 3968 926 4028 sub
943 3969 1036 4029 Terra
1059 3976 1143 4040 suut;
1169 3965 1308 4027 et-maria
1333 3966 1360 4026 iu
1378 3968 1464 4028 nori-

132 4056 199 4120 niis
225 4065 395 4129 moventur,
426 4056 517 4118 etiarn
540 4076 595 4136 per
618 4059 776 4136 appulsum
800 4058 930 4117 siderum
957 4059 995 4117 ad
1019 4056 1119 4136 padir,
1155 4054 1231 4116 unde
1256 4053 1332 4115 radii
1356 4075 1466 4118 ascen·

132 4163 178 4207 tre
201 4144 409 4223 probibentur.
456 4144 520 4206 Sed
544 4147 599 4206 hoc
624 4148 763 4206 fortassis
788 4147 914 4207 alieuius
938 4155 987 4206 est
1011 4144 1186 4222 exemplum.
1213 4174 1255 4184 -

196 4232 353 4312 Denique,
388 4236 466 4313 qnod
490 4235 601 4295 attinet
625 4255 769 4295 causam
798 4245 1031 4312 aspectuum,
1064 4233 1137 4294 nihil
1160 4233 1258 4312 inagis
1283 4251 1329 4293 me
1354 4241 1464 4308 movet,

132 4340 197 4385 ram
213 4321 280 4394 hoc,
297 4322 375 4401 quod
392 4324 549 4383 dicendum
564 4333 621 4395 est,
643 4334 784 4402 aspectus
800 4323 1025 4383 animadversos
1042 4321 1188 4401 ignoratis
1204 4320 1312 4382 causis.
1346 4321 1391 4382 At
1410 4322 1465 4381 hoc

132 4411 180 4475 hil
205 4410 284 4470 nori.
334 4408 577 4492 Quotusquisque
607 4412 753 4473 rationem
782 4411 865 4472 norit
892 4410 1150 4490 perspicillorum?
1197 4412 1276 4471 lium
1300 4408 1368 4468 ideo
1392 4408 1465 4470 nihil

132 4507 178 4562 rnt
200 4498 398 4579 perspicilla?
444 4501 544 4562 Multa
567 4501 650 4561 talia.
699 4501 814 4580 Magna
838 4499 883 4560 ris
909 4499 1127 4578 experientiae,
1160 4517 1269 4577 magua
1293 4497 1462 4571 curiositas,

132 4607 220 4668 agna
242 4587 408 4667 subtilitas.
456 4587 544 4658 Quod
568 4609 691 4651 causam
714 4590 811 4669 ipsam
835 4587 955 4660 attinet,
979 4598 1051 4666 puto
1066 4589 1219 4648 inventam
1243 4594 1274 4646 et
1288 4603 1464 4664 expressam

156 4676 385 4757 Disputatioue,
412 4696 487 4756 quae
512 4678 618 4740 similis
643 4679 760 4739 videtur
783 4676 997 4753 Ptolemaicae,
1022 4683 1055 4737 at
1079 4675 1232 4755 explicata
1255 4692 1313 4733 nou
1338 4673 1395 4735 fuit
1418 4674 1462 4735 si-

132 4767 218 4835 iliter
242 4786 262 4827 a
284 4765 491 4832 Ptolemaeo..
517 4766 585 4830 Non
609 4775 677 4830 erat
698 4775 788 4829 notus
805 4765 982 4829 Ptolemaeo
999 4763 1128 4828 Creator
1151 4762 1267 4836 muudi;
1292 4780 1383 4845 quare
1403 4765 1462 4833 im·

1190 4863 1251 4919 w
