3366 5482
735 249 817 300 uste
837 253 952 302 susem
1311 224 1315 229 ’
1461 254 1518 319 m

164 413 305 484 quicquam
326 412 428 465 babet:
451 417 485 464 ut
498 413 604 465 scilicet
627 411 731 466 numeri
746 429 857 476 omnes,
883 414 929 482 qui
949 429 1032 467 unum
1055 414 1175 484 aliquem
1193 400 1374 479 emetiuutur,
1398 415 1427 469 in
1442 433 1524 472 unum

164 491 283 554 multati,
309 498 432 561 aequent
446 499 642 545 mensuratum.
683 493 737 545 Est
749 492 856 562 quidem
871 493 1028 562 aequalitas
1045 494 1190 562 pulchrum
1206 493 1360 564 quippiam,
1384 496 1432 548 sed
1453 496 1523 550 haec

163 570 318 641 aequalitas
332 571 452 624 numeris
467 571 684 639 ipsis„ratione
705 571 881 640 suiipsorum
904 572 1075 642 singulorum
1098 580 1143 625 est
1157 573 1354 635 accidentaria;
1378 592 1429 629 nec
1449 575 1522 644 quic-

163 667 239 722 quam
255 651 340 704 affert
353 651 389 703 ad
403 666 497 703 eorum
513 650 753 713 constitutionem,
768 652 816 704 sed
831 652 953 704 resultat
966 651 1134 705 necessitate
1148 652 1319 723 geometrica
1333 670 1369 705 ex
1383 652 1443 721 jam
1459 672 1521 708 con·

163 729 279 793 stitutis;
301 746 354 782 nec
367 730 416 781 dat
430 729 497 798 ipsis
512 731 572 793 boc,
598 735 630 782 ut
643 729 699 783 sint
711 730 800 800 magis
817 730 970 793 articulati;
994 748 1054 783 cum
1072 738 1165 784 tamen
1180 731 1253 784 circa
1265 731 1353 799 ipsam
1368 733 1440 785 hanc
1455 733 1521 786 arti·

162 809 328 863 culationem
343 815 502 878 occupetur,
520 816 550 862 et
564 825 600 862 ea
614 811 810 878 quodammodo
825 810 985 866 deliniatur:
1008 811 1072 879 quin
1083 810 1185 881 potius,
1202 810 1248 880 qui
1259 810 1377 880 jubetur
1396 812 1468 864 banc
1483 812 1521 865 sic
1555 866 1558 871 ,

162 888 259 942 dictam
273 887 474 958 perfectionem
488 889 632 950 affectare,
658 888 680 940 is
695 888 748 941 boc
762 888 821 957 ipso
837 888 1079 953 circumscribitur,
1102 908 1136 942 ne
1160 889 1248 958 possit
1263 906 1369 944 sumere
1389 891 1520 944 articula·

162 966 286 1022 tissimus.
328 968 367 1020 Et
389 973 422 1019 ut
444 967 520 1035 prius
541 984 632 1020 sumus
655 967 813 1020 ratiocinati
836 970 869 1021 de
885 968 1059 1030 sectionibus,
1085 969 1124 1020 sic
1145 984 1216 1022 nunc
1238 969 1322 1021 etiam
1346 972 1379 1022 de
1402 970 1520 1023 numeris

163 1046 354 1100 metientibus
378 1061 462 1099 unum
477 1047 596 1117 aliquem
610 1047 700 1099 dicere
723 1063 882 1115 possumus:
906 1050 976 1117 quod
991 1047 1097 1100 scilicet
1120 1048 1195 1116 prius
1211 1047 1328 1118 quilibet
1347 1049 1456 1102 illorum
1470 1066 1520 1118 pro
1545 1072 1551 1082 ·

163 1143 188 1180 se
201 1127 263 1196 ipso
283 1125 432 1179 emetiatur
454 1126 625 1195 propositum
638 1142 791 1188 numerum,
817 1144 871 1180 non
886 1126 1022 1195 accipiens
1046 1128 1120 1180 hanc
1141 1135 1268 1181 naturam
1293 1129 1328 1180 ab
1348 1128 1521 1198 aequalitate

163 1212 325 1276 praetensa,
350 1206 397 1256 sed
412 1212 512 1273 postca
525 1207 632 1258 demum
648 1206 756 1258 accidat
768 1203 825 1259 illis
840 1205 973 1275 singulis,
997 1212 1030 1258 ut
1049 1205 1169 1259 universi
1189 1212 1311 1275 aequent
1323 1216 1519 1261 mensuratum.

162 1285 224 1337 Vide
239 1285 289 1338 lib.
307 1300 369 1337 meo
383 1284 430 1338 111.
446 1285 577 1338 Harmon.
600 1287 651 1338 sub
674 1286 754 1338 finem
773 1284 873 1353 capitis
888 1285 915 1338 3.
940 1284 1030 1339 locum
1054 1285 1177 1349 similem,
1202 1288 1235 1338 de
1257 1303 1371 1339 occursu
1395 1287 1519 1350 ternarii,

163 1380 277 1434 proquo
291 1363 338 1417 bia
351 1371 397 1416 est
410 1380 537 1417 wcursus
553 1363 740 1433 aequalitatis.
782 1364 844 1417 Noa
866 1364 930 1432 plus
953 1363 1040 1434 igitm·
1053 1365 1164 1419 uirtutis
1178 1371 1208 1421 et
1222 1365 1399 1421 dexteritatis
1414 1367 1521 1420 confert

163 1443 278 1496 numeris
302 1442 374 1495 baec
384 1442 564 1512 aequalitas,
590 1459 671 1513 quam
686 1442 828 1514 agricolae
850 1442 971 1496 inventio
986 1443 1124 1505 thesauri;
1149 1451 1181 1499 ut
1201 1444 1331 1498 credibile
1346 1461 1519 1515 nequaquam

163 1522 206 1585 sit,
237 1521 378 1575 senarium
399 1523 460 1574 Deo
487 1522 604 1576 creatori
628 1518 767 1591 placuisse
791 1527 906 1590 propter
925 1522 997 1575 banc
1020 1523 1147 1577 indolem.
1190 1523 1258 1576 Dico
1282 1526 1414 1585 secundo,
1446 1524 1518 1577 hanc

163 1601 332 1655 allectionem
347 1618 400 1654 non
415 1608 570 1673 competere
585 1601 712 1664 numeris,
736 1607 768 1653 ut
782 1601 997 1655 numerantibus.
1040 1603 1069 1654 Id
1093 1602 1175 1654 facile
1198 1603 1332 1670 probatur
1346 1620 1381 1655 ex
1396 1601 1517 1655 Euclidis

162 1679 202 1734 lib.
218 1678 279 1734 vn.
295 1676 369 1733 v111.
386 1676 434 1733 lX.
477 1677 513 1733 Ut
527 1681 598 1733 euim
614 1687 711 1734 auctor
734 1678 782 1732 ille
796 1679 971 1742 demonstret,
996 1679 1085 1734 inesse
1101 1680 1260 1750 quibusdam
1284 1681 1356 1734 banc
1369 1682 1516 1750 perfectio·

161 1771 224 1821 tem,
247 1759 361 1829 cogitur
374 1760 415 1812 uti
429 1760 548 1813 numeris
562 1758 700 1830 figuratis,
716 1758 741 1811 id
757 1767 815 1821 est,
825 1765 856 1811 ut
870 1760 981 1812 scholae
996 1760 1153 1830 loquuntur,
1170 1760 1288 1813 numeris
1303 1760 1452 1813 numeratis
1468 1777 1517 1813 ssu

160 1838 438 1909 parallelogrammis,
454 1839 566 1908 aequali
580 1854 709 1892 mensura
722 1838 815 1890 divisis
830 1839 857 1891 in
872 1837 985 1908 longum
1000 1845 1029 1892 et
1043 1839 1139 1892 latum.
1182 1839 1274 1900 Quare
1291 1839 1315 1891 si
1329 1854 1384 1910 qua
1397 1839 1517 1893 maxime

160 1918 312 1972 nobilitatis
328 1924 396 1971 nota
410 1925 495 1981 esset,
517 1918 588 1971 baec
602 1919 641 1971 sic
655 1919 730 1972 diota
742 1918 885 1986 perfectio,
905 1916 957 1970 illa
970 1917 1057 1990 primo
1071 1925 1240 1987 competeret
1255 1919 1430 1990 geomeuicis
1444 1919 1515 1990 iigu·

159 1999 198 2051 t'a.
240 1996 305 2050 Etsi
319 2011 385 2050 tero
408 1998 534 2050 senarius
549 2015 642 2051 reram
657 2013 735 2050 suam
756 2005 786 2049 et
798 1998 903 2050 realem
925 1998 1099 2051 nobilitatem
1117 1998 1205 2051 babet
1218 2015 1233 2050 s
1248 1999 1419 2068 sexangulo,
1444 2014 1516 2067 quae

160 2079 244 2147 igura
257 2077 350 2145 ipsum
364 2077 494 2144 provebit
507 2076 534 2130 in
548 2070 694 2146 disciplina
707 2076 873 2137 harmonica,
897 2094 951 2130 nou
966 2077 1027 2130 ideo
1042 2083 1134 2130 tamen
1148 2075 1233 2130 etiam
1248 2079 1282 2130 ad
1297 2077 1516 2131 constituendum

159 2171 295 2211 numerum
309 2155 501 2225 primariorum
515 2157 605 2211 muudi
620 2172 763 2224 corporum
786 2155 818 2208 fit
832 2162 925 2224 aptus.
967 2156 1071 2225 Figura
1094 2157 1165 2209 enim
1189 2156 1239 2209 illa
1254 2156 1384 2210 circulum
1404 2164 1437 2209 ut
1451 2174 1514 2209 con·

159 2235 257 2290 tinnam
282 2231 468 2306 quantitatem
492 2235 518 2289 iu
541 2254 592 2289 sex
615 2243 712 2305 partes
736 2235 844 2288 dividit:
870 2250 987 2303 corpora
1007 2237 1146 2290 mundans
1167 2252 1222 2288 uon
1236 2243 1301 2290 sunt
1323 2243 1419 2305 partes
1434 2235 1515 2289 unius

159 2314 302 2369 munuae
326 2313 499 2384 quantitatis.
542 2316 597 2368 Illa
616 2317 708 2387 ligura
731 2314 803 2367 inter
826 2315 926 2382 planas
950 2321 1006 2368 est:
1032 2315 1191 2383 corporibus
1213 2332 1278 2368 vero
1302 2314 1392 2369 mundi
1416 2313 1513 2377 solida,

159 2410 200 2448 seu
214 2393 300 2448 trium
315 2393 513 2447 dimensionum
532 2393 627 2464 spatia
639 2396 707 2447 data
720 2399 785 2446 suut
806 2395 992 2463 peragranda.
1036 2394 1122 2447 Recte
1144 2391 1230 2465 igitur
1251 2393 1393 2463 repudiavi
1413 2393 1514 2447 senarii

159 2473 237 2543 ipsius
260 2490 313 2543 per
327 2489 357 2525 se
378 2471 544 2527 considerati
559 2476 646 2536 dotes,
674 2491 707 2526 ue
732 2472 910 2526 adsciscerem
932 2473 996 2526 illas
1021 2473 1093 2526 inter
1117 2488 1215 2527 causas
1236 2472 1336 2526 senarii
1361 2473 1511 2526 coelorum:

160 2559 226 2607 tecte
242 2551 348 2615 censui,
374 2552 529 2621 oportuisse
553 2554 719 2623 praecedere
734 2567 833 2606 causas
855 2551 962 2621 aliquas
980 2551 1130 2615 evidentes,
1155 2553 1305 2622 exquibus
1320 2552 1416 2605 deinde
1431 2568 1511 2605 seua·

160 2631 207 2684 rius
227 2632 285 2685 iste
300 2630 438 2685 coelorum
461 2632 535 2685 ultro
558 2634 722 2692 resultaret;
748 2630 819 2684 sicut
841 2629 1042 2684 inharmonice
1058 2631 1211 2701 disciplina,
1233 2631 1324 2686 causis
1338 2631 1512 2702 praegressis

162 2710 265 2773 idoneis,
290 2711 411 2764 resultat
424 2718 454 2764 et
468 2711 606 2766 ternarius
621 2711 827 2765 consonantium
842 2710 870 2764 iu
883 2711 954 2764 idem
968 2727 1095 2765 sonorum
1119 2719 1148 2765 et
1162 2711 1336 2780 septenarius
1350 2711 1512 2764 divisionum

164 2789 382 2844 umentem

230 2867 264 2932 b)
279 2870 337 2923 lmo
360 2869 440 2923 ideae
463 2870 651 2940 quantitatum
675 2877 740 2923 sunt
762 2876 896 2938 erantque
915 2870 975 2923 Deo
999 2877 1172 2932 coaeternae,
1196 2871 1272 2924 Deus
1293 2869 1370 2938 ipse;
1393 2878 1514 2939 suumne

168 2948 243 3002 adbuc
257 2949 459 3017 exemplariter
473 2950 500 3003 in
515 2949 612 3003 animis
636 2952 671 3003 ad
685 2949 833 3019 imaginem
847 2949 900 3003 Dei
915 2945 1014 3014 (etiam
1035 2949 1158 3003 essentia
1170 2946 1234 3015 sua)
1255 2949 1345 3012 factis,
1370 2965 1427 3019 qua
1440 2949 1468 3005 in
1481 2964 1513 3003 re

170 3029 330 3082 ausentiunt
350 3029 472 3098 gentiles
494 3029 651 3098 philosophi
675 3035 705 3081 et
725 3031 850 3081 doctores
874 3028 1018 3082 ecclesiae.

235 3103 257 3175 i)
279 3107 449 3177 Scripseram
463 3108 520 3162 ista
531 3108 596 3162 mibi
611 3108 677 3169 soli;
701 3107 893 3178 intelligebam
908 3107 994 3177 igitur
1006 3124 1057 3178 pro
1072 3109 1158 3162 Terra
1178 3107 1279 3170 orbem,
1304 3123 1357 3176 quo
1372 3105 1422 3159 illa
1437 3104 1513 3158 vehi·

174 3193 214 3248 ιιι,
231 3203 390 3258 magnum
415 3204 433 3240 a
448 3186 597 3257 Copernico
612 3187 725 3241 dictum:
748 3185 787 3240 sic
801 3203 850 3255 pro
866 3186 990 3255 quolibet
1004 3187 1129 3257 planeta,
1152 3186 1244 3241 orbem
1260 3186 1355 3264 ipsius.
1396 3184 1434 3238 Et
1446 3200 1511 3254 per·

176 3263 229 3317 tinet
248 3266 373 3320 ultimum
396 3283 512 3321 comma:
545 3266 642 3321 Habes
662 3266 796 3320 rationem
819 3264 866 3320 duc.
891 3266 975 3319 etiam
999 3269 1033 3319 ad
1056 3267 1129 3322 banc
1152 3284 1188 3321 ex
1213 3266 1319 3321 schedis
1342 3262 1512 3334 exscriptam

178 3345 330 3399 arandam.

237 3420 266 3488 k)
287 3423 428 3479 Laboravi
452 3424 604 3496 pueriliter,
630 3441 664 3478 ue
679 3423 739 3494 quis
753 3423 818 3478 mihi
841 3424 1000 3492 imputaret,
1025 3442 1066 3478 me
1086 3430 1246 3479 novatorem
1260 3439 1331 3488 esse,
1356 3422 1513 3477 ostentandi

181 3501 360 3575 solumingenii
375 3520 461 3559 causa
484 3505 583 3558 librum
604 3503 759 3573 scripsisse:
783 3503 827 3556 bis
842 3504 959 3572 opposui
972 3511 1003 3558 et
1016 3509 1109 3557 vomu
1123 3510 1154 3557 et
1174 3503 1375 3573 penitissimas
1395 3518 1511 3572 persua·
1600 3573 1606 3580 ⁴

183 3577 258 3636 tenen
271 3585 304 3636 de
319 3584 440 3637 veritate
455 3598 557 3646 eorum
582 3599 653 3654 quse
676 3584 746 3636 liber
761 3583 923 3647 contineret,
947 3591 977 3636 et
990 3584 1107 3653 deniqne
1129 3585 1254 3638 udonem
1274 3581 1429 3639 conferendi
1452 3599 1512 3635 cum

185 3656 228 3711 tliit
244 3664 275 3716 de
295 3663 340 3718 bis
363 3663 492 3718 inventis.
533 3664 571 3717 Et
594 3672 683 3727 eraut,
707 3662 813 3733 opinor,
836 3661 950 3717 idoneae
974 3679 1076 3718 canace
1097 3662 1263 3734 profligaudi
1283 3661 1394 3731 pudoris
1415 3660 1511 3730 inepti.
