3366 5482
274 262 342 335 414
615 310 622 323 .
718 260 722 267 ’
824 260 1226 334 nummum

276 429 304 489 in
329 440 377 502 m,
406 434 476 487 eta
498 435 547 492 α
571 426 600 486 in
619 429 654 501 ἦ
676 425 825 504 oppositis
853 426 1019 488 rationibus
1048 427 1186 488 delectus
1211 428 1260 488 rel
1283 442 1429 490 excessus
1449 442 1632 507 communa-

274 526 332 590 tur,
357 525 391 578 ut
412 516 458 577 ita
480 524 646 576 evanescat
668 515 820 576 anomalia
841 514 872 575 in
895 520 944 591 ᾗ,
970 529 1017 589 ea,
1042 517 1072 577 in
1095 515 1140 592 Υ,
1166 524 1214 583 sor
1236 515 1281 577 sit
1302 515 1455 577 maxima.-¹

365 603 523 675 Quomodo
551 610 623 665 veru
651 603 726 664 haec
749 603 927 684 hypothesis
951 622 1017 666 cnm
1040 602 1208 683 Oopemico
1233 604 1419 678 concilietur,
1447 618 1510 665 non
1524 596 1631 665 'solun

275 692 417 755 breuibus
440 692 541 754 verbis
566 691 709 771 explicari
732 693 836 771 nequit
850 693 945 772 (qnod
968 693 997 753 in
1022 711 1088 755 meo
1115 693 1309 772 prognostico
1332 692 1427 766 d'mi),
1458 691 1515 754 scd
1535 704 1633 772 nsque·

275 782 359 844 breui
381 790 528 862 tempore.
576 779 707 859 Oportet
729 782 808 843 enim
830 781 932 842 omnia
953 783 1046 860 pmbe
1070 790 1221 844 excutere.
1266 781 1348 846 Nam
1362 798 1460 861 neque
1474 780 1541 860 ipss
1564 778 1631 843 dun

169 876 174 887 “
275 871 348 933 mihi
371 870 539 931 satisfacio.
585 871 691 931 Dicam
715 879 816 932 antem
840 871 1056 949 speculationis
1070 889 1154 932 meae
1179 871 1416 933 tundamentum.
1463 870 1501 932 In
1514 874 1632 947 brer-

276 967 363 1021 sante
387 961 482 1021 Terra
505 958 624 1020 videtur
647 955 687 1035 Θ
712 959 742 1020 in
767 973 815 1032 m,
845 968 951 1039 estque
969 960 1012 1020 ibi
1035 960 1099 1039 ejus
1123 977 1306 1039 apogaeum,
1330 961 1364 1035 in
1385 957 1527 1039 opposito
1549 957 1631 1039 pori-

276 1067 394 1129 gaenm.
441 1045 518 1110 Cum
541 1063 612 1123 ergo
637 1047 799 1122 secundum
823 1046 1022 1128 Oopernioum
1044 1058 1144 1110 motus
1167 1049 1265 1111 omnis
1287 1057 1320 1111 ot
1338 1048 1437 1111 virtus
1451 1046 1553 1109 omnis
1566 1064 1630 1109 rno-

275 1137 356 1199 toria
378 1156 416 1198 ex
440 1135 513 1198 Sole
536 1155 590 1198 ceu
614 1145 719 1198 centro
743 1137 808 1200 sive
831 1138 922 1199 corde
956 1137 986 1199 in
1010 1137 1239 1217 circumpositos
1262 1138 1352 1200 orbes
1374 1137 1553 1226 ingeratur,
1586 1135 1630 1198 di·

276 1226 391 1289 mensis
424 1225 463 1286 ad
495 1225 750 1305 propinquitatem
791 1226 936 1301 modulis,
979 1227 1095 1289 ambiat
1131 1245 1204 1288 vero
1236 1226 1363 1288 Terram
1399 1225 1485 1288 orbis
1517 1225 1630 1287 Lunam

275 1315 403 1376 vehens:
427 1313 550 1392 arguis
574 1333 633 1375 nna
656 1333 722 1375 oum
747 1315 842 1376 Terra
864 1315 960 1377 hieme
983 1334 1076 1398 prope
1091 1314 1194 1377 Solem
1218 1315 1345 1390 accedit,
1370 1321 1404 1376 et
1425 1314 1457 1376 in
1478 1314 1650 1393 fortiorem,

274 1402 417 1465 virtutem
446 1402 604 1464 motoriam
635 1403 815 1482 ingreditur,
849 1414 969 1466 aestate
999 1405 1029 1466 in
1053 1404 1291 1491 imbecilliorem,
1324 1422 1391 1466 cnm
1424 1423 1445 1464 a
1468 1402 1543 1465 Sole
1567 1403 1631 1465 lon-

275 1491 400 1574 gissime
423 1491 563 1553 discedit.
610 1491 668 1552 Hic
686 1492 750 1571 jorn
775 1493 914 1572 fingenda
936 1503 986 1555 est
1009 1494 1156 1573 quaedam
1176 1494 1320 1561 virtutum
1337 1492 1538 1555 materiarum
1561 1509 1630 1554 oon-

275 1581 431 1656 trarietas,
464 1580 583 1659 qualem
606 1580 791 1643 Aristoteles
829 1581 957 1661 primum
986 1582 1095 1644 mobile
1132 1583 1212 1644 inter
1243 1591 1276 1644 et
1312 1581 1445 1643 secunda
1478 1580 1628 1642 conduxit

276 1672 356 1733 h'am
379 1670 466 1731 Luna
489 1669 611 1748 propria
632 1668 745 1730 virtute
768 1670 901 1746 vehitur,
935 1690 993 1733 non
1026 1680 1061 1733 ut
1083 1689 1139 1733 sex
1161 1671 1268 1745 oeten,
1300 1671 1413 1732 virtute
1437 1668 1523 1731 Solis
1551 1686 1630 1731 coru·

276 1759 366 1821 muni.
413 1759 493 1821 Nam
517 1758 549 1819 hi
562 1756 664 1819 Solem
688 1758 966 1836 circumambulant,
990 1761 1077 1821 Luna
1092 1757 1227 1834 Terram,
1252 1778 1319 1822 cum
1342 1759 1382 1821 ad
1403 1757 1512 1820 Solem
1527 1757 1628 1829 tendit

276 1849 355 1910 uiam
379 1847 488 1910 ceteris
510 1848 606 1927 plane·
625 1848 808 1909 contrariam
829 1850 960 1911 conticit.
1007 1847 1110 1919 Quare
1132 1849 1288 1928 probabile
1302 1856 1360 1920 est,
1385 1847 1525 1926 impediri
1550 1847 1631 1908 illam

276 1936 429 1999 avirtute
445 1935 556 2005 Solam,
581 1936 680 2015 magis
704 1936 864 2009 aiortiori‚
889 1938 986 2000 minus
1010 1939 1048 2000 ab
1062 1937 1260 1999 imbecilliori.
1306 1936 1413 1998 Hiems
1439 1934 1543 2016 igitur,
1567 1952 1633 2003 cent

274 2026 443 2106 propinqua
467 2022 532 2086 Soli
556 2032 615 2099 est,
639 2026 764 2087 multum
787 2026 956 2105 impeditur,
982 2036 1013 2088 et
1035 2028 1070 2088 lit
1083 2026 1183 2100 tarda,
1207 2032 1327 2089 aestate
1342 2024 1465 2087 liberior
1479 2025 1510 2086 in
1525 2020 1631 2103 majori

277 2114 376 2196 spatio
405 2113 531 2174 celerior
561 2112 674 2175 evadit.
721 2111 869 2194 Quodque
902 2116 939 2178 de
968 2118 1025 2178 hac
1053 2114 1206 2177 anomalia
1233 2115 1316 2186 dico,
1348 2112 1519 2194 quaejam
1546 2112 1633 2174 modo

276 2220 345 2264 sese
369 2202 482 2282 prodit,
512 2202 543 2263 id
566 2204 660 2264 multo
684 2203 781 2283 magis
805 2204 897 2266 etiam
920 2205 1083 2267 verisimile
1112 2204 1248 2266 redditur
1274 2220 1329 2284 per
1352 2203 1482 2264 alteram
1506 2220 1632 2263 moma-

278 2291 362 2367 liam,
392 2308 481 2371 quam
510 2290 603 2353 elficit
625 2290 802 2353 Ptolemaeo
826 2293 1026 2369 eccentricna,
1056 2290 1224 2372 Gopemico
1252 2291 1415 2353 secundum
1443 2290 1631 2371 epioyotmra

279 2379 340 2444 Cur
363 2379 443 2441 enim
467 2378 544 2442 adeo
568 2379 674 2442 stricte
698 2379 801 2443 Solem
826 2382 881 2444 illa
904 2383 1090 2458 observaret,
1115 2381 1172 2444 nisi
1196 2379 1250 2443 Sol
1274 2381 1339 2460 ipss
1361 2379 1449 2442 illam
1471 2376 1633 2441 alliceret?

278 2470 319 2531 Et
343 2468 479 2548 quamuis
502 2468 638 2547 pluribus
667 2469 767 2531 verbis
796 2470 1005 2534 demonstrare
1032 2488 1166 2550 possem,
1197 2470 1351 2549 utriusque
1381 2464 1500 2529 harnm'
1517 2466 1632 2544 hapa·

276 2563 346 2620 hus
368 2558 494 2619 eandem
519 2557 624 2618 eodem
648 2559 737 2619 modo
762 2577 884 2622 cansam
907 2579 985 2633 esse,
1010 2569 1112 2622 tamen
1136 2559 1216 2638 quia,
1240 2566 1274 2620 ut
1297 2557 1370 2628 dixi,
1394 2575 1452 2619 nec
1474 2556 1542 2636 ipse
1565 2556 1633 2636 qui·

279 2648 346 2708 dem
369 2646 489 2726 penitus
513 2645 688 2726 acquiesco:
712 2665 770 2708 non
795 2666 870 2726 opus
894 2667 961 2711 esse
985 2666 1095 2711 censeo
1117 2647 1254 2727 pluribus
1280 2664 1381 2726 agere.
1428 2643 1509 2708 Cum
1532 2646 1633 2726 itaque

276 2737 333 2798 hoo
356 2735 514 2814 praecipue
540 2734 691 2798 videretur
716 2737 888 2811 absurdum,
913 2738 1023 2808 dicere,
1047 2737 1127 2817 quod
1150 2744 1249 2798 motus
1271 2735 1377 2797 Lunae
1400 2752 1422 2796 a
1443 2735 1560 2797 virtuto
1573 2734 1632 2796 So·¹

276 2826 315 2886 lis
339 2823 528 2905 impediatur,
552 2840 620 2886 oum
640 2825 780 2886 videatur
801 2827 904 2904 potius
923 2827 1025 2906 juvari
1049 2832 1081 2887 et
1103 2824 1272 2905 promoveri
1289 2823 1412 2895 debere,
1435 2824 1630 2903 quodcunque

277 2915 400 2977 taudem
424 2922 559 2974 centrum
583 2913 709 2975 habeat:
735 2913 821 2993 coepi
844 2916 935 2977 etiam
959 2916 996 2977 de
1020 2915 1082 2976 alia
1104 2933 1199 2975 causa
1221 2912 1374 2992 cogitare:
1394 2930 1512 2993 nempe
1536 2923 1631 2974 stru·

276 3004 345 3084 ipsa
367 3020 507 3064 mensura
530 3011 660 3063 motuum
684 3003 895 3079 secundorum,
933 3005 990 3071 hoo
1013 3014 1076 3076 est,
1100 3002 1288 3081 motusipse
1311 3000 1400 3082 primi
1423 3000 1547 3063 mobilis
1565 3002 1631 3074 (son

277 3094 306 3155 in
336 3090 504 3172 Oopemioo
531 3090 613 3170 globi
646 3092 814 3154 Terrestris
847 3094 970 3155 diurnus
1002 3094 1117 3165 motus)
1140 3093 1169 3153 in
1202 3109 1296 3152 nausa
1325 3090 1376 3153 sit
1423 3089 1458 3151 Id
1493 3090 1540 3152 ita
1570 3088 1630 3151 ueri

249 3189 399 3265 potest,¹
428 3180 454 3242 si
481 3198 597 3242 rursum
630 3188 664 3242 nt
692 3189 783 3241 antea
815 3192 943 3262 quatuor
975 3182 1056 3244 horis
1085 3179 1293 3261 (aequalibus)
1317 3177 1449 3258 spatium
1483 3178 1630 3240 aestiuum

279 3274 388 3344 (autea
416 3277 485 3330 erat
522 3269 634 3330 mensis
672 3269 829 3343 hibernus)
858 3271 982 3333 hiberno
1010 3269 1127 3350 lougius
1160 3279 1192 3330 et
1218 3267 1336 3331 tardius
1365 3267 1418 3328 sit.
1464 3267 1524 3328 Hic
1556 3267 1632 3328 enim

276 3355 385 3440 globus
408 3359 520 3420 Terrae
538 3364 673 3420 remotus
697 3378 716 3418 a
739 3356 811 3420 Sole
835 3359 864 3420 in
888 3377 1023 3440 apogaeo
1048 3358 1339 3426 tardevolueretur,
1362 3355 1450 3436 quasi
1469 3376 1489 3417 a
1507 3353 1630 3418 tenuiori

276 3449 398 3522 virtute,
422 3448 511 3526 plane
535 3456 570 3509 ut
591 3447 621 3507 in
645 3464 711 3508 meo
735 3447 878 3526 opusculo
901 3458 965 3509 tres
990 3447 1159 3527 superiores
1181 3446 1212 3508 in
1228 3445 1290 3508 suis
1314 3445 1479 3526 epioycliia
1505 3444 1535 3507 in
1550 3444 1628 3527 peri-

274 3554 353 3618 gaeo
378 3545 410 3599 et
434 3535 546 3597 virtute
571 3535 688 3596 fortiori
712 3534 838 3599 celerius
862 3537 1025 3600 incederet.
1072 3537 1139 3597 Hoc
1162 3535 1250 3597 modo
1274 3548 1341 3599 atu
1364 3533 1406 3595 ad
1428 3542 1478 3599 “Aa
1502 3533 1569 3595 dies
1589 3528 1628 3596 9⁰

276 3624 406 3701 circiter,
431 3624 581 3686 tardiores
605 3623 772 3704 nonaginta
794 3627 984 3705 aequalibus,
1009 3624 1130 3687 circiter
1152 3622 1173 3685 2
1197 3625 1338 3685 horarum
1361 3622 1463 3702 spatio
1487 3622 1629 3685 metiren-

275 3726 324 3778 tur
346 3715 494 3794 majorem
518 3713 622 3775 Lunae
647 3724 769 3784 motum,
793 3732 880 3796 quarn
903 3715 1012 3796 reliqui
1036 3735 1056 3775 a
1079 3726 1126 3780 ὲ
1150 3714 1189 3774 ad
1212 3717 1247 3787 ᾖ
1270 3712 1390 3774 veloces
1414 3711 1553 3791 ejusdem
1574 3729 1626 3773 nn-

274 3804 358 3866 meri.
408 3802 519 3865 Cetera
542 3802 680 3864 similiter
703 3803 918 3883 intelligantur.
966 3804 1045 3866 Utra
1067 3803 1144 3864 ratio
1164 3802 1295 3863 valitura
1308 3800 1358 3871 sit,
1382 3807 1416 3861 et
1439 3800 1490 3881 qui
1514 3801 1626 3881 placeat

201 3957 207 3964 ,
274 3901 415 3972 utraque,
450 3892 488 3953 ab
511 3891 569 3952 Er.
594 3893 628 3951 T.
656 3891 802 3970 judicium
833 3902 987 3972 exspecto.
1034 3894 1146 3954 Fateor
1169 3890 1303 3970 quidem,
1336 3888 1361 3951 si
1395 3908 1468 3951 vere
1503 3890 1624 3951 variaret

276 4000 417 4043 mensura
439 3988 553 4055 motus,
583 3999 670 4060 qnam
695 3999 797 4042 omnes
821 3982 1066 4062 aequalissimam
1089 3986 1203 4060 ponunt
1225 3988 1258 4040 et
1279 3978 1453 4059 philosophi
1476 3988 1509 4040 et
1531 3985 1621 4040 astro-

277 4071 372 4147 nomi,
397 4090 434 4132 ex
458 4088 493 4131 eo
517 4088 575 4131 non
600 4070 704 4131 Lunae
729 4070 839 4132 saltem
863 4070 916 4132 sed
940 4080 1108 4132 oeteromm
1131 4068 1223 4130 etiam
1246 4066 1436 4147 planetarum
1460 4074 1561 4131 motus
1580 4064 1622 4127 in·

276 4161 418 4241 aequales
444 4158 643 4240 appariturus.
693 4156 754 4220 Sed
773 4159 803 4220 in
826 4160 914 4221 Luna
937 4144 1052 4221 duabus
1076 4155 1158 4220 horis
1181 4174 1257 4217 unns
1280 4155 1393 4237 gradus
1413 4157 1576 4231 coniicitur,
1596 4151 1623 4214 in¹

275 4246 347 4312 Sole
372 4247 391 4312 5
416 4247 571 4328 scrupula,
604 4266 681 4328 quae
710 4268 729 4308 a
751 4247 897 4329 principio
921 4248 1038 4311 Arietis
1066 4254 1223 4309 numerata
1251 4244 1488 4309 declinationem
1513 4242 1619 4327 periuri

275 4356 333 4401 non
356 4333 542 4418 majorem2
565 4335 728 4415 scrupulis,
763 4337 887 4421 etquid
911 4345 988 4412 tum,
1023 4335 1049 4398 si
1073 4335 1207 4397 dicamus
1229 4334 1261 4397 in
1284 4333 1503 4399 constitutione
1526 4327 1615 4413 aequi·

276 4427 442 4491 doctiorum
473 4425 511 4488 ab
544 4425 788 4488 observatoribus
820 4434 951 4488 erratum
984 4444 1051 4487 essa
1079 4424 1227 4485 hactenns
1258 4422 1299 4486 ad
1331 4418 1469 4489 2horan
1500 4430 1533 4487 et
1559 4433 1613 4483 cett

279 4513 320 4579 10
344 4515 492 4597 scrupulis
525 4515 668 4594 majorem
687 4514 907 4577 semicirculum
930 4514 1095 4588 aestivum,
1129 4531 1220 4593 quam
1245 4519 1373 4593 putatus
1394 4511 1439 4575 sit
1462 4502 1614 4575 hmtmrat

275 4607 360 4668 Haeo
383 4606 462 4668 euim
485 4612 574 4665 tanta
596 4622 654 4664 nou
678 4612 761 4678 sunt,
791 4612 826 4666 ut
854 4604 892 4666 ab
915 4605 1182 4666 instrumentorum
1204 4601 1378 4665 subtilitate
1405 4600 1530 4683 coargui
1554 4612 1634 4678 W

276 4695 347 4758 sint.
395 4697 427 4757 lu
455 4693 573 4755 Venere
597 4703 629 4754 et
642 4693 791 4754 Mercurio
813 4692 947 4772 pauxillo
971 4693 1067 4774 major
1089 4694 1142 4754 liet
1162 4689 1335 4754 differentia
1355 4677 1612 4772 ampotis-sd
