3366 5482
604 234 687 302 oms
703 235 769 287 xix.
788 235 842 288 xx.

604 445 724 543 Caput
750 445 840 523 XX.

360 605 452 683 Quae
472 605 516 667 eit
532 604 699 687 proportio
717 612 858 667 moturum
875 605 920 685 od
943 608 1040 669 orbes.
1056 610 1083 681 ⁸)

128 748 233 829 Atque
257 747 405 809 hacteuus
429 746 548 827 quidem
572 745 744 823 expeditum
768 755 817 808 est
840 756 1048 826 argumentum
1072 748 1154 823 illud,
1181 768 1237 827 quo
1254 768 1309 829 ego
1333 754 1401 832 plu-

46 838 145 899 rimum
180 836 296 898 roboris
331 835 431 897 afferri
458 843 530 915 puto
561 835 680 895 novatis
709 834 944 914 hypothesibus,
979 837 1290 916 demonstratumque,
1324 842 1427 920 quod.

45 927 233 1006 proportione
257 925 386 1004 quinque
410 921 591 1004 regularium
615 941 770 1001 corporum
796 933 919 985 utantur
933 923 1110 1000 ἀποςηματα
1125 925 1238 986 orbium
1254 927 1283 987 in
1303 928 1402 1010 hypo-

46 1015 178 1076 thesibus
200 1012 369 1095 Copernici.
405 1014 572 1075 Videamus
597 1012 695 1081 modo,
720 1021 819 1074 utrum
842 1013 938 1074 altero
963 1015 1054 1074 etiarn
1074 1022 1251 1092 argumento
1275 1035 1312 1076 ex
1336 1037 1402 1080 mo-

47 1104 118 1165 tibus
142 1102 274 1165 deducto
296 1102 416 1181 possint
438 1110 470 1162 et
492 1118 588 1162 novae
613 1100 796 1181 hypotheses
820 1110 851 1162 et
875 1101 931 1165 hae
954 1102 1039 1181 ipsae
1060 1102 1177 1164 orbium
1202 1102 1403 1168 dimensiones

48 1191 266 1273 Cuperuicauae
289 1191 466 1263 confirmari,
491 1200 581 1269 atque
606 1189 635 1249 iu
658 1189 851 1268 proportione
875 1199 1007 1252 motuum
1031 1193 1069 1252 ad
1091 1189 1272 1269 dnocpnaaa‘
1290 1195 1403 1257 certior

49 1281 116 1343 ratio
139 1301 179 1342 ex
204 1279 382 1364 Copemico,
408 1298 497 1360 quam
521 1296 559 1337 ex
584 1278 705 1339 usitatis
730 1279 957 1358 hypothesibus,
983 1280 1095 1342 haberi.
1143 1278 1212 1351 Qua
1231 1283 1308 1344 iure
1333 1284 1401 1345 dnm

52 1370 252 1450 amplitudines
277 1370 390 1431 orbium
419 1368 571 1447 proximas
596 1364 812 1445 Copcrnicanis
842 1387 878 1428 ex
902 1377 1035 1429 motuum
1058 1375 1234 1446 napaodmora
1257 1374 1401 1476 tempori-

53 1460 96 1521 bus
117 1459 195 1520 bene
220 1458 351 1537 coguitis
376 1468 509 1530 exstruo,
534 1457 603 1516 fave
629 1456 725 1517 facilis
741 1456 852 1517 Uranie
876 1457 1074 1535 pulcherrimo
1094 1459 1223 1533 conatui,
1250 1469 1319 1522 tuus
1338 1463 1402 1540 jam

55 1549 132 1610 honos
155 1548 267 1627 agitur.
1308 1563 1336 1586 ²

126 1637 261 1699 Primum
290 1653 393 1696 omnes
423 1640 545 1712 optant,
580 1641 612 1693 ut
641 1650 697 1713 quo
723 1633 837 1711 longius
867 1634 993 1712 quilibet
1026 1634 1107 1696 orbis
1135 1634 1223 1697 abest
1254 1637 1402 1713 amenio,

58 1735 126 1787 tauto
152 1724 281 1788 tardiori
309 1731 391 1786 motu
421 1722 550 1782 incedat.
592 1720 675 1782 Nihil
705 1722 782 1782 enim
813 1722 921 1782 rationi
955 1723 1052 1802 magis
1081 1731 1129 1784 est
1157 1734 1401 1800 consentaneum,

61 1823 123 1875 leste
143 1814 242 1877 Arist.
272 1814 325 1875 lib.
349 1812 389 1872 II.
415 1811 451 1872 de
477 1807 660 1888 Coelo'cap.
689 1807 738 1872 10.
769 1829 857 1888 quam
889 1833 963 1872 κατα
991 1815 1076 1888 loyor
1098 1817 1244 1891 precedat
1266 1837 1319 1884 τας
1341 1809 1403 1876 ixa·

62 1925 101 1974 ςον
124 1925 244 1980 sequere
269 1923 331 1972 τοις
358 1898 540 1975 ἀποςημασι.
587 1895 654 1967 Quo
685 1899 749 1959 loco
778 1899 838 1959 etsi
866 1899 1061 1978 philosophus
1091 1901 1219 1962 alienam
1249 1903 1336 1964 affert
1364 1905 1403 1965 ab

64 1992 180 2054 instituto
208 1999 314 2052 nostro
345 1988 492 2050 rationem
523 1987 665 2057 alteram,
699 1988 817 2048 scilicet
845 1988 1088 2066 impedimentum
1123 1990 1161 2049 ab
1194 1992 1402 2053 occursatione

65 2079 240 2158 pernicissimi
263 2078 351 2159 primi
376 2077 507 2148 mobilis,
542 2086 643 2137 tamen
668 2087 699 2137 et
728 2077 825 2137 altera
853 2077 969 2138 ratione
992 2096 1047 2156 pro
1075 2097 1121 2139 me
1151 2078 1247 2141 adhuc
1275 2091 1306 2141 et
1338 2089 1404 2143 tota

65 2171 195 2232 sententia
219 2178 326 2229 contra
348 2166 555 2227 Ptolemaeum
580 2172 743 2243 contraque
769 2185 801 2226 se
825 2164 922 2243 ipsum
946 2166 1066 2227 militat.
1113 2167 1220 2229 Placet
1248 2167 1291 2229 illi
1315 2189 1402 2231 uam-

66 2274 113 2336 quc,
133 2267 233 2320 motus
257 2255 473 2336 aequalitatem
497 2275 516 2314 a
542 2254 706 2314 motoribus
731 2253 759 2313 in
785 2273 887 2315 omues
911 2254 999 2316 orbes
1020 2255 1129 2330 venire,
1154 2256 1402 2336 inaequalitatem

66 2345 154 2408 reditus
177 2346 216 2408 ab
241 2346 361 2407 orbibus
386 2343 460 2422 ipsis
485 2343 618 2403 causari:
644 2350 677 2402 ut
701 2341 824 2404 Saturni
849 2344 966 2421 quidem
992 2343 1143 2423 quaelibet
1162 2344 1312 2425 particula
1337 2356 1400 2409 tam

66 2433 94 2495 sit
114 2437 212 2509 uelox,
250 2453 338 2514 qnam
367 2444 416 2493 est
444 2432 544 2492 infima
572 2432 675 2491 Lunae
709 2432 840 2510 sphaera
872 2432 901 2491 vi
930 2433 1069 2493 motionis
1098 2435 1248 2514 aequalis:
1281 2436 1335 2496 sed
1359 2436 1403 2497 illi
1453 2504 1458 2509 ,

65 2521 107 2598 jau
127 2526 256 2596 accidat,
280 2532 315 2584 nt
338 2522 466 2600 amplius
491 2529 582 2581 nacta
604 2520 744 2598 spatium,
769 2540 835 2581 curu
858 2540 917 2580 nou
940 2521 1062 2582 citatior
1085 2522 1127 2583 sit
1141 2523 1260 2597 ceteris,
1286 2524 1403 2586 tardius

10 2616 13 2629 '
68 2613 158 2675 redeat.
210 2612 306 2693 Atqui
339 2611 436 2671 viliori
470 2610 526 2669 hac
559 2608 742 2688 aequalitate
776 2609 971 2688 philosophus
1005 2610 1033 2671 iu
1069 2620 1203 2674 veterum
1239 2614 1402 2675 traditione

10 2712 17 2761 ¹.
67 2702 133 2776 potiri
150 2721 210 2764 uon
234 2701 348 2782 potuit,
374 2699 444 2778 quia
467 2717 592 2759 necesse
616 2707 696 2771 erat,
722 2709 756 2759 ut
779 2698 874 2759 tribus
896 2698 1027 2777 planetis
1051 2700 1252 2781 inaequalium
1277 2703 1401 2776 orbium,

67 2788 121 2866 Soli,
143 2791 272 2864 Veneri,
297 2788 447 2852 Mercurio
471 2788 613 2866 aequales
638 2787 753 2847 reditus
777 2787 959 2862 tribuerent,
986 2797 1075 2866 atque
1100 2790 1143 2849 sic
1167 2809 1286 2869 semper
1309 2809 1401 2871 supe·

66 2877 150 2942 riorem
172 2881 202 2942 iu
227 2878 300 2940 orbe
324 2896 377 2938 suo
401 2877 570 2938 citatiorem
596 2876 750 2938 efficerent
764 2874 905 2937 inferiori.
952 2877 986 2937 In
1003 2875 1168 2955 Copernico
1188 2879 1284 2957 prima
1304 2881 1402 2942 frome

66 2967 117 3031 talis
139 2970 228 3032 offert
252 2987 319 3029 sese
343 2966 506 3046 proportio.
553 2965 632 3027 Nam
655 2984 708 3026 sex
732 2964 847 3026 orbium
861 2965 1013 3027 mobilium
1032 2985 1150 3045 semper
1174 2968 1223 3046 qui
1247 2969 1402 3046 augustior

64 3066 104 3131 est,
125 3059 213 3120 citius
237 3057 326 3118 redit.
373 3055 516 3117 Mercurii
540 3073 666 3135 namque
691 3073 795 3116 cursus
810 3055 972 3116 trimestris
992 3063 1049 3128 est,
1074 3054 1205 3117 Veneris
1229 3058 1401 3137 sesquiocto

63 3148 199 3218 meusium,
232 3147 345 3207 Terrae
369 3163 500 3217 annuus,
535 3143 645 3205 Martis
668 3142 900 3217 bimus,=J0vis
924 3143 1094 3217 duodecim,
1128 3142 1252 3206 Saturni
1275 3146 1402 3226 triginta

64 3252 195 3299 annorum.
247 3235 359 3296 Verum
383 3234 408 3294 si
433 3233 470 3294 ad
495 3233 626 3294 calculos
649 3251 783 3306 revoces,
808 3233 853 3293 ita
876 3241 910 3294 ut
933 3242 1046 3312 quanta
1069 3240 1116 3294 est
1134 3235 1287 3314 proportio
1302 3245 1402 3298 motus

63 3319 164 3388 Saturni
187 3325 227 3386 ad
262 3324 407 3385 ambitum
439 3322 520 3383 orbis
553 3322 617 3381 sive
642 3322 680 3382 ad
712 3322 888 3382 distantiam
920 3323 1042 3393 (eadem
1072 3323 1150 3383 euim
1175 3332 1222 3385 est
1247 3325 1401 3404 proportio

63 3411 225 3488 circulorum,
252 3432 327 3492 quae
343 3411 657 3484 semidiametrorum),
681 3419 799 3471 tantam
815 3406 906 3472 eliam
926 3410 1020 3472 facias
1044 3412 1265 3491 proportionem
1280 3423 1401 3475 cetero-

64 3513 256 3564 ruumotuum
279 3501 422 3579 cujusque
447 3500 485 3560 ad
509 3520 593 3560 suum
617 3502 736 3560 orbem:
762 3500 968 3578 deprehendes
984 3501 1130 3579 ejusmodi
1149 3502 1313 3580 simplicem
1328 3521 1401 3583 pro·

64 3593 206 3664 portionem
231 3610 289 3652 uon
314 3590 425 3650 hahere
450 3589 556 3650 locum.
606 3588 700 3668 Cujus
724 3589 767 3649 rei
791 3608 864 3668 cape
889 3589 966 3649 hauc
991 3589 1133 3651 tabellam
1158 3590 1296 3653 indicem.

72 3794 437 3963 ΤΜ
534 3873 564 3947 a
441 3832 663 3972 „l

70 3973 208 4097 Γ*
241 3996 436 4063 1075912
434 3973 546 4042 Dies
572 4002 630 4043 scr.
659 3970 661 3997 Ι
734 3973 758 4034 ὀ
664 3956 832 4059 mi
999 3914 1002 4061 l

109 4088 113 4179 l
260 4085 354 4152 6159
432 4085 550 4164 41332
589 4086 631 4151 37
664 4071 749 4132 Dies.
766 4086 831 4131 scr.
904 4057 928 4126 d
1000 4091 1001 4111 ι

111 4199 114 4321 q
265 4175 346 4240 Μ
432 4175 548 4240 um
663 4157 1002 4283 ΜΜΜΜ
1075 4141 1099 4214 9

211 4272 216 4425 q
263 4246 548 4332 11741843
656 4260 741 4327 452
828 4248 913 4333 ,365
943 4268 980 4330 15
842 4244 1090 4309 *Dies
1105 4268 1171 4343 scr.
1245 4237 1267 4311 9

316 3791 335 3862 h

141 4089 154 4132 ‘l

280 4353 346 4419 Μ
431 4352 546 4417 sm
655 4329 741 4426 Μ
828 4311 1397 4419 ΜΜΜΜΜΜ

280 4404 546 4527 mimo
653 4436 913 4525 mim
999 4432 1083 4509 ,Μ
1175 4423 1397 4516 mm?

148 3998 167 4078 b

145 4090 167 4164 l

146 4187 168 4248 a

146 4270 167 4342 o

147 4354 169 4429 Ω

151 4447 170 4522 t

112 4302 117 4519 l

134 4655 182 4719 llic
214 4661 316 4741 capita
337 4662 570 4730 vcolumellarum
607 4663 762 4724 continent
799 4661 864 4723 dies
901 4669 934 4722 et
961 4660 1075 4721 dierum
1103 4657 1257 4736 scrupula,
1290 4653 1397 4735 quibus

80 4746 267 4835 ⁵lllriuscripti
288 4751 430 4834 planetae
454 4752 509 4814 sub
533 4751 604 4816 orbe
628 4753 752 4815 stellato
776 4771 848 4814 suns
866 4749 1006 4834 periodos
1030 4747 1201 4830 complent:
1235 4754 1397 4825 sequentes
