3366 5482
649 212 733 264 soom
751 214 866 266 snum
968 248 972 262 .
1215 225 1221 232 ·
1377 218 1444 285 213

82 367 190 419 thesibus
222 366 294 431 (lieet
319 384 371 421 son
398 372 519 435 espn'mat
546 368 611 435 ipss)
642 386 716 435 quam
746 374 813 438 apud
838 374 1010 426 Pmlomaeum
1041 378 1172 443 aequuum
1203 382 1314 428 eenmum
1344 382 1384 429 est
1412 377 1454 437 D..

82 438 145 490 Nam
164 440 272 492 drenlns
290 441 382 492 EFGH
400 443 466 493 circa
483 442 506 493 B
526 449 566 493 est
584 443 688 492 circnlm
714 442 764 506 (rel
789 448 859 510 qussi
885 448 991 498 circidus
1013 446 1077 510 iere)
1103 451 1159 500 viee
1184 449 1354 512 plsnetarias.
1380 448 1448 499 uude

82 510 242 582 Ptolemaeus
261 528 379 578 cumpro
398 516 440 564 ria
458 521 484 564 et
501 529 545 578 pro
564 515 702 564 eccentrico
721 514 840 578 planetae
859 520 1007 581 acceptavit
1039 518 1090 570 Sed
1109 520 1214 570 oirculus
1232 518 1327 569 medius
1346 518 1447 570 eiroall

81 596 130 632 ueu
149 589 190 634 est
209 597 321 649 aequans
338 584 470 648 planetae,
495 585 540 635 sed
559 591 598 634 est
616 585 751 649 Cepernico
769 589 810 637 sia
829 591 906 639 contri
926 591 1038 653 epicycli.
1075 590 1147 651 Quod
1165 591 1186 640 si
1204 596 1289 640 autem
1306 595 1447 643 assumsisse

82 653 103 704 D
122 657 227 719 eiusque
246 655 351 706 circulus
369 655 459 706 IKLM
478 654 563 720 (quem
583 655 733 721 Cepernicus
752 658 805 708 loco
825 659 933 726 allegato
953 657 1056 720 omittit)
1075 663 1234 712 manilestum
1253 660 1296 718 iit,
1316 675 1373 711 eum
1391 674 1446 712 asse

81 740 164 775 rerum
190 733 353 792 aequantem,
382 729 499 791 aequanti
522 726 659 777 Ptolemaei
684 729 865 780 absolutissime
889 733 1128 795 correspondentem.
1168 731 1207 782 Sit
1229 732 1294 780 enim
1320 731 1446 795 spieyolus

82 795 209 861 Goperuici
227 797 255 847 in
274 810 386 864 apogaeo
404 798 441 856 Τ,
467 799 506 848 rol
524 799 640 864 porigaeo
659 798 694 858 X,
719 807 816 863 oportet
840 817 898 867 ergo
924 804 1059 852 secundum
1078 806 1131 865 ojus
1149 801 1299 867 hypotheses
1317 802 1446 865 planetam

81 868 105 917 iu
123 867 149 915 V
168 875 195 918 et
212 869 236 918 Y
254 870 361 927 vomeri,
381 870 467 934 quibus
485 885 557 919 serus
578 875 603 918 et
621 871 716 919 medius
735 878 815 920 motus
834 878 886 921 tam
905 873 938 922 sd
958 874 981 922 Δ
998 874 1096 931 mundi,
1116 889 1190 938 quam
1209 873 1242 923 ad
1259 871 1282 921 B
1300 886 1362 923 suae
1379 874 1445 932 riae,

82 952 155 1004 quam
173 941 252 990 etiam
270 940 303 990 ad
321 939 345 990 D
366 942 497 1006 sequentis
517 948 603 990 contre
621 943 777 991 conveniunt
808 943 902 993 Eodem
922 951 1006 993 autem
1026 945 1136 1008 epicycle
1155 944 1214 994 iuZ
1233 958 1371 1008 progresso,
1390 942 1445 1007 pls-

84 1016 143 1060 nsta
162 1025 192 1060 ex
211 1010 251 1068 V,
270 1012 386 1076 quodibi
406 1017 445 1062 est
462 1012 491 1068 h.
515 1013 540 1060 in
560 1026 576 1061 a
599 1010 710 1072 devenit,
737 1014 835 1078 angulis
853 1028 888 1063 sc.
908 1014 972 1064 TCZ
991 1021 1017 1065 et
1039 1016 1095 1065 bZa
1113 1016 1257 1080 aequalibus
1276 1015 1445 1071 existentibus.

85 1082 147 1131 sicut
166 1088 192 1132 et
210 1081 253 1132 TZ
272 1088 299 1132 ot
315 1083 354 1132 ba
378 1083 504 1133 similibus.
542 1082 572 1131 In
599 1082 765 1146 qusdnlssero
789 1100 847 1149 ergo
874 1085 974 1142 uzon,
1001 1087 1099 1151 engnlis
1123 1087 1155 1136 ad
1175 1087 1195 1136 Z
1214 1084 1278 1135 etG
1301 1085 1445 1150 aequalibus
1507 1103 1517 1114 ·

85 1153 199 1209 inventis,
218 1167 322 1203 necesse
335 1161 382 1210 est,
401 1161 499 1218 propter
511 1154 550 1202 Za
562 1161 588 1202 et
601 1153 645 1202 CD
660 1155 776 1218 aequales
789 1162 879 1213 rectas,
899 1157 1003 1222 sngolos
1017 1159 1049 1206 ad
1068 1172 1084 1207 s
1102 1162 1129 1207 et
1139 1157 1164 1206 D
1184 1158 1259 1206 etiam
1278 1170 1333 1206 esse
1352 1169 1444 1221 aequa·

86 1223 127 1273 los
158 1223 232 1275 Unde
252 1223 294 1273 ΟΖ
314 1231 340 1274 et
357 1225 401 1275 Da
417 1224 552 1288 parallelae
571 1231 637 1282 sunt,
657 1231 731 1289 atque
751 1227 835 1291 anguli
853 1226 916 1276 Tcz
937 1233 1011 1292 atque
1027 1227 1095 1279 VDs
1113 1229 1238 1293 aequales.
1268 1225 1360 1287 Quare,
1380 1228 1446 1276 deut

87 1294 190 1359 epicyeli
208 1301 320 1345 centnm
340 1310 370 1345 er
388 1295 410 1344 'l'
427 1296 454 1344 iu
471 1296 491 1344 Z
511 1294 610 1345 oiroail
629 1296 766 1359 aequaliter
782 1306 901 1352 movetur,
919 1299 956 1347 ita
974 1300 1051 1348 etiam
1068 1299 1171 1363 pisnets
1189 1314 1219 1348 er
1230 1297 1254 1346 V
1273 1299 1298 1347 in
1318 1311 1334 1346 a
1352 1310 1445 1362 aequa·
1494 1310 1497 1321 ·

86 1366 140 1415 liter
157 1367 253 1416 incedit
271 1367 339 1416 eirca
356 1366 388 1417 1).
427 1365 504 1416 Vides
524 1381 597 1431 ergo,
623 1365 647 1415 D
668 1368 744 1415 etism
766 1369 831 1431 spnd
850 1369 1014 1432 Coperuicum
1039 1385 1093 1420 esse
1112 1377 1224 1421 centrum
1243 1369 1373 1432 sequentis
1388 1368 1444 1432 pls.-

86 1443 172 1493 netse,
199 1437 264 1502 quod
282 1438 354 1501 duple
373 1437 501 1488 intervallo
520 1438 594 1501 ipsius
613 1438 660 1487 AB
679 1438 750 1487 abest
768 1440 799 1488 ab
818 1442 848 1488 Δ.
886 1440 936 1489 Ριι
954 1447 993 1491 ιιι
1015 1443 1091 1498 ratio,
1117 1443 1139 1491 si
1162 1441 1215 1491 loco
1238 1438 1444 1502 eccentrepicyeli

85 1515 213 1558 eccentrus
232 1510 341 1559 eceeutri
358 1515 473 1573 ponatur,
492 1508 526 1558 ibi
546 1509 626 1566 enim.
645 1508 687 1557 ubi
706 1513 759 1571 ejus
779 1517 889 1560 centrum
908 1513 934 1559 in
951 1527 1026 1574 parvo
1045 1513 1135 1563 circulo
1155 1516 1256 1576 agatur,
1275 1516 1346 1560 reeta
1364 1525 1395 1559 ex
1413 1523 1443 1560 eo

86 1579 115 1628 sd
132 1579 263 1643 planetam
282 1594 378 1644 semper
396 1595 440 1644 per
457 1579 481 1628 D
501 1581 598 1628 transit.
618 1601 653 1612 -
671 1578 844 1631 Veruntamen
863 1582 919 1632 huic
939 1584 1015 1647 capiti
1032 1584 1099 1633 istnd
1117 1584 1214 1645 adjicio.
1250 1581 1307 1631 Non
1326 1595 1444 1644 aspernor

84 1649 145 1700 hauc
165 1651 196 1700 de
216 1652 301 1701 anima
320 1657 346 1700 et
363 1652 453 1700 virtute
471 1653 574 1701 metrice
592 1649 795 1714 speculationem.
833 1652 925 1702 Verum
949 1661 1047 1713 metuo,
1074 1669 1106 1704 ne
1130 1655 1203 1703 nimis
1230 1654 1325 1702 subtilis
1348 1653 1395 1712 sit,
1421 1652 1442 1700 si

84 1723 182 1771 nimium
201 1722 357 1772 extendatur.
396 1721 483 1783 Qualis
501 1721 544 1772 ilia
561 1723 616 1784 ipsa
634 1728 680 1778 est,
700 1736 774 1785 quam
793 1724 824 1773 de
842 1724 916 1773 Luna
933 1740 1016 1774 moves
1035 1723 1103 1788 (cap.
1124 1722 1176 1782 le).
1211 1723 1305 1773 Vereor
1323 1723 1441 1786 proiecte,

84 1793 103 1840 si
119 1792 186 1843 ultra
204 1794 304 1842 medum
323 1795 395 1842 nimis
418 1792 534 1856 specialis
556 1793 614 1853 fiat,
641 1808 672 1842 ne
693 1796 819 1855 jacturam
842 1795 880 1843 rel
903 1803 970 1845 certe
990 1798 1085 1845 ruinam
1108 1795 1183 1844 tetius
1203 1795 1368 1844 astronomiae
1386 1799 1443 1857 post

85 1877 109 1913 se
125 1864 218 1914 trahat.
257 1864 375 1914 Existimo
394 1866 492 1914 omuino
509 1878 586 1927 parco
604 1870 630 1915 et
647 1864 719 1914 valde
737 1865 864 1915 moderate
882 1866 930 1915 hac
949 1867 1118 1930 speculatione
1137 1866 1270 1922 uteudum;
1295 1870 1321 1913 et
1338 1871 1367 1913 ιι
1384 1878 1441 1913 vere

85 1935 162 1985 diam
183 1935 250 2001 quod
275 1937 369 1985 sentio:
393 1951 443 1987 uon
463 1950 592 1999 aspernor,
621 1941 649 1986 at
665 1936 776 1998 proiecte
793 1936 925 2000 languidus
944 1944 983 1986 est
1000 1953 1070 1987 meus
1093 1952 1225 1994 assensum
1252 1936 1357 2000 plurima
1375 1936 1441 1984 enim
1548 1989 1553 1995 ,

85 2008 207 2057 sesmaria
223 2006 284 2056 mihi
302 2008 410 2058 obstant.
448 2006 498 2057 Sed
516 2006 547 2056 de
565 2006 603 2056 his
621 2006 692 2057 alias.
712 2029 747 2040 -
766 2007 869 2072 Kepieri
886 2010 1012 2072 responsio
1030 2008 1156 2074 relegatur
1173 2010 1199 2057 in
1217 2007 1295 2071 praei.
1314 2022 1338 2071 p.
1358 2003 1388 2054 ³1
1404 2019 1442 2070 sq.

151 2194 198 2260 63)
217 2214 243 2263 p.
267 2196 323 2247 sss.
360 2195 550 2250 Maestllnus
575 2201 602 2251 in
626 2200 703 2251 litoris
729 2200 753 2251 d
779 2200 917 2259 „Postridie
936 2200 991 2251 Cel.
1010 2200 1073 2263 Maii
1095 2197 1178 2250 1598“
1198 2205 1284 2256 ιιι,
1309 2211 1370 2261 quas
1393 2197 1441 2248 hoo

84 2272 132 2335 ipse
158 2275 271 2335 tempere
298 2287 345 2336 quo
372 2270 418 2320 has
446 2273 587 2336 accepimus
615 2284 632 2322 a
658 2273 811 2338 typographo
836 2273 964 2339 plagulas,
994 2275 1020 2322 in
1039 2269 1368 2333 v01.XV.Msc.P0trop.
1396 2269 1439 2319 de·

84 2341 254 2406 prehendimus
274 2340 381 2404 (utnon
399 2343 432 2391 sit
449 2343 574 2408 integrum
597 2355 654 2393 eam
678 2351 791 2408 partem,
817 2358 881 2409 quae
906 2345 939 2395 ad
955 2343 1059 2408 Kepieri
1077 2344 1186 2407 pertinet
1203 2342 1288 2391 literas
1305 2356 1330 2403 p.
1349 2338 1380 2388 81
1404 2355 1440 2404 sq.

84 2413 226 2478 prepositus.
244 2414 300 2464 loco
318 2413 359 2462 illo
379 2413 486 2470 addere;
504 2428 578 2478 quam
598 2414 628 2464 eb
646 2427 698 2464 rem
717 2428 749 2464 ea
767 2422 864 2465 tantum
878 2430 944 2480 quae
956 2415 1005 2465 huc
1017 2416 1143 2479 pertinent
1155 2415 1326 2476 excerpsimus.
1346 2412 1441 2475 reliqua

85 2485 113 2534 sd
130 2484 208 2534 aliurn
221 2484 302 2534 locum
315 2480 492 2545 reservantes),
510 2484 660 2535 Maecilium
678 2485 754 2551 igitur
771 2485 837 2537 hano
854 2488 931 2539 movit
948 2487 1134 2551 quaestionem:
1163 2483 1303 2533 ...Plura
1314 2482 1440 2538 haberem,

85 2556 225 2619 monim
243 2555 370 2620 quidpiam
387 2570 468 2605 rerum
487 2555 721 2622 chronologicarum.
759 2556 896 2608 Considera
913 2559 1019 2625 pesitum
1042 2556 1199 2621 planetamm
1217 2561 1277 2605 ante
1295 2554 1441 2618 principium

85 2633 195 2676 mustum
215 2640 336 2676 annorum
355 2626 445 2675 Christi
467 2626 535 2677 ultra
556 2640 635 2677 annes
658 2627 771 2677 Juliarres
790 2629 924 2693 completos
940 2625 1011 2677 4096
1030 2627 1083 2678 dies
1102 2622 1199 2687 livi„
1225 2626 1266 2689 qui
1284 2625 1337 2675 dios
1354 2623 1441 2674 incidit

85 2698 107 2747 in
123 2696 165 2746 27.
184 2696 259 2754 solu,
284 2700 325 2763 qni
343 2704 382 2748 est
400 2697 452 2747 dies
469 2697 493 2759 ij.
531 2696 587 2759 Quo
603 2705 718 2762 respectu
738 2697 770 2760 Θ
791 2701 949 2750 inueniuntur
967 2692 992 2761 Q
1011 2705 1038 2749 et
1056 2691 1092 2763 Q.
1108 2702 1181 2762 juxta
1200 2710 1314 2762 apogsea
1331 2709 1439 2745 commu·

85 2771 199 2818 satiem
217 2782 335 2823 suarum.
360 2783 412 2818 una
434 2784 491 2818 cum
510 2766 543 2829 Θ
563 2770 702 2820 ciuilium
720 2777 760 2827 e).
796 2771 925 2832 dautem,
943 2771 965 2832 li
985 2768 1055 2830 etd
1081 2784 1102 2819 c.
1128 2769 1310 2832 aequinoctium
1329 2781 1437 2816 seruum.

86 2834 179 2904 Item)
200 2840 226 2889 in
245 2833 281 2904 [J
298 2841 440 2903 posteriore,
459 2842 491 2890 ad
506 2835 530 2906 ὅ
545 2841 621 2890 etiam
634 2855 656 2905 q.
670 2844 768 2906 aequin.
782 2857 890 2892 vernum.
920 2840 958 2892 Ob
977 2843 1015 2890 dis
1033 2842 1071 2890 nit
1088 2841 1128 2890 ein
1146 2841 1241 2902 positus
1259 2837 1337 2888 creati
1354 2836 1440 2888 mundi

87 2910 160 2962 suet
196 2910 291 2960 Verum
308 2911 366 2960 mihi
386 2912 469 2961 οιιιιι
490 2909 516 2972 1)
536 2912 588 2961 dies
606 2912 630 2972 15.
668 2908 697 2972 2)
716 2911 853 2963 Solstitidm
878 2915 1014 2970 aestivum
1040 2926 1087 2961 nec
1105 2926 1130 2959 n.
1150 2911 1246 2974 probari
1264 2922 1337 2972 posse
1356 2908 1437 2967 credo,

89 2982 195 3033 nundum
212 2983 247 3031 ihi
267 2989 378 3032 creatum
398 2996 461 3032 esse.
499 2979 527 3043 3)
546 2982 627 3032 Nullis
645 2985 782 3033 rationibus
801 2985 978 3049 chronologicis
997 2996 1104 3045 eousque
1122 2981 1254 3045 procedere
1272 2980 1356 3042 possit.
1394 2977 1440 3028 Ioh

90 3051 158 3103 ioum
179 3054 227 3103 vol
252 3051 291 3115 (et
308 3055 335 3102 in
357 3066 390 3119 oa
407 3055 533 3103 sententis
551 3056 649 3103 omnino
672 3052 738 3114 sum)
766 3071 809 3119 per
834 3057 944 3104 rationes
972 3053 1158 3117 chronologicas
1184 3052 1221 3100 bis
1246 3050 1290 3099 aui
1310 3046 1382 3097 lese
1405 3048 1438 3098 ad

93 3126 260 3188 aequinoctium
279 3126 439 3181 autumnale;
461 3125 520 3174 aher
537 3126 574 3173 bis
593 3125 691 3174 dorthin
710 3126 777 3175 kann
794 3127 846 3177 ichs
860 3129 898 3176 uit
912 3127 1024 3191 bringen.
1036 3152 1069 3162 -
1081 3124 1154 3175 Haec
1167 3123 1281 3181 cursorie,
1300 3126 1328 3170 tu
1340 3120 1438 3169 interim

93 3208 125 3258 w
141 3197 296 3249 occasionem
314 3202 385 3260 petes
405 3197 481 3247 etiam
500 3197 618 3261 cogitare.

148 3337 316 3401 Ksplerus
334 3336 477 3399 respondit:

158 3447 188 3501 ln
202 3445 393 3516 chronologia
406 3446 478 3515 quod
502 3444 639 3508 monuisti,
664 3443 746 3497 miror
769 3445 946 3500 collationem
968 3444 1020 3499 mci
1040 3451 1069 3499 et
1089 3444 1130 3498 tui
1152 3441 1288 3514 principii.
1333 3439 1440 3496 Statuis

96 3518 186 3589 euim)
202 3524 218 3587 t
232 3523 257 3585 li
272 3522 298 3583 (l
313 3525 341 3579 in
356 3521 396 3588 Υ,
422 3520 454 3583 Θ
472 3517 496 3590 Q
512 3517 575 3586 liin
587 3529 627 3579 Θ.
662 3526 725 3594 Ego
740 3542 805 3578 vero
829 3525 937 3579 interea
951 3526 1040 3580 aetati
1054 3525 1145 3579 mundi
1166 3525 1194 3578 in
1208 3524 1261 3577 line
1284 3520 1336 3575 mei
1351 3520 1440 3575 libelli

96 3617 228 3674 expressae
244 3605 335 3660 addidi
353 3605 501 3660 trimestre.
541 3604 632 3659 Statui
650 3599 681 3662 Θ
699 3601 723 3672 Ω
738 3595 760 3665 ii
773 3606 801 3660 in
815 3597 847 3666 «ὅ
856 3647 863 3669 ,
889 3598 962 3666 Ml>
978 3606 1046 3672 ἰιιΥ
1067 3613 1097 3659 et
1111 3604 1226 3658 termino
1241 3603 1358 3673 quodam
1372 3617 1438 3655 ano·

96 3684 189 3742 uslise:
204 3683 258 3748 pli
274 3682 299 3743 ὀ
314 3685 432 3740 motibus
446 3684 541 3740 mediis
556 3685 584 3738 in
599 3684 634 3744 Υ.
666 3692 774 3745 Causae
789 3686 843 3740 hae
858 3694 934 3740 sunt:
959 3685 1066 3740 Sufficit
1084 3685 1202 3737 motibus
1217 3682 1310 3736 inediis
1326 3679 1438 3750 conjun-

97 3766 142 3817 ctos
161 3785 219 3822 esse
242 3773 301 3820 tres
325 3767 490 3835 superiores,
512 3766 626 3819 Terram
639 3787 714 3834 sero,
740 3786 811 3840 quse
826 3786 880 3820 non
903 3768 991 3820 habet
1013 3764 1153 3834 peculiare
1175 3778 1282 3832 corpus,
1307 3760 1438 3814 inchoare

96 3855 174 3902 nusum
187 3847 310 3902 ordinem
333 3853 362 3899 et
376 3846 465 3899 creari
479 3846 507 3899 in
522 3849 566 3909 Θ,
591 3847 637 3899 ubi
661 3856 796 3904 tumeret
818 3847 1003 3916 pulcherrima
1021 3843 1197 3898 constellatio
1221 3839 1373 3895 hemiooeiii
1389 3839 1437 3894 dte.

98 3907 179 3985 isti<
199 3927 301 3983 ibidem
320 3926 368 3979 ubi
382 3927 437 3990 Sol¹
466 3926 627 3996 quinetiam
651 3930 679 3983 in
692 3931 817 3984 motibus
832 3927 987 3998 alligantur
1002 3927 1036 3979 ad
1053 3919 1085 3981 Θ
1108 3931 1137 3976 et
1152 3922 1217 3993 quia
1231 3921 1305 3975 intra
1319 3922 1438 3990 comple·

97 3999 180 4070 ’ωδ
195 4015 269 4070 suni.
290 4013 320 4060 et
333 4005 398 4077 quis
413 4023 431 4059 a
445 4005 604 4075 corporibus
618 4011 746 4078 pendulis
762 4010 934 4063 ambeuntnr.
972 4005 1024 4060 Sed
1041 3995 1065 4067 Ω
1081 4003 1195 4066 directe,
1212 3995 1232 4063 il
1246 4001 1436 4071 retrogradus,

99 4081 149 4146 quia
164 4089 247 4143 etiam
269 4078 297 4140 in
319 4088 438 4140 motibus
460 4087 567 4139 habent
588 4091 730 4158 oppositas
749 4090 882 4144 rationes.
926 4078 1033 4147 lvere
1048 4084 1076 4137 in
1092 4080 1133 4146 Υ,
1159 4082 1224 4154 quia
1238 4087 1269 4135 ut
1283 4078 1298 4141 i
1313 4079 1336 4139 li
1350 4075 1437 4138 seld

98 4156 175 4246 ⁸⁸³6),
197 4167 237 4222 sio
252 4159 279 4229 [i
296 4169 332 4221 ad
346 4159 381 4231 ὃ,
405 4173 438 4221 ιιι
458 4166 496 4219 sit
514 4173 544 4220 et
562 4168 649 4223 Terra
672 4178 701 4224 et
715 4171 763 4225 Sol
777 4175 899 4222 centrum
922 4167 1066 4239 quoddam.
1108 4165 1176 4218 Tum
1201 4169 1295 4216 autem
1309 4157 1349 4219 pls
1363 4157 1388 4218 d
1404 4153 1431 4223 J)

98 4250 121 4289 ¹ss
134 4248 200 4303 sodis
224 4253 254 4301 et
275 4247 303 4300 in
322 4245 541 4318 longitudinibus
563 4248 665 4315 mediis,
692 4250 756 4320 quie
778 4247 951 4303 mediocritas
971 4245 1071 4315 ubique
1091 4244 1166 4313 prior
1185 4248 1229 4296 est
1252 4247 1369 4312 utroque
1389 4258 1438 4294 ex·

100 4318 175 4379 hene.
214 4328 299 4383 Secus
320 4326 349 4380 in
373 4320 412 4392 ὅ,
435 4342 507 4397 quac
530 4327 591 4380 ideo
615 4328 643 4381 in
665 4322 699 4390 ὅ
707 4372 714 4394 ,
737 4348 791 4384 non
814 4329 842 4382 in
862 4328 964 4391 medie,
986 4344 1025 4380 so.
1050 4325 1078 4378 in
1100 4321 1126 4383 Υ
1150 4331 1201 4378 aut
1222 4321 1283 4387 ἓ,
1307 4321 1372 4393 quia
1395 4325 1440 4373 est

100 4395 250 4463 nihilominus
265 4407 293 4460 iu
307 4407 428 4461 zodiaco.
456 4408 509 4460 Est
523 4406 595 4461 enim
608 4409 679 4463 haec
692 4410 851 4480 aequatoris
865 4406 1007 4461 inclinatio
1023 4411 1131 4459 tantum
1144 4405 1248 4458 Terrae
1262 4411 1369 4464 παθος,
1384 4416 1438 4454 nou

101 4478 197 4542 unioni
210 4487 313 4543 mundi.
342 4489 420 4542 Haec
434 4488 468 4541 ad
483 4487 556 4540 hunc
569 4491 678 4543 modum
691 4490 758 4544 duxi
773 4495 905 4559 tanquam
920 4489 1010 4541 ideam
1018 4484 1198 4548 Platonicam,
1217 4490 1319 4554 postea
1332 4479 1438 4535 accessi

101 4556 333 4646 lfiiurestigandos
347 4575 437 4622 motus
452 4571 481 4620 et
495 4568 663 4636 deprehendi
677 4571 874 4640 propemodum
890 4567 981 4621 omnia
995 4566 1021 4618 iu
1036 4581 1072 4618 ea
1085 4563 1257 4625 habitudine,
1272 4568 1305 4615 ut
1319 4575 1435 4630 sperem.

101 4642 155 4697 Μὴ
169 4648 265 4703 calculi
285 4648 394 4703 ruinam
412 4648 440 4703 in
454 4646 554 4702 dictam
568 4647 682 4703 sormam
697 4651 789 4704 omnia
802 4648 928 4718 coaptari
948 4662 1039 4717 posse.
1078 4644 1154 4698 Nihil
1175 4641 1264 4714 magis
1279 4640 1341 4695 cavi
1355 4654 1437 4710 quam
