3366 5482
754 245 836 311 cont
852 247 923 298 ιιι.
1458 248 1520 316 ιιι

166 427 212 480 quo
233 413 416 461 conservatur
440 405 546 476 species
576 405 650 460 floris
680 412 710 459 et
729 422 858 461 uumerus
889 407 1023 463 foliorum.
1065 410 1109 464 De
1130 411 1182 466 hcc
1204 411 1264 465 vide
1290 412 1520 483 epilogoslibro·

164 506 216 543 rum
236 488 282 542 lV.
304 494 335 540 et
356 487 389 540 V.
411 485 590 540 Harmonices
612 492 733 541 nostrae.

237 563 268 636 l)
289 569 335 621 Ita
356 573 519 636 conceptum
539 572 584 619 est
603 566 656 619 hoc
677 573 882 639 argumentum,
904 575 936 622 ut
957 569 1051 623 audire
1071 570 1154 623 velim
1174 569 1317 640 physicos,
1340 570 1403 640 quid
1424 578 1522 625 contra

163 649 248 702 dicere
270 646 391 718 possint.
433 646 505 700 Nam
527 647 563 699 ab
589 646 631 699 his
658 646 695 701 25
718 647 797 700 annis
827 664 906 701 nemo
935 650 1006 718 quod
1030 649 1113 703 sciam
1141 649 1248 714 extitit,
1280 649 1325 719 qui
1349 650 1417 704 illud
1438 667 1522 705 excu-

162 735 239 782 teret.
283 731 323 781 Δι
342 743 385 780 me
416 727 519 780 candor
543 726 618 779 solus
640 733 746 789 movet,
777 734 809 781 ut
839 728 899 797 ipse
920 729 1068 782 excutiam.
1110 729 1193 783 Vides
1215 729 1302 801 igitur
1325 730 1426 794 lector,
1459 731 1523 801 quid
1622 754 1634 774 a

161 807 306 862 voluerim:
338 811 462 860 centrum
483 806 572 860 solum
592 823 655 859 esse
677 807 748 877 quod
768 807 855 876 primo
876 807 950 861 circa
970 808 1061 862 Solem
1082 815 1187 880 agatur
1216 810 1377 880 ingyrum:
1409 809 1435 863 id
1456 827 1522 864 vero

161 889 201 942 rel
220 887 283 941 solo
303 891 374 941 nutu
394 886 454 940 teri
473 902 565 955 posse,
588 903 648 940 cum
669 902 758 958 grave
779 903 833 941 non
855 887 906 949 sit,
927 894 960 940 ut
980 887 1059 957 cujus
1082 905 1146 958 pars
1168 889 1255 943 nulla.
1297 889 1377 942 Hanc
1398 890 1523 960 proposi·

161 969 260 1022 tionem
280 984 336 1021 non
356 973 452 1037 potest
472 966 537 1019 mihi
559 966 666 1035 eripere
689 967 840 1036 physicus,
863 967 908 1038 qui
930 969 1085 1031 contendit,
1108 971 1179 1039 quod
1202 969 1246 1022 hic
1266 969 1403 1039 sequitur,
1433 970 1525 1023 omnia

160 1055 281 1102 ceruum
295 1046 382 1118 sequi.
423 1046 462 1100 Et
485 1045 551 1116 quia
564 1046 683 1115 vulgata
697 1047 821 1100 doctrina
850 1047 969 1117 physica
991 1055 1070 1103 tenet
1093 1049 1145 1102 hoc
1165 1051 1198 1102 de
1218 1055 1313 1102 centro
1327 1049 1428 1112 mundi,
1453 1049 1556 1135 quod‘

161 1128 249 1184 omnia
272 1127 376 1198 gravia
399 1126 425 1181 id
449 1135 573 1180 centrum
593 1133 741 1196 quaerant,
767 1127 827 1179 ideo
849 1127 1005 1181 existimavi
1026 1145 1080 1199 ego
1104 1135 1192 1199 posse'
1203 1128 1304 1200 gravia
1324 1131 1420 1182 eadem
1439 1144 1526 1198 opera

160 1215 282 1263 centrum
295 1206 338 1260 sui
353 1205 474 1276 corporis
499 1222 641 1276 quaerere.
683 1207 784 1259 Vemm
808 1205 836 1259 in
850 1206 992 1276 Epitomes
1006 1209 1200 1262 astronomiae
1214 1209 1263 1262 lib.
1283 1211 1308 1263 l.
1329 1209 1524 1273 demonstrari,

160 1288 257 1343 laisum
281 1303 344 1340 esse
368 1286 421 1341 hoc
443 1285 620 1356 physicorum
635 1285 760 1348 axioma,
785 1288 857 1357 quod
879 1287 979 1358 gravia
1000 1297 1137 1357 quaerant
1162 1290 1249 1343 ullum
1264 1295 1387 1342 centrum
1410 1296 1442 1342 ut
1452 1289 1524 1352 tale,

160 1367 335 1423 falsissimum
350 1369 421 1438 quod
436 1372 558 1420 centrum
574 1365 660 1419 totius
675 1366 780 1437 mundi5
796 1383 897 1430 verum,
921 1368 967 1420 sed
981 1384 1034 1437 per
1048 1368 1181 1432 accidens,
1202 1368 1272 1439 quod
1293 1374 1417 1422 centrum
1431 1367 1524 1422 Tellu-
1585 1414 1589 1419 .

161 1449 193 1503 ris
207 1446 357 1518 appetant,
382 1463 437 1500 non
452 1462 533 1516 quam
548 1445 573 1499 id
588 1453 719 1515 punctum
734 1453 787 1508 est,
812 1447 858 1499 sed
875 1447 940 1516 quia
953 1465 1052 1517 corpus
1067 1447 1186 1502 Telluris
1201 1453 1350 1518 appetunt;
1377 1448 1447 1518 quod
1463 1464 1524 1501 cum

162 1529 194 1582 sit
205 1528 364 1589 rotundum,
389 1544 426 1579 ex
441 1542 474 1578 ec
488 1525 556 1588 fieri,
581 1532 614 1578 ut
628 1526 794 1595 appetentia
808 1526 863 1580 ista
878 1527 985 1580 feratur
998 1543 1094 1580 versus
1110 1528 1233 1590 medium,
1256 1527 1337 1580 etsie
1351 1543 1447 1580 versus
1463 1544 1525 1581 cen-

161 1614 241 1669 trum;
266 1608 338 1661 adeo
362 1605 478 1676 quidem,
502 1613 535 1659 ut
557 1605 580 1658 si
594 1605 682 1658 Terra
705 1606 825 1676 figuram
849 1607 968 1659 haberet
989 1606 1130 1661 distortam
1155 1606 1332 1670 sensibiliter,
1357 1607 1457 1678 gravia
1470 1624 1526 1660 non

162 1704 252 1742 versus
276 1702 361 1740 unum
384 1685 502 1755 undiquc
526 1691 656 1754 punctum
680 1692 794 1740 tensura
818 1686 928 1740 luerint.
980 1687 1039 1739 Hoc
1067 1687 1154 1758 igitur
1176 1687 1353 1740 tundamento
1380 1694 1525 1740 corruente

164 1775 301 1822 structura
314 1766 400 1819 etiam
415 1765 550 1818 evertitur
564 1765 627 1818 huic
641 1765 734 1818 nimia.
779 1766 890 1820 Scilicet
904 1782 1020 1835 corpora
1043 1767 1219 1835 planetarum
1233 1767 1260 1821 in
1274 1774 1350 1821 motu
1370 1783 1420 1820 seu
1435 1774 1525 1820 trans·

165 1849 263 1902 latione
288 1846 331 1899 sui
352 1846 427 1899 circa
440 1845 532 1899 Solem
552 1861 607 1898 non
628 1854 693 1899 sunt
717 1846 917 1899 consideranda
940 1855 971 1899 ut
984 1854 1090 1914 puncta
1103 1847 1308 1907 mathematica,
1330 1848 1378 1900 sed
1396 1847 1480 1915 plane
1494 1852 1528 1899 ut

165 1943 278 1998 corpora
297 1926 456 1989 materiata,
481 1933 584 1979 etcum
600 1927 715 1995 quodam
730 1926 809 1996 quasi
830 1928 951 1994 pondere
967 1922 1012 1994 (ut
1035 1926 1063 1979 in
1085 1927 1157 1980 libro
1176 1930 1208 1997 de
1223 1926 1309 1980 stella
1322 1943 1395 1979 nova
1418 1921 1526 1994 scripsi)

163 2008 209 2061 hoc
229 2014 283 2070 est,
308 2006 337 2060 in
358 2013 490 2076 quantum
511 2011 576 2058 sunt
598 2006 728 2074 praedita
752 2007 888 2059 facultate
911 2006 1047 2060 renitendi
1071 2007 1156 2059 motui
1175 2006 1348 2060 extrinsecus
1371 2005 1451 2059 illato
1476 2022 1527 2075 pro

164 2089 228 2141 nole
251 2086 375 2156 cc'rpcris
399 2092 429 2139 et
452 2085 590 2139 densitate
615 2085 758 2139 materiae.
800 2086 871 2140 Nam
887 2086 952 2156 quia
975 2086 1061 2139 omnis
1076 2087 1196 2140 materia
1219 2089 1253 2140 ad
1276 2085 1396 2156 quietem
1410 2085 1528 2139 inclinat

165 2165 260 2221 inlocc
275 2165 325 2220 illo
341 2165 367 2219 in
384 2182 437 2235 quc
452 2173 496 2218 est
511 2163 574 2229 (nisi
590 2182 688 2235 corpus
703 2165 821 2218 vicinum
836 2165 862 2219 vi
876 2166 1037 2237 magnetica
1051 2165 1129 2220 illam
1144 2169 1178 2220 ad
1194 2184 1223 2220 se
1234 2162 1362 2231 alliciat),
1378 2165 1443 2219 hinc
1457 2167 1526 2218 adeo

166 2246 197 2311 lt,
212 2254 243 2301 ut
258 2246 349 2300 virtus
364 2245 436 2299 Solis
450 2244 568 2299 motoria
588 2253 698 2316 pugnet
712 2262 772 2298 cum
794 2246 848 2299 hac
863 2245 964 2299 inertia
983 2246 1126 2309 materiae,
1151 2247 1223 2300 sicut
1244 2247 1270 2299 in
1294 2246 1375 2299 lance
1398 2251 1528 2317 pugnant

166 2327 212 2381 duc
233 2328 368 2396 pondera,
391 2343 481 2396 exque
506 2334 686 2396 utrarumque
701 2325 798 2379 virium
821 2325 1000 2396 proportione
1024 2327 1133 2379 tandem
1157 2333 1305 2380 enascatur
1328 2325 1457 2379 celeritas
1481 2324 1528 2378 rel

167 2406 279 2462 tarditas
303 2407 447 2476 planetae.
489 2405 558 2458 Vide
582 2404 809 2459 introductionem
832 2406 859 2459 in
885 2407 1033 2460 Comment.
1059 2407 1167 2470 Martis,
1190 2416 1219 2460 et
1242 2406 1305 2476 ipsa
1326 2404 1528 2460 Commentario

168 2487 278 2556 passim
303 2486 453 2556 praecipue
474 2502 539 2538 reru
563 2485 663 2539 librum
686 2485 732 2538 lV.
754 2485 896 2554 Epitcmes
920 2486 1123 2540 Astrcuomiae.

239 2567 338 2636 Neque
361 2573 454 2619 tamen
478 2584 515 2618 ex
539 2582 571 2618 ec
595 2565 734 2636 sequitur,
764 2569 834 2636 quod
859 2566 903 2619 hic
927 2583 978 2635 per
1001 2567 1101 2620 falsam
1124 2565 1363 2620 ratiocinationem
1386 2564 1528 2618 amolitum

169 2646 243 2710 ibam,
265 2646 364 2700 dubios
391 2652 421 2698 et
442 2645 597 2699 titubantes
621 2645 734 2698 motoris
748 2662 861 2715 gressus
876 2646 956 2709 effici,
979 2646 1002 2699 si
1017 2647 1129 2700 laborat
1149 2647 1177 2700 in
1196 2648 1325 2716 pondere,
1348 2645 1486 2715 vincitque
1500 2645 1528 2697 in

170 2743 267 2798 pugna.
310 2726 380 2780 Nam
396 2732 476 2779 certa
490 2732 520 2779 et
534 2732 664 2779 constans
680 2731 724 2778 est
746 2726 888 2795 proportio
902 2725 998 2779 virium
1023 2726 1095 2780 inter
1109 2745 1138 2779 se
1159 2735 1344 2795 utrarumque,
1370 2732 1400 2778 et
1412 2723 1529 2778 victoria

170 2806 312 2876 partibilis,
333 2822 384 2876 pro
399 2804 496 2859 virium
513 2806 636 2866 modulc;
658 2812 690 2858 ut
704 2822 793 2875 neque
807 2806 924 2875 planeta
937 2806 965 2859 in
980 2808 1074 2859 eodem
1088 2806 1207 2860 haereat
1221 2806 1289 2868 loco,
1306 2820 1394 2876 neque
1413 2804 1527 2858 rotatio·

171 2887 204 2939 nis
217 2886 324 2940 Solaria
340 2885 512 2939 celeritatem
527 2891 702 2954 assequatur.
736 2890 874 2956 [Compara
892 2908 948 2943 cum
967 2892 1005 2942 his
1024 2907 1087 2957 quae
1107 2892 1257 2956 Copemicus
1277 2891 1308 2941 dc
1326 2893 1449 2957 gravitate
1468 2891 1529 2940 dixit

171 2963 311 3023 in„ltcrcl.
331 2963 492 3013 ccelestium¹¹
512 2963 555 3012 lib.
575 2963 600 3020 1,
621 2977 676 3026 cap.
698 2959 736 3022 9.)

240 3034 276 3109 gi
299 3036 456 3090 Manifestis
472 3036 668 3106 experimentis
687 3036 740 3088 hoc
759 3035 859 3089 falsum
874 3036 1095 3105 deprehenditur.
1138 3037 1264 3090 Pondera
1281 3035 1394 3088 seorsim
1415 3034 1525 3099 sermm,

172 3118 276 3171 uorsim
291 3123 322 3170 et
335 3123 506 3187 magnetem
529 3116 630 3186 collige
645 3117 769 3184 pondera
782 3115 810 3169 in
824 3131 906 3169 unam
921 3133 1060 3171 summam.
1103 3116 1294 3186 Suspendatur
1312 3115 1409 3168 deinde
1425 3114 1526 3167 ferrum

173 3196 329 3269 amagnete
343 3196 371 3249 ri
394 3197 445 3249 illa
468 3196 612 3258 invisibili:
636 3212 752 3267 magnes
775 3213 840 3248 vero
864 3203 993 3250 nectatur
1016 3214 1034 3250 a
1056 3198 1135 3250 lance
1158 3202 1208 3249 aut
1226 3195 1373 3264 injiciatur,
1398 3194 1463 3265 quia
1485 3193 1526 3247 ris

174 3285 291 3345 permeat
305 3276 421 3340 lancem,
447 3276 470 3329 si
485 3294 538 3329 non
553 3277 590 3330 sit
604 3277 710 3330 ferrea:
732 3276 847 3338 ridebis,
869 3283 1035 3346 magnetem,
1060 3279 1121 3331 dum
1137 3283 1200 3330 actu
1214 3282 1293 3330 tenet
1307 3282 1457 3329 attractum
1472 3273 1527 3326 ser·

173 3372 231 3423 mm,
257 3374 348 3427 aeque
371 3357 586 3426 ponderaturum
613 3356 745 3425 utrisque,
767 3356 844 3426 prius
868 3357 905 3409 ab
928 3357 1043 3412 invicem
1067 3357 1215 3426 separatis.

243 3436 276 3504 h)
314 3437 377 3492 Non
407 3437 550 3509 equidem,
585 3438 655 3507 quod
688 3435 808 3489 influxus
837 3436 972 3491 coelestes
1004 3437 1148 3509 indigeant
1180 3437 1275 3507 eliqua
1306 3435 1440 3497 materia,
1475 3449 1530 3503 qua

175 3519 202 3571 ad
222 3535 272 3572 nos
298 3516 490 3578 devehantu13
514 3516 615 3570 salsum
643 3516 713 3569 enim
738 3522 782 3569 est
804 3516 873 3569 illud
896 3516 1073 3580 Aristotelis,
1099 3522 1165 3571 atre
1189 3533 1257 3586 opus
1280 3532 1341 3568 esse
1365 3516 1399 3568 ad
1425 3514 1529 3567 sensio·

176 3613 226 3652 uem
249 3596 373 3667 corporis
395 3596 499 3650 Solaris
523 3598 765 3665 transportandam
789 3613 876 3665 usque
900 3599 935 3649 ad
960 3599 1076 3660 oculum,
1102 3606 1133 3650 ut
1157 3598 1184 3650 in
1200 3596 1305 3666 Opticis
1329 3593 1528 3649 demonstravi:

177 3678 231 3746 quin
250 3677 359 3748 potius,
391 3671 444 3747 quo'
473 3676 561 3729 minus
584 3675 702 3729 occurrit
730 3676 865 3729 materiae
893 3676 921 3728 in
942 3676 1041 3730 itinere
1062 3677 1162 3740 medic,
1193 3677 1246 3730 hoc
1276 3676 1362 3729 minus
1384 3674 1530 3743 impeditur

176 3754 216 3811 lux
235 3757 264 3811 in
285 3756 452 3826 traiectione
473 3772 533 3809 sua.
576 3757 636 3810 Hoc
656 3755 744 3826 igitur
769 3755 821 3808 sibi
842 3757 940 3809 volunt
964 3757 1020 3810 ista
1045 3759 1146 3810 rerba:
1178 3756 1249 3810 sicut
1270 3771 1386 3824 corpora
1406 3770 1460 3806 non
1481 3752 1529 3805 im·

177 3836 289 3904 pediant,
313 3854 367 3908 quc
387 3836 475 3889 minus
496 3836 615 3889 influxus
638 3837 773 3888 coelestes
795 3835 823 3887 in
845 3835 942 3889 intima
962 3844 1118 3906 penetrent,
1140 3837 1179 3889 sic
1194 3836 1276 3889 etiam
1297 3833 1427 3888 motorias
1442 3832 1530 3886 iacul-

179 3921 242 3970 tates
263 3935 320 3971 non
340 3916 466 3987 indigere
488 3916 648 3985 corporibus
670 3915 807 3985 aliquibus
829 3916 1004 3980 intermediis,
1027 3917 1125 3987 quibus
1147 3915 1233 3969 veluti
1254 3914 1360 3968 catenis
1383 3921 1433 3966 aut
1446 3912 1530 3965 vecti·

179 3995 220 4050 bus
240 3998 378 4052 morenda
398 3996 574 4065 planetarum
596 4011 713 4065 corpora
733 3996 915 4064 prehendant.
957 3997 1065 4050 Ludere
1086 3996 1194 4066 placuit
1214 3995 1241 4047 in
1264 4011 1331 4049 voce
1353 3993 1425 4047 airis
1447 3992 1532 4062 paulo

180 4078 312 4133 mdacius.
355 4076 427 4138 Quid
448 4076 521 4129 orbis
543 4077 588 4129 rel
611 4075 736 4129 coelum?
779 4076 849 4137 Quid
871 4076 922 4129 nisi
945 4082 1013 4130 asir?
1054 4078 1092 4130 Et
1115 4077 1177 4146 quid
1200 4080 1267 4128 adr?
1303 4074 1374 4137 Quid
1395 4073 1447 4127 nisi
1468 4090 1531 4143 spe·

181 4154 224 4210 cies
252 4156 442 4211 immateriata
469 4156 607 4226 corporis,
639 4158 711 4226 quod
736 4162 839 4209 motum
871 4156 992 4225 planetis
1014 4153 1113 4219 infert,
1144 4156 1171 4209 in
1199 4156 1355 4225 gyratione,
1373 4152 1531 4208 versantis?

181 4237 254 4307 Atqui
274 4236 399 4307 seposito
424 4236 488 4289 lusu
512 4238 692 4291 concedamus
720 4241 812 4290 adrem
837 4243 961 4297 nostrum
982 4253 1044 4290 esse
1065 4252 1163 4305 corpus
1185 4235 1375 4298 materiatum,
1407 4248 1531 4304 permea-

182 4313 227 4370 bile
248 4333 267 4371 a
286 4315 470 4372 facultatibus
491 4315 669 4387 magnetius,
700 4315 836 4380 meteriis,
868 4316 1068 4379 calefactoriis,
1100 4316 1303 4370 illuminatoriis
1333 4322 1363 4368 et
1383 4314 1531 4368 similibus:

183 4403 208 4447 ut
224 4397 260 4451 sit
279 4414 368 4469 vapor
398 4414 454 4450 non
484 4401 544 4450 ιοιο
573 4412 678 4467 genere
699 4396 835 4450 diversum
866 4397 902 4450 ab
924 4402 1002 4460 aere,
1035 4398 1082 4450 sed
1104 4397 1204 4450 saltem
1234 4397 1376 4466 gradubus
1398 4390 1533 4448 crassitiei

183 4473 314 4533 detinctus
336 4493 355 4532 a
374 4476 544 4532 circumfusis
567 4477 640 4530 aeris
662 4476 776 4546 campis.

833 4676 852 4681 ..
867 4670 945 4681 ..aa
