3366 5482
163 277 229 346 236
625 277 654 326 m
675 275 746 339 spor.
765 275 843 338 nyss.
863 283 949 327 ones
967 275 1056 326 nm

161 438 297 487 vernonem
314 436 417 498 subieci,
436 441 464 485 ut
481 436 519 486 its
537 436 661 486 discentes
681 435 714 484 ad
732 433 861 498 Cepernici
886 435 1018 485 lectionem
1036 440 1062 484 et
1079 433 1215 483 faciliorem
1239 433 1432 498 intelligentiam
1451 445 1524 496 pras·

161 522 282 572 pararem.

232 627 305 679 llaec
329 643 343 679 e
363 628 516 677 Rothmanni
535 629 611 677 literis
631 643 660 678 eo
679 628 794 678 libentius
814 631 990 693 excerpsimus,
1018 645 1065 693 qno
1085 629 1146 678 aliis
1170 627 1201 675 de
1219 626 1266 675 hoc
1285 625 1368 674 subtili
1397 630 1424 673 et
1442 624 1525 674 solerti

161 707 301 749 astronomo
319 701 439 763 pauciora
456 700 623 748 innotuerunt.
661 698 803 761 Tychouem
823 705 924 764 eynsque
945 700 1085 763 ,Epistolas
1105 696 1299 748 astronomicas¹⁶
1320 695 1350 745 de
1362 694 1524 744 Rothmsuno

161 773 213 821 lere
231 773 331 821 unicum
350 779 439 819 testem
461 769 588 818 habemus.
626 769 711 818 Libros
730 786 790 834 quos
809 786 825 820 ι
844 787 871 820 se
890 773 1042 834 conscriptos
1055 770 1165 832 Tyehoni
1183 769 1271 822 refert,
1292 783 1341 815 non
1355 765 1447 829 publici
1464 768 1523 827 juris

162 843 237 899 iecit,
265 843 434 904 manuscripta
451 855 508 889 vero
528 840 679 889 Rothmanni
700 839 815 890 cissellis
837 841 910 890 hodie
935 848 1098 890 reservantur.
1136 838 1231 888 Natum
1254 836 1443 886 Rothmannnm
1470 850 1523 899 per·

161 911 248 962 hibent
266 912 404 975 Bernburgi
422 926 445 961 c.
463 911 573 960 medium
594 910 689 973 (lycho
712 912 819 974 loquitur
838 927 903 961 anno
924 910 993 959 1591)
1018 913 1048 961 de
1067 910 1218 960 Rothmanni
1240 907 1356 970 „jnvenili
1376 906 1479 956 aetata“
1500 914 1524 956 et

163 985 216 1046 ipse
230 982 404 1032 Rothmannus
422 997 449 1030 se
469 982 555 1031 eodem
573 996 639 1030 anno
658 982 718 1030 dicit
738 985 779 1037 ,in
798 984 856 1032 dore
876 985 983 1031 aetatis“
1005 978 1178 1042 constitutum)
1198 995 1247 1029 sec.
1262 977 1345 1034 ΧΠ,
1365 980 1434 1026 intra
1447 992 1523 1026 anuos

164 1050 304 1103 terr-eo
332 1052 398 1116 apud
420 1051 577 1102 Guilielmnni
602 1052 709 1102 Barsine
728 1053 914 1118 Landgrarium
940 1055 1111 1103 astronomicis
1139 1051 1288 1101 inserviebat
1314 1049 1410 1098 studiis.
1452 1051 1522 1096 Auno

166 1122 234 1174 1599
252 1124 397 1174 Guilielmus
415 1123 479 1172 haec
498 1124 528 1172 de
547 1122 705 1178 Rothmanuo
724 1127 826 1172 nunciat
845 1124 968 1186 Tychoui.

234 1246 300 1296 Dass
319 1245 362 1294 wir
380 1244 443 1294 ench
461 1260 495 1292 nu
513 1246 537 1292 in
557 1260 583 1292 so
603 1244 690 1309 langor
709 1245 767 1295 Zeit
785 1248 854 1296 nicht
872 1248 1040 1313 geschrieben
1060 1248 1092 1293 ist
1111 1247 1150 1294 die
1171 1244 1281 1302 Vrsach,
1301 1244 1358 1292 dass
1377 1257 1451 1291 rnser
1469 1240 1521 1289 bla-

163 1319 312 1368 thematieus
325 1315 498 1365 Rothmannus
517 1317 556 1362 ein
576 1316 685 1380 zeitlang
703 1316 752 1364 inst
771 1319 909 1380 rnpasslich
928 1334 1051 1383 genesen
1072 1317 1159 1365 rudem
1173 1315 1236 1363 auch
1254 1314 1376 1363 nnnmehr
1392 1314 1438 1360 rrir
1451 1312 1524 1361 selbot

162 1397 214 1437 tarn
245 1388 309 1436 mole
329 1388 431 1440 aetatis,
449 1400 522 1446 qnam
541 1385 652 1433 labonrm
672 1394 745 1449 atque
770 1402 883 1437 curarum
903 1390 1042 1438 dermassen
1062 1387 1183 1451 gedrnelrt
1201 1387 1314 1439 werden,
1343 1384 1401 1432 dass
1419 1385 1465 1431 rrir
1482 1397 1525 1430 rns

161 1461 207 1508 mit
225 1458 273 1507 den
292 1457 480 1506 oblectamentis
492 1455 678 1505 Mathematicis
697 1458 766 1505 nicht
784 1460 852 1507 mehr
870 1461 915 1508 rrie
934 1461 995 1508 wohl
1011 1474 1084 1507 zuror
1097 1457 1244 1506 beschehen.
1266 1457 1401 1503 oblectiren
1416 1455 1524 1520 konnen.

163 1526 241 1579 Nicht
260 1528 330 1577 desto
348 1528 458 1590 yeniger
477 1527 536 1574 aber
554 1527 713 1576 rnderlassen
732 1530 775 1576 wir
793 1545 865 1577 rnser
883 1531 990 1578 studium
1004 1529 1208 1578 Mathematicum
1227 1526 1297 1575 nicht
1315 1541 1342 1574 so
1360 1540 1406 1590 gar
1420 1525 1524 1578 bleiben,

162 1601 268 1649 sondern
285 1598 392 1647 hincken
411 1597 475 1645 noch
493 1597 638 1654 berrechar,
659 1600 704 1646 wie
724 1601 763 1647 ein
784 1599 819 1647 alt
838 1599 911 1650 Weib
930 1615 970 1649 am
991 1600 1107 1649 Steclren.

232 1670 293 1718 Was
319 1670 378 1718 aber
396 1681 483 1716 rnsern
503 1667 710 1716 Mathematienm
729 1670 835 1727 ιιιιιιιι,
855 1673 888 1720 ιιι
906 1671 1043 1734 derselbige
1062 1671 1106 1719 der
1120 1668 1261 1732 Meyuung
1282 1682 1353 1714 venn
1373 1682 1400 1715 er
1419 1681 1467 1714 ιιι
1485 1666 1523 1713 ιιι

163 1743 245 1805 wenlg
262 1739 346 1789 mdeht
364 1739 497 1793 wandern,
526 1739 573 1786 rnd
594 1740 633 1787 die
653 1739 721 1788 Lusit
738 1742 888 1798 rerllndern,
915 1743 972 1791 dass
1001 1757 1027 1790 es
1047 1741 1163 1790 alssdcnn
1184 1741 1230 1786 mit
1248 1739 1298 1786 ihm
1324 1739 1409 1787 besser
1427 1737 1523 1786 werden

162 1812 236 1867 sclte;
255 1811 345 1859 welche
364 1809 407 1857 wir
425 1808 475 1857 ihm
494 1809 627 1857 eberhart
645 1810 818 1859 ιιιιιιπιιιιιι.
857 1812 889 1861 So
901 1813 947 1860 hat
965 1828 991 1861 er
1010 1813 1070 1861 aber
1088 1810 1149 1859 doch
1169 1811 1240 1858 einen
1254 1810 1359 1873 eigeneu
1373 1807 1451 1869 Kopi,
1471 1807 1525 1855 dem

162 1881 243 1932 saum
267 1897 293 1930 er
317 1881 365 1929 alle
382 1880 428 1929 lar
453 1881 525 1928 einen
545 1881 649 1943 eigenen
669 1880 734 1939 Eut,
764 1882 842 1931 damit
865 1888 964 1932 miissen
983 1884 1027 1931 rrir
1044 1882 1085 1931 ihu
1111 1882 1193 1929 lassen
1213 1894 1334 1942 gers-eren.
1373 1879 1441 1926 Aber
1459 1876 1525 1938 leydt

163 1968 226 2002 were
246 1967 273 2001 es
291 1967 350 2009 ιιι,
379 1966 451 1999 ιιιιι
469 1950 519 1998 ihm
543 1952 637 2015 einiger
655 1949 754 2000 Schade
772 1953 934 2002 wideriahren
958 1954 1032 2010 solte,
1060 1952 1126 2001 deun
1146 1967 1172 2000 er
1190 1953 1223 1998 ist
1246 1952 1390 2013 ingeniosus
1419 1948 1469 1996 rud
1487 1948 1525 1995 ein

163 2025 243 2074 ieiner
261 2022 384 2087 gelehrter
402 2021 493 2070 Gerell.
531 2021 644 2085 Begeren
664 2022 800 2072 derhalben
812 2025 965 2088 guldiglieh,
985 2024 1022 2073 ihr
1039 2023 1122 2072 rrollet
1141 2021 1203 2071 ench
1221 2020 1263 2069 ihn
1282 2036 1328 2069 ron
1341 2029 1427 2069 rnsert
1439 2033 1524 2082 wegen

161 2095 245 2144 lasseu
265 2093 378 2142 beiohlen
396 2107 457 2152 seyn
477 2089 522 2139 dc.

232 2160 353 2212 Datnm'
346 2176 373 2211 ιι
391 2175 463 2210 roser
481 2159 555 2210 Stadt
573 2162 621 2210 rnd
641 2162 755 2227 Vestung
774 2164 870 2214 Cessel
865 2180 920 2214 ιιι
943 2164 982 2214 15.
1003 2163 1066 2226 Μι)ι
1085 2179 1151 2212 ιιιο
1172 2159 1248 2210 1599.

237 2283 323 2345 'l'yeho
342 2283 416 2332 refert
433 2283 620 2332 Rothmannum
639 2288 751 2350 Augusto
769 2302 854 2335 mense
873 2287 1055 2351 Uranibnrgum
1075 2287 1172 2334 venisse
1191 2293 1216 2334 et
1233 2299 1277 2348 per
1296 2284 1391 2349 aliquot
1409 2284 1523 2346 septima·

162 2370 208 2405 uas
226 2369 311 2404 secum
330 2362 451 2403 moratum
470 2368 539 2413 esse,
566 2362 591 2403 et
609 2369 749 2420 quanquam
768 2359 813 2405 sibi
831 2361 984 2421 proposuerit
1001 2358 1058 2408 hine
1079 2357 1203 2406 Cassellas
1222 2356 1313 2411 redire,
1337 2370 1387 2402 non
1408 2354 1441 2403 ad
1459 2355 1522 2417 priu-

163 2428 242 2491 cipem
260 2438 384 2475 reversum
403 2439 465 2474 esse.
502 2424 588 2474 Morbo
607 2433 709 2475 rexatus
728 2429 867 2477 vehementi
886 2431 989 2477 secessit
1007 2430 1032 2477 in
1050 2428 1136 2478 urbem
1154 2429 1262 2490 patriam
1278 2425 1463 2490 Bemburgium
1480 2425 1522 2473 ibl-

162 2511 209 2562 que
228 2503 339 2545 mortuns
358 2503 396 2545 est
414 2509 480 2545 anno
502 2493 576 2544 1596.

235 2633 263 2696 9)
282 2651 307 2699 p.
327 2633 386 2685 215.
424 2635 528 2701 Spectat
554 2638 592 2686 his
610 2637 733 2701 Keplerus
759 2640 950 2687 admonitionem
978 2641 1027 2697 ,ad
1056 2640 1172 2689 lectorem
1197 2639 1226 2687 de
1250 2638 1427 2703 hypothesibus
1456 2636 1524 2698 hujus

164 2706 276 2772 operis,“
296 2707 431 2770 praefixam
450 2708 550 2757 editioni
570 2711 664 2771 primae
689 2711 771 2771 operis
791 2709 919 2772 Copernici
939 2709 1058 2771 (Norimb.
1080 2707 1180 2770 1543).
1218 2708 1331 2757 Andreas
1351 2706 1523 2763 Osiander,

164 2777 259 2829 celeber
272 2778 312 2827 ille
325 2778 453 2843 theologus
462 2778 673 2844 Norimbergensis
687 2777 751 2839 (nat
766 2781 947 2830 Gunzenhusae
972 2778 1053 2838 1498,
1072 2779 1260 2845 †Regiomonti
1274 2775 1366 2839 1552).
1388 2777 1523 2826 mathema·

162 2852 215 2899 tica
232 2863 328 2913 quoqne
347 2849 422 2898 coluit
443 2851 677 2915 imprimeudnmque
696 2854 792 2900 curarit
808 2850 985 2916 Norimbergae
1000 2852 1128 2914 Ceperuiei
1143 2866 1202 2914 opus
1216 2851 1246 2899 de
1259 2849 1347 2898 Revol.
1361 2847 1522 2897 coelestibus.

162 2919 234 2971 Haec
253 2926 312 2969 snut
329 2919 445 2969 Osiandri
463 2921 550 2969 rerba:
570 2956 576 2968 .
597 2956 603 2969 .
625 2957 631 2969 .
657 2920 743 2984 Neque
763 2923 828 2970 enim
847 2938 948 2972 necesse
968 2930 1017 2982 est,
1048 2938 1091 2971 ιιι
1114 2922 1262 2984 hypotheses
1288 2936 1344 2969 esse
1363 2934 1451 2976 veras,
1479 2921 1525 2967 imo

163 3007 196 3041 ne
214 2990 359 3040 verisimiles
377 2991 489 3054 quidem,
518 2990 561 3040 sed
580 2991 686 3048 sufficit,
713 2994 733 3039 si
753 2993 875 3041 calculum
895 2993 1103 3042 observationibus
1123 2999 1298 3056 congruentem
1318 2991 1522 3040 exhibeant...

161 3061 229 3115 Satis
247 3067 326 3123 patet,
346 3064 519 3126 apparentium
538 3062 703 3126 inaequalium
722 3071 832 3112 motuum
846 3078 935 3112 causas
955 3067 1129 3112 astronomiam
1148 3066 1246 3126 penitus
1261 3070 1287 3111 et
1299 3062 1445 3124 simpliciter
1456 3061 1523 3125 igno·

161 3147 224 3184 rare.
263 3134 296 3182 Et
313 3136 334 3183 si
353 3147 414 3197 quas
432 3133 547 3197 fingendo
567 3134 706 3198 excogitat,
735 3148 892 3197 nequaquam
910 3141 994 3183 tamen
1019 3137 1043 3182 in
1063 3135 1109 3184 hoc
1129 3136 1268 3198 excogitat.
1295 3140 1324 3182 ut
1341 3133 1380 3181 ita
1399 3147 1454 3180 esse
1473 3131 1521 3180 cui·

161 3219 235 3270 quarn
258 3205 421 3269 persuadeat,
445 3204 489 3253 sed
514 3211 611 3252 tantum
634 3211 661 3252 nt
681 3205 802 3253 calculum
828 3212 894 3254 recte
920 3207 1059 3254 instituant.
1097 3204 1213 3254 Sinamns
1238 3206 1313 3269 igitur
1336 3211 1363 3252 et
1381 3202 1428 3251 has
1447 3214 1522 3250 novas

160 3274 309 3340 hypodreses
327 3277 392 3324 iuter
409 3280 504 3324 veteres
522 3275 598 3323 nihilo
616 3275 794 3325 verisimiliores
813 3276 976 3326 innotescere.
1015 3275 1103 3338 Neque
1122 3278 1250 3340 quisquam
1270 3273 1334 3338 qnod
1354 3274 1388 3323 ad
1405 3272 1523 3336 hypothe-

161 3361 201 3397 ses
221 3349 313 3399 attinet
329 3345 462 3411 qnidqnam
481 3346 542 3396 certi
561 3347 592 3394 ιι
612 3347 763 3396 ιιιιοιοιιιι
781 3354 915 3409 exspectet.
935 3362 991 3396 cnm
1013 3348 1067 3410 ipsc
1085 3347 1144 3395 nihil
1163 3348 1215 3396 tale
1232 3352 1361 3410 praestare
1380 3350 1466 3409 queat

235 3485 280 3549 10)
299 3504 323 3552 p.
345 3483 404 3534 253.
441 3486 481 3535 De
504 3486 692 3549 Hieronymo
716 3488 919 3538 Praenstorio
946 3488 1009 3537 haec
1028 3489 1177 3539 Weidlerum
1203 3488 1280 3536 secuti
1307 3491 1433 3535 notamus.
1471 3483 1523 3533 Me·

161 3559 245 3616 dicus,
271 3558 428 3622 philosophus
455 3564 481 3606 et
506 3562 580 3620 poeta
599 3556 749 3607 Veronensis
778 3556 846 3620 [nat.
871 3573 894 3608 ι.
919 3555 998 3614 1183,
1028 3560 1087 3608 obiit
1106 3574 1128 3608 a
1152 3554 1241 3618 1548.)
1266 3557 1354 3606 librum
1380 3557 1427 3605 snb
1455 3555 1524 3604 titulo

104 3680 108 3687 ,
163 3629 443 3690 „Homoceutrica“
464 3627 541 3677 edidit
560 3626 663 3686 (Venet.
687 3625 762 3678 1538.
798 3629 828 3678 ln
848 3629 999 3692 ,Operibus
1024 3645 1087 3692 qnae
1108 3645 1172 3680 anno
1194 3627 1257 3676 1591
1282 3628 1399 3693 Lugduni
1427 3627 1522 3690 prodie-

161 3707 220 3750 ruut
238 3707 320 3750 exstat
338 3700 378 3748 ille
397 3705 521 3749 tractatus
539 3706 605 3747 tomo
625 3696 679 3758 11.).
718 3698 812 3763 Scopus
836 3704 889 3762 ejus
908 3709 946 3749 est
971 3701 1055 3749 tollere
1075 3702 1178 3749 circulos
1197 3699 1354 3762 planetarum
1373 3699 1524 3748 eccentricos

91 3797 95 3802 ·
162 3777 249 3834 siper
267 3770 462 3820 homocentricos
486 3783 571 3818 omnes
589 3778 670 3818 motus
688 3770 807 3819 coelestes
827 3770 956 3833 explicare.
995 3770 1066 3830 Quod
1090 3778 1118 3819 ut
1141 3771 1235 3820 efficiat
1259 3770 1332 3835 fingit
1352 3767 1522 3827 ,circitorem'

161 3841 266 3905 aliquem
290 3841 384 3891 dnobus
408 3841 514 3889 motibus
532 3840 685 3903 praeditum,
711 3856 812 3905 qnorum
832 3842 895 3890 alter
918 3855 934 3889 a
954 3842 1152 3910 circumducente
1172 3840 1265 3904 pendet
1287 3855 1334 3904 quo
1354 3839 1525 3897 circumfertur

160 3910 264 3975 planeta
286 3913 312 3961 in
336 3912 506 3961 latitudinem.
536 3911 599 3961 alter
624 3913 733 3975 proprius
758 3919 796 3960 est
814 3927 860 3974 qno
884 3914 1024 3961 successive.
1049 3913 1152 3976 planeta
1177 3914 1200 3959 ιι
1221 3911 1334 3974 opposita
1351 3918 1483 3960 moveatur
1501 3916 1525 3958 et

162 3983 328 4046 trepidatione
346 3983 454 4047 quadam
473 3981 579 4037 feratur,
605 3982 672 4030 unde
691 3983 797 4046 apogaei
822 3991 848 4031 et
864 3984 974 4047 parignei
993 3985 1096 4032 variatio
1116 3984 1233 4047 originem
1256 3982 1357 4030 habeat.
1394 3981 1450 4030 Poli
1469 3995 1524 4030 raro

162 4054 227 4102 orbis
246 4054 395 4104 contrarecti
420 4053 600 4110 a,circitore“
625 4053 660 4101 sic
679 4059 820 4108 morentur,
848 4069 897 4102 non
920 4060 948 4101 nt
973 4054 1074 4102 circulos
1099 4054 1194 4102 iaciant
1216 4054 1240 4100 in
1259 4067 1285 4100 se
1304 4051 1454 4105 redeuutes.
1482 4050 1524 4100 sed

160 4122 252 4173 helices
272 4125 352 4189 magis
371 4130 397 4173 et
416 4122 542 4172 umbilicos
561 4120 606 4171 dte.
643 4122 738 4171 Motum
761 4122 827 4172 huuc
847 4125 1079 4187 ,tripudiationem“
1099 4123 1292 4187 nuncupandum
1315 4128 1412 4172 censet.
1452 4122 1524 4172 Hane

160 4193 308 4258 hypothesin
327 4194 429 4258 singulis
449 4194 554 4242 motibus
573 4194 728 4256 planetarum
748 4201 773 4242 et
791 4194 894 4243 fixarum
907 4195 1079 4244 accommodat
1098 4203 1123 4244 et
1137 4193 1256 4257 quomodo
1270 4195 1457 4243 ohservationes
1470 4209 1524 4244 cum

160 4264 204 4315 illa
227 4266 376 4315 conveniant
400 4272 538 4313 monstrare
556 4265 650 4313 nititur.
686 4265 759 4314 Haec
777 4272 932 4322 commenta,
958 4266 1028 4314 addit
1044 4266 1196 4323 Weidlerus,
1222 4266 1386 4315 Thebitiauas
1404 4265 1522 4329 quodam·

160 4336 234 4387 modo
253 4334 351 4386 fabulas
370 4336 483 4399 sapiunt,
507 4334 540 4383 ad
557 4334 658 4384 ineundi
677 4335 764 4384 calculi
782 4337 891 4385 rationes
909 4338 994 4399 inepta
1012 4345 1077 4385 sunt.
1114 4337 1223 4386 inficiari
1241 4343 1327 4385 tamen
1346 4351 1396 4384 non
1415 4351 1522 4400 possum,

160 4420 192 4456 ιι
209 4413 263 4456 toto
282 4406 343 4455 libro
362 4405 476 4455 loecnndi
495 4406 644 4455 Fracastorii
661 4407 755 4471 ingenii
773 4407 918 4457 facultatem
938 4407 1034 4457 elucere
1053 4408 1238 4473 solertiamque,
1267 4421 1341 4471 qnam
1363 4409 1389 4455 in
1408 4407 1522 4455 observa·

160 4477 281 4534 tionibus,
300 4490 404 4541 quarum
423 4477 572 4526 mentionem
591 4477 678 4537 injicit,
696 4478 854 4527 instituendis
872 4477 992 4534 adhibuit,
1011 4493 1055 4529 sua
1074 4479 1147 4528 laude
1165 4479 1309 4543 privandam
1327 4494 1378 4527 non
1397 4493 1462 4527 esse.

234 4616 277 4679 11)
297 4633 321 4681 p
336 4613 395 4666 25s.
428 4615 701 4678 Weidlerusfflist.
716 4619 820 4682 Astr..p
836 4614 989 4678 tamenn:
1011 4619 1082 4678 Quod
1096 4621 1186 4669 Graeci
1203 4625 1297 4668 motum
1311 4617 1375 4668 Solis
1388 4626 1416 4668 et
1426 4619 1520 4673 Lunae,

160 4688 193 4740 sd
211 4704 283 4755 quem
302 4703 395 4739 anunm
415 4704 487 4738 sunm
506 4689 654 4738 conformem
673 4689 819 4752 cupiebant,
848 4689 948 4739 Homeri
968 4697 994 4739 et
1011 4691 1114 4740 Hesiodi
1134 4697 1218 4739 aetate
1244 4690 1282 4739 rel
1301 4689 1370 4739 hand
1389 4691 1428 4738 ιιι
1446 4689 1521 4738 multo

159 4766 216 4827 post
232 4776 283 4811 nou
303 4761 382 4811 obiter
398 4760 550 4826 propositum
567 4759 712 4816 habuerint,
742 4759 965 4824 Olympiadnm
991 4763 1099 4812 inventio
1119 4768 1145 4812 et
1162 4776 1221 4811 usus
1239 4762 1335 4827 probat.
1363 4760 1452 4812 Prima
1468 4761 1518 4826 qui·
