3366 5482
178 290 241 356 116
691 288 1021 355 ”mmm

174 452 265 526 Solis,
290 449 421 511 Veneris
436 459 468 511 et
481 448 621 510 Mercurii
640 448 773 510 babeant
793 449 936 529 aequales
957 447 1171 510 revolutiones.
1214 446 1428 526 Respondetnr
1447 446 1537 519 enim.

173 541 251 622 qnod
274 557 333 600 nou
356 558 429 601 vere
451 538 646 600 revolvantur
668 539 737 618 ipsi,
762 539 817 599 sed
839 556 894 618 pro
916 538 991 618 ipsis
1016 537 1105 597 unica
1124 535 1228 598 Terra.
1265 533 1296 598 2.
1321 533 1424 608 Quare
1447 536 1537 619 quiu-

173 649 230 711 qne
252 629 395 708 planetae
418 629 494 689 liant
516 628 695 705 retrogradi,
718 628 876 689 luminaria
900 627 945 698 (11.
961 646 988 687 e.
1009 624 1061 687 Sol
1088 634 1120 686 et
1138 624 1241 698 Luna)
1264 643 1323 686 non
1345 626 1429 689 item.
1470 624 1536 688 Re·

173 718 338 798 spondetur
359 717 456 797 primo
480 717 518 777 de
541 715 628 788 Sole,
657 718 728 796 quia
751 717 776 777 is
800 716 943 796 quiescit,
975 715 1051 775 unde
1074 715 1122 789 tit,
1154 728 1187 775 ut
1212 723 1311 775 motus
1334 714 1462 789 Terrae,
1485 712 1535 795 qui

172 826 293 887 semper
314 807 448 868 directus
471 814 528 878 est,
554 805 611 885 ipsi
636 803 700 866 Soli
725 825 806 865 mere
831 814 862 865 et
884 803 1101 883 imperturbate
1124 803 1224 864 inesse
1245 804 1393 876 rideatur,
1417 811 1536 865 tantum

171 915 226 977 per
251 904 369 975 partem
402 895 575 975 oppositam
603 895 689 956 coeli.
736 894 783 955 De
814 893 902 955 Luna
929 912 1019 964 vero,
1052 893 1123 972 quia
1154 901 1253 953 motus
1277 892 1390 954 Terrae
1419 910 1536 954 annuus

170 986 266 1065 ipsius
290 985 374 1045 coelo
397 1002 468 1044 vere
491 984 656 1044 communis
679 994 726 1044 est
745 1002 813 1043 cum
827 984 932 1044 Terra.
966 982 1033 1042 Duo
1054 990 1155 1041 autem
1175 1000 1252 1061 quae
1270 981 1386 1042 babent
1408 980 1534 1042 eundem

172 1083 284 1135 motum
307 1091 362 1153 per
389 1073 508 1146 omnia,
541 1073 681 1133 ridentur
712 1071 792 1133 inter
820 1092 853 1133 se
881 1072 1046 1152 quiescere.
1064 1069 1086 1135 ι)
1131 1070 1220 1132 Unde
1243 1078 1344 1132 motus
1367 1070 1482 1133 Terrae
1503 1069 1533 1131 iu

172 1163 258 1224 Luna
280 1181 338 1223 non
362 1161 506 1234 sentitur,
535 1172 569 1221 nt
596 1162 626 1222 in
650 1162 761 1222 ceteris
783 1161 924 1241 planetis.
972 1159 1019 1220 De
1043 1159 1247 1239 superioribus
1270 1158 1421 1232 Saturno,
1444 1157 1533 1234 Jove,

172 1263 203 1312 et
226 1253 327 1312 blarte
350 1250 568 1329 respondetur:
600 1250 670 1329 quia
697 1251 755 1328 ipsi
784 1262 854 1310 sunt
878 1248 1027 1310 tardiores
1050 1248 1165 1309 Terra:
1198 1255 1231 1309 et
1257 1248 1329 1328 qnia
1350 1248 1480 1311 circulus
1502 1255 1536 1309 et
1560 1285 1566 1293 -

172 1351 272 1401 motus
295 1340 355 1401 iste
373 1340 486 1400 Terrae
509 1349 633 1417 putatur
656 1340 730 1418 ipsis
754 1340 863 1400 inesse.
898 1335 1000 1408 Quare
1024 1337 1102 1397 sicot
1126 1337 1197 1407 illis,
1221 1338 1270 1417 qui
1294 1356 1332 1397 ex
1346 1337 1383 1411 L,
1408 1335 1533 1399 Saturni

171 1429 273 1507 globo,
296 1429 513 1508 prospicerent,
538 1428 632 1488 Terra
656 1428 804 1488 interdum
822 1427 962 1506 progredi
981 1426 1142 1497 videretur,
1166 1426 1236 1486 dnm
1259 1426 1318 1487 iret
1339 1444 1395 1506 por
1417 1425 1533 1487 medie-

160 1526 269 1578 -tatem
294 1517 374 1579 ΡΒΙ)1
399 1534 490 1596 snpra
513 1515 625 1589 Solem,
649 1517 797 1577 interdum
821 1515 956 1595 regredi,
981 1516 1049 1576 dnm
1073 1515 1131 1576 iret
1153 1532 1209 1594 per
1230 1515 1331 1587 NAP,
1355 1524 1439 1577 stare
1461 1532 1533 1578 vero

170 1608 200 1666 in
219 1606 248 1668 N
268 1605 355 1666 etP:
379 1607 424 1666 sic
447 1624 573 1666 necesse
597 1614 654 1679 est,
679 1617 712 1667 ut
734 1605 821 1666 nobis
845 1624 882 1665 ex
896 1605 989 1665 Terra
1012 1604 1263 1683 prospicientibus
1278 1602 1430 1665 Saturnus
1451 1602 1533 1665 volvi

169 1696 308 1756 videatur
330 1696 360 1755 in
383 1703 488 1773 partes
512 1694 679 1773 oppositas.
726 1694 767 1756 t't
793 1695 861 1754 dum
885 1704 933 1754 est
957 1694 1051 1753 Terra
1075 1694 1104 1753 in
1127 1692 1214 1753 ΒΚΔ
1236 1693 1300 1771 (lig.
1329 1689 1394 1767 10),
1419 1691 1532 1754 Satur·

168 1803 225 1844 uus
249 1785 369 1844 videtur
392 1784 422 1844 in
450 1783 520 1844 bna
544 1783 608 1862 (lig.
637 1783 703 1854 11).
751 1783 911 1844 Inferiores
935 1783 1040 1842 l'enus
1068 1793 1099 1841 et
1123 1782 1290 1842 Mercurius
1318 1781 1385 1842 ideo
1413 1780 1531 1860 regredi

166 1874 322 1944 videntur,
352 1872 421 1951 quia
445 1884 515 1933 sunt
543 1873 709 1932 velociores
733 1871 846 1943 Terra;
876 1871 954 1931 unde
977 1870 1100 1949 perinde
1125 1889 1160 1930 ac
1184 1871 1209 1930 si
1233 1870 1328 1931 Terra
1351 1879 1449 1931 staret
1471 1870 1530 1930 im-

166 1970 266 2030 mota,
293 1961 413 2034 l'enus,
438 1979 560 2021 currens
584 1962 613 2020 in
637 1971 724 2040 parte
748 1961 851 2021 circuli
876 1959 1043 2033 remotiori,
1067 1959 1250 2020 contrariam
1272 1959 1363 2038 plane
1387 1958 1532 2020 describit

166 2050 247 2109 viam
270 2049 330 2122 illi,
355 2068 443 2127 quam
468 2049 586 2109 conticit
611 2050 639 2109 in
664 2058 750 2127 parte
774 2049 876 2109 circuli
900 2049 945 2109 sni
970 2047 1069 2108 vicina
1092 2049 1213 2110 Terrae.

256 2134 287 2198 3.
313 2137 361 2197 lta
384 2136 487 2215 quaeri
512 2137 611 2215 potnit
635 2137 705 2206 (sed
723 2137 794 2196 nibil
810 2138 1010 2216 respondente
1025 2137 1217 2210 Ptolemaeo)
1242 2155 1334 2216 quare
1357 2138 1386 2199 in
1411 2136 1529 2216 maguis

167 2225 289 2288 orbibus
314 2225 377 2285 sint
399 2233 462 2284 tam
486 2226 586 2300 exigui
611 2225 753 2304 epicycli,
778 2235 809 2285 et
834 2244 925 2304 quare
950 2227 977 2287 in
1001 2227 1105 2305 parvis
1128 2227 1250 2288 orbibus
1274 2237 1337 2287 tam
1361 2227 1527 2287 immanes:

166 2316 222 2375 hoc
245 2323 303 2387 est,
329 2333 421 2393 quare
439 2319 703 2392 προσθαφαιρεσις
722 2314 833 2374 Martis
852 2317 893 2375 sit
916 2317 1014 2395 major
1031 2315 1131 2389 Jovie,
1157 2325 1190 2376 et
1211 2314 1299 2394 hujus
1323 2315 1418 2395 major
1441 2332 1528 2395 quam

165 2402 299 2465 Saturni.
348 2402 389 2463 Et
417 2422 470 2463 cur
492 2421 550 2463 nou
574 2403 741 2463 Mercurius
765 2403 858 2464 etiam
881 2405 1036 2482 majorem,
1061 2423 1151 2483 quam
1175 2403 1292 2477 Venus,
1315 2403 1438 2478 habeat,
1463 2421 1528 2464 com

165 2493 207 2553 sit
228 2492 352 2554 inferior
375 2491 513 2566 l'enere;
546 2492 692 2572 siquidem
725 2500 855 2571 quatuor
882 2493 1062 2574 reliquomm
1089 2511 1208 2573 semper
1234 2492 1358 2554 inferior
1385 2492 1527 2573 majorem

165 2581 267 2642 habet.
314 2581 372 2641 Hic
401 2580 499 2641 facilis
533 2590 581 2641 est
612 2582 777 2660 responsio.
825 2582 967 2644 Mercurii
995 2582 1073 2642 enim
1104 2590 1137 2643 et
1159 2580 1289 2643 Veneris
1321 2600 1412 2644 veros
1439 2580 1528 2642 orbes

166 2677 285 2731 veteres
309 2670 460 2750 epicyclos
484 2689 553 2730 esse
576 2679 728 2750 putamnt
776 2671 919 2732 Mercurii
942 2679 1061 2744 autem,
1097 2681 1129 2731 ut
1156 2671 1358 2745 velocissimi,
1389 2670 1527 2733 minimus

166 2760 259 2820 etiam
283 2759 364 2820 orbis
388 2767 446 2819 est.
493 2758 685 2837 Superiorum
716 2778 786 2820 vero
815 2768 848 2820 ut
871 2760 976 2839 cuique
1000 2759 1130 2821 Telluris
1152 2760 1234 2821 orbis
1256 2760 1379 2841 propior
1402 2768 1461 2834 est,
1485 2758 1527 2820 sic

165 2849 311 2926 majorem
334 2847 373 2908 ad
398 2866 465 2907 eum
487 2848 708 2927 proportionem
733 2847 835 2920 habet,
860 2858 891 2909 et
914 2849 1011 2928 major
1030 2858 1167 2928 apparet.
1199 2849 1285 2911 Mars
1308 2849 1401 2929 igitur
1421 2846 1526 2928 proxi-

164 2956 230 2998 mus
252 2936 345 2997 habet
368 2937 528 2998 maximam
557 2937 782 3016 aequationem,
815 2935 966 2998 Saturnus
993 2938 1160 2999 altissimus
1186 2938 1349 3000 minimam.
1396 2938 1479 3002 Nam
1501 2937 1526 2997 si

163 3026 266 3087 oculus
288 3025 316 3086 in
338 3023 367 3086 G
387 3025 451 3103 (fig.
472 3023 527 3098 10)
550 3026 793 3099 constitueretur,
818 3027 845 3087 ei
869 3025 951 3088 orbis
968 3025 1025 3088 Po·
1046 3027 1199 3088 videretur
1220 3027 1276 3089 sub
1295 3028 1406 3108 angulo
1420 3024 1526 3098 TGV3

165 3125 198 3175 at
222 3115 301 3175 siin
325 3115 351 3175 L
375 3126 472 3183 esset,
497 3114 577 3175 idem
600 3114 681 3175 orbis
704 3114 858 3175 videretur
880 3115 936 3176 sub
960 3116 1070 3194 angulo
1093 3114 1184 3176 RLS.

252 3198 283 3264 4.
318 3203 436 3263 Pariter
459 3223 516 3263 non
542 3203 650 3281 injuria
674 3203 774 3263 mirati
797 3212 868 3264 suut
890 3211 1022 3277 veteres,
1052 3223 1104 3266 cur
1125 3214 1189 3266 tres
1213 3205 1383 3285 superiores
1407 3220 1526 3282 semper

163 3292 192 3352 in
208 3292 396 3371 oppositione
417 3311 482 3352 cum
497 3291 569 3353 Sole
589 3291 651 3352 sint
668 3292 822 3353 humillimi
845 3293 876 3353 in
898 3311 952 3352 suo
977 3292 1121 3373 cpicyclo,
1146 3292 1175 3354 in
1200 3292 1411 3373 conjunctione
1434 3291 1526 3354 altis-

163 3381 250 3441 simi:
275 3390 310 3440 ut
331 3381 358 3441 si
382 3380 476 3440 Terra
500 3381 566 3459 (lig.
586 3380 652 3451 11),
676 3379 731 3441 Sol
754 3390 786 3440 et
808 3400 828 3460 g
852 3381 966 3441 sintin
991 3381 1098 3442 eadem
1121 3381 1214 3456 linea,
1239 3401 1330 3462 quare
1353 3380 1440 3443 Mars
1464 3389 1528 3441 tum

162 3488 220 3530 non
245 3469 343 3548 possit
366 3468 395 3529 in
420 3469 480 3530 alio
505 3470 570 3529 loco
595 3469 721 3549 epicycli
746 3489 823 3543 esse,
849 3489 937 3549 quam
962 3469 991 3530 in
1015 3493 1038 3547 y.
1075 3471 1110 3532 In
1127 3469 1295 3550 Copernico
1319 3489 1414 3532 causa
1436 3469 1527 3530 facile

162 3559 305 3619 redditur.
352 3558 421 3619 Non
447 3558 525 3618 enim
549 3558 687 3642 blarsxin
712 3558 860 3643 epicyclo,
891 3559 944 3618 sed
970 3559 1064 3619 Terra
1092 3559 1121 3619 in
1146 3561 1218 3621 orbe
1242 3578 1297 3621 suo
1320 3560 1399 3621 hanc
1423 3557 1526 3620 varie-

162 3655 258 3707 tatem
282 3655 444 3719 causatur;
469 3647 537 3708 binc
561 3647 586 3706 si
602 3646 696 3706 Terra
719 3666 756 3707 ex
775 3649 806 3708 A
825 3646 895 3708 inB
920 3647 1097 3709 discesserit
1112 3649 1176 3728 (lig.
1196 3646 1262 3723 10),
1287 3646 1342 3711 Sol
1366 3646 1424 3709 erit
1449 3647 1528 3709 inter

163 3734 192 3795 G
216 3736 347 3796 Martem
372 3743 403 3795 et
426 3735 452 3794 B
477 3736 614 3808 Terram,
647 3745 678 3796 et
701 3745 763 3796 tum
787 3734 873 3796 Mars
895 3735 1047 3797 videbitur
1065 3737 1099 3797 in
1123 3738 1258 3820 epicyclo
1282 3737 1346 3817 (lig.
1368 3734 1424 3810 li)
1448 3755 1487 3797 ex
1510 3740 1529 3807 d

162 3825 191 3884 in
216 3848 230 3900 y
252 3824 438 3885 ascendisse.
472 3826 518 3884 At
533 3824 626 3884 Terra
649 3825 678 3884 in
702 3826 732 3885 A
756 3825 915 3897 existente,
942 3826 1020 3904 quod
1045 3835 1093 3885 est.
1114 3835 1258 3905 punctum
1281 3827 1340 3906 ipsi
1366 3823 1396 3887 G
1419 3823 1526 3904 proxi-

162 3933 250 3984 mum,
276 3911 304 3972 G
329 3914 412 3973 blars
436 3921 469 3973 et
492 3911 545 3973 Sol
570 3912 750 3974 videbuntur
773 3932 810 3973 ex
834 3915 861 3973 A
887 3914 1014 3975 invicem
1039 3914 1179 3995 oppositi.
1217 3917 1320 3995 Atque
1343 3914 1420 3975 haec
1444 3921 1525 3987 eunt,

163 4021 238 4078 quae
263 4021 300 4060 ex
324 4002 429 4062 tabula
453 4002 491 4061 ad
516 4002 632 4062 oculum
656 4001 854 4062 demonstrari
879 4012 1014 4081 possunt.

249 4090 320 4150 Jam
343 4090 485 4168 deinceps
509 4090 733 4151 consideremus
756 4091 848 4150 etiam
873 4091 1131 4151 eccentricitatem
1154 4090 1241 4170 hujus
1266 4092 1358 4152 orbis.
1406 4088 1525 4171 (loper-

162 4179 246 4238 oicns
271 4177 345 4238 facit
368 4196 534 4256 apogaeum
559 4179 640 4240 Solis
664 4179 728 4249 (vel
752 4179 878 4251 Terrae)
902 4187 937 4239 ut
964 4189 996 4240 et
1024 4189 1190 4242 ceteromm
1217 4168 1350 4253 moveri,
1384 4198 1444 4241 non
1470 4198 1527 4260 per

161 4266 342 4338 deferentes,
369 4267 422 4325 sed
445 4284 499 4344 per
523 4268 700 4347 epicyclium
725 4267 813 4346 paulo
837 4267 952 4328 tardius
977 4268 1048 4329 orbe
1068 4289 1122 4330 suo
1146 4268 1184 4328 ad
1209 4267 1325 4331 initium
1349 4268 1524 4339 rediens.¹)

160 4355 217 4416 llic
241 4363 339 4417 motus
363 4356 489 4434 apogaei
518 4357 610 4417 etiam
641 4356 753 4435 aliquid
786 4356 877 4416 infert
908 4357 939 4416 iu
968 4357 1097 4418 motibus
1126 4364 1294 4420 ceteromm
1321 4357 1523 4438 planetarum.

158 4445 238 4507 liam
253 4444 445 4505 Ptolemaeus
460 4452 626 4505 ceteromm
646 4444 889 4505 eccentricitates
912 4455 1069 4524 computat
1088 4467 1107 4506 a
1125 4453 1228 4507 centro
1243 4446 1376 4509 Terrae:
1391 4448 1422 4522 ¹)
1445 4445 1523 4529 quod

157 4534 184 4594 si
217 4543 351 4595 centrum
385 4533 544 4593 eccentrici
578 4533 707 4595 Telluris
740 4542 771 4593 et
802 4552 968 4613 apogaeum
1002 4554 1055 4614 per
1088 4536 1336 4615 consequentiam
1369 4535 1523 4616 signorum

158 4622 356 4686 discesserint
379 4620 407 4682 iu
432 4623 523 4683 aliam
547 4631 665 4703 partem
688 4622 822 4696 zodiaci,
847 4622 960 4684 relictis
983 4632 1055 4703 post
1078 4644 1111 4685 se
1136 4623 1263 4685 aliorum
1285 4625 1433 4705 apogaeis
1456 4632 1523 4688 tar·

158 4710 310 4786 dioribus,
344 4710 464 4772 accidet
496 4711 597 4791 aliqua
625 4712 753 4772 mutatio
782 4708 1038 4773 eccentricitatum
1071 4713 1100 4774 in
1131 4713 1264 4792 planetis
1286 4713 1408 4777 ceteris.
1452 4712 1520 4777 Hoc

156 4798 247 4861 valde
269 4818 386 4862 rursum
407 4799 565 4864 mirabitur
586 4799 754 4862 Ptolemaei
778 4799 977 4877 astronomia,
1010 4810 1102 4884 atque
1125 4801 1166 4864 ad
1187 4802 1404 4884 contingendos
1426 4810 1520 4868 noros
