3366 5482
170 292 214 360 98
663 292 796 344 omisso
815 292 928 343 sueino
945 293 1039 358 peaes.

169 452 294 515 laudent
316 452 413 513 instar
440 450 590 513 hominis?
631 451 699 514 Nisi
724 451 816 530 quod,
846 453 916 513 dum
944 459 1119 531 argumenta
1143 451 1337 531 suppeditant
1361 448 1529 510 hominibus

168 539 312 603 laudandi
330 540 398 613 Dei,
423 538 520 600 Deum
544 538 628 618 ipsae
651 539 775 601 laudare
798 541 943 602 dicuntur.
983 539 1081 610 Quam
1105 558 1209 609 vocem
1231 540 1323 600 coelis
1347 546 1378 599 et
1401 546 1529 597 naturae

167 645 266 690 rernm
289 628 359 689 dum
383 629 532 708 aperimus
555 627 603 687 his
630 627 773 707 pagellis,
805 628 1019 707 clarioremque
1048 628 1209 688 efficimus:
1242 644 1327 687 nemo
1357 645 1411 686 nos
1440 623 1527 685 vani-

167 715 243 778 tatis
267 724 321 777 aut
343 715 490 777 inutiliter
513 715 603 777 sumti
627 716 738 777 laboris
764 725 894 794 arguat„
951 781 954 787 ,

257 804 366 874 Taceo,
386 804 465 885 quod
485 803 560 864 haec
575 803 703 864 materia
722 804 893 877 creationis,
914 823 1003 884 quam
1017 811 1166 882 negarunt
1182 801 1362 883 philosophi,
1389 819 1528 879 magnum

64 923 68 927 ·
170 900 379 972 argumentum
403 901 469 953 est:
495 892 563 951 dum
581 892 738 966 cernimus,
763 893 808 952 uti
821 893 904 954 Deus
922 893 1018 954 instar
1033 892 1158 970 alicujus
1172 910 1210 953 ex
1225 891 1410 950 nostratibus
1426 889 1528 949 arohi-

166 981 272 1054 tectis,
303 980 405 1041 ordine
430 988 461 1039 et
484 998 588 1040 norma
611 981 650 1041 ad
673 981 775 1042 mundi
797 981 981 1042 molitionem
1006 980 1183 1051 accesserit,
1215 979 1391 1058 singulaque
1420 977 1461 1037 sit
1485 977 1529 1037 ita

167 1068 330 1143 dimensus,
355 1067 441 1147 qnasi
456 1085 513 1128 non
530 1087 580 1128 ars
595 1078 733 1129 naturam
752 1068 931 1138 imitaretur,
956 1069 1010 1129 sed
1025 1069 1108 1130 Deus
1132 1068 1197 1147 ipse
1221 1067 1259 1127 ad
1284 1067 1412 1128 hominis
1436 1064 1528 1126 futuri

165 1175 279 1218 morem
303 1155 480 1217 aedificandi
503 1156 700 1236 respexisset.

255 1242 436 1322 Quanquam
450 1243 520 1323 quid
535 1254 659 1307 necesse
673 1252 733 1318 est,
756 1234 926 1305 dlriuarum
948 1252 1047 1304 rerum
1069 1256 1142 1306 usus
1161 1243 1258 1303 instar
1276 1240 1391 1302 obsonii
1407 1258 1527 1301 nummo

167 1332 352 1395 aestimare?
390 1332 470 1394 Nam
494 1332 564 1411 quid
589 1351 701 1411 quaeso
723 1331 849 1412 prodest
872 1334 970 1394 ventri
994 1332 1131 1393 famelico
1156 1330 1288 1408 cognitio
1311 1347 1410 1391 rerum
1434 1336 1526 1388 natu-

165 1420 283 1495 talium,
309 1420 379 1498 qnid
403 1427 471 1481 tota
492 1420 609 1500 reliqna
632 1421 840 1482 astronomia?
885 1420 991 1500 Neque
1015 1429 1116 1481 tamen
1140 1418 1265 1480 audiunt
1289 1417 1405 1478 cordati
1429 1416 1527 1476 homi-

165 1527 220 1571 nes
243 1509 329 1570 illsm
352 1507 533 1582 barbariem,
559 1526 634 1586 quae
650 1509 818 1570 deserenda
831 1516 993 1587 propterea
1012 1509 1072 1569 ista
1089 1507 1191 1569 studia
1206 1507 1354 1567 clamitat.
1388 1504 1527 1565 Pictores

166 1595 299 1669 ferimus,
324 1595 501 1676 quioculos,
526 1596 767 1678 symphoniacis,
793 1598 841 1676 qti
856 1604 945 1657 tures
960 1597 1134 1658 oblectant:
1160 1593 1295 1674 quamvis
1310 1594 1422 1655 nullum
1436 1592 1527 1653 rebus

155 1684 278 1760 ,nostris
302 1685 533 1745 emolumentum
557 1686 695 1747 afferant.
741 1684 784 1745 Et
807 1703 864 1745 uon
889 1692 1007 1745 tantum
1031 1685 1173 1758 humana,
1204 1683 1257 1742 sed
1282 1682 1372 1742 etiam
1397 1681 1527 1741 honesta

165 1781 306 1834 censetur
329 1767 479 1852 voluptas,
503 1783 580 1852 qute
604 1782 641 1834 et
663 1780 856 1852 utrorumque
880 1773 1019 1851 operibus
1043 1772 1171 1851 capitur.
1209 1769 1297 1840 Quae
1319 1770 1412 1847 igitur
1435 1769 1526 1829 inhu-

164 1861 310 1934 manitas,
340 1878 416 1940 quae
441 1860 586 1932 stultitia,
615 1861 708 1921 menti
737 1880 823 1921 suum
847 1859 979 1922 invidere
1003 1860 1160 1921 honestum
1182 1859 1337 1934 gaudium,
1371 1857 1466 1917 oculis
1495 1867 1527 1916 et

164 1947 286 2011 salibus
318 1966 377 2009 non
413 1940 573 2009 inridere?
627 1948 740 2008 Rerum
770 1954 898 2008 naturae
935 1956 1100 2028 repugnet,
1140 1947 1190 2027 qui
1226 1962 1293 2007 cum
1325 1945 1373 2005 his
1411 1946 1528 2025 pugust

163 2035 410 2098 recreationibus.
464 2035 544 2096 Nam
577 2036 627 2115 qni
659 2035 733 2095 nihil
768 2035 798 2094 in
833 2043 971 2096 naturam
1002 2036 1186 2108 introduxit,
1221 2033 1350 2096 Creator
1382 2032 1523 2112 optinens,

164 2123 212 2185 oui
248 2142 307 2184 non
346 2142 413 2185 cum
449 2123 489 2183 ad
525 2124 757 2195 necessitatem,
804 2130 868 2183 tum
905 2124 944 2184 ad
979 2124 1231 2204 pulchritudinem
1270 2131 1300 2183 et
1337 2121 1526 2200 uoluptatem

164 2210 282 2272 abunde
306 2210 516 2290 prospexerit:
540 2211 568 2272 is
582 2219 714 2272 mentem
727 2209 864 2284 hominis,
889 2211 982 2273 totius
996 2220 1123 2273 naturae
1139 2212 1299 2283 dominnm,
1326 2229 1411 2272 suam
1431 2209 1525 2288 ipsius

163 2299 333 2378 imaginem,
359 2299 454 2359 solam
474 2299 560 2359 uulla
583 2288 737 2377 voluptate
761 2297 921 2359 beaverit?
958 2298 1020 2361 Imo
1040 2299 1085 2361 uti
1103 2319 1160 2360 nou
1181 2299 1361 2380 quaerimus,
1387 2317 1446 2377 qua
1470 2315 1524 2376 spe

163 2386 311 2448 commodi
326 2386 464 2448 cantillet
485 2386 612 2460 avicula,
638 2406 704 2447 cum
722 2387 851 2447 sciamus
866 2387 967 2448 inesse
982 2388 1168 2467 voluptatem
1183 2388 1212 2448 in
1228 2397 1327 2455 cantu,
1351 2395 1522 2465 propterea,

165 2475 237 2556 quia
260 2474 299 2535 ad
323 2483 443 2535 cantum
466 2475 559 2535 istum
581 2475 666 2536 faeta
687 2481 757 2536 eet:
780 2476 826 2536 ita
848 2484 903 2535 tec
920 2474 978 2536 hoe
989 2477 1203 2554 quaerendum,
1229 2495 1281 2537 cur
1296 2494 1378 2535 mens
1394 2471 1525 2535 humans

162 2569 281 2625 tantum
300 2569 404 2623 tumet
426 2562 538 2624 laboris
561 2563 592 2623 in
614 2563 820 2643 perquirendis
837 2562 920 2624 lrisoe
936 2564 1086 2625 coelorum
1106 2564 1235 2625 aruasia
1272 2563 1330 2624 list
1351 2562 1432 2623 enim
1456 2561 1523 2622 ideo

163 2669 248 2712 mens
272 2650 416 2729 adjuncta
444 2650 581 2712 sensibus
610 2651 648 2712 ab
673 2649 788 2730 Opidoe
816 2658 939 2725 nestro,
973 2670 1030 2713 non
1055 2659 1171 2713 tantum
1195 2661 1283 2712 ntae
1309 2651 1405 2729 ipsum
1435 2650 1522 2709 homo

163 2745 358 2812 sustentaret,
383 2739 462 2818 quod
485 2739 573 2818 longe
598 2739 738 2800 solertius
761 2746 888 2818 possunt
911 2740 959 2800 vel
983 2739 1089 2800 brutae
1108 2741 1217 2801 mentis
1237 2738 1403 2800 ministerio
1428 2738 1524 2798 multa

164 2826 360 2888 animantium
383 2838 513 2906 generat
538 2827 593 2888 sod
616 2827 718 2902 etiam,
742 2836 776 2888 ut
797 2827 836 2887 ab
859 2827 905 2901 iis,
932 2841 1017 2906 quse,
1041 2829 1121 2906 quod
1144 2829 1219 2902 sint,
1245 2827 1338 2888 oculis
1359 2825 1520 2897 cernimus,

164 2913 204 2975 ad
227 2928 335 2976 causas
358 2930 451 2994 quare
475 2915 536 2976 sint
558 2923 591 2976 et
611 2916 701 2991 liant,
726 2915 993 2976 contenderemus:
1018 2916 1153 2995 quamvis
1178 2916 1250 2977 nihil
1274 2915 1356 2976 alind
1379 2912 1522 2975 utilitatis

162 3001 232 3064 iratis
256 3018 441 3081 caperemus.
488 3005 590 3083 Atque
614 3004 691 3065 adeo
713 3011 749 3064 ut
772 3003 915 3064 animalis
937 3012 1056 3078 cetera,
1078 3022 1248 3085 corpusque
1271 3004 1431 3064 humanum
1455 3001 1521 3063 cibo

162 3098 296 3171 potuque
319 3098 549 3153 sustentanture
582 3092 626 3154 sie
649 3091 766 3152 suimus
789 3092 855 3171 ipse
883 3091 1030 3166 hominis,
1058 3092 1212 3154 diversum
1236 3092 1376 3172 quiddam
1401 3091 1439 3151 ab
1464 3090 1521 3150 ho-

162 3178 241 3240 mine
256 3180 301 3252 ⁰),
334 3184 512 3258 rugetatur,
543 3188 690 3260 augetur,
718 3188 752 3240 et
785 3179 934 3242 adolescit
965 3181 1183 3260 quodammodo
1212 3179 1393 3259 cognitionis
1420 3177 1520 3241 isthoc

161 3264 293 3349 pabulo:
323 3275 499 3347 mortuoque
522 3286 612 3347 quam
633 3268 704 3329 rivo
728 3268 936 3340 similiorem,
964 3269 991 3328 si
1014 3268 1119 3330 harum
1143 3289 1240 3331 rerum
1262 3267 1413 3329 desiderio
1438 3267 1520 3328 nullo

162 3353 307 3433 tangitur.
346 3353 448 3425 Quare
472 3356 515 3416 uti
538 3364 665 3417 saturae
687 3357 879 3436 providentia
900 3356 1040 3436 pabulum
1066 3358 1267 3419 animantibus
1292 3371 1440 3435 nunquam
1465 3355 1520 3416 de-

162 3442 244 3503 licit:
275 3442 322 3503 ita
349 3460 406 3504 non
428 3443 578 3505 immerito
603 3445 701 3506 dicere
724 3463 897 3523 possumus,
920 3452 1088 3524 propterea
1115 3454 1232 3507 tantam
1254 3445 1285 3505 in
1309 3445 1399 3505 rebus
1422 3444 1520 3505 inesse

161 3529 360 3606 varietatem,
388 3539 512 3612 tamque
539 3533 711 3594 moenditm
733 3533 764 3593 iu
789 3534 939 3594 coelorum
962 3534 1077 3594 fabrica
1101 3535 1278 3607 thesauros,
1308 3541 1341 3593 ut
1371 3549 1520 3612 nunqnam

162 3618 285 3679 deesset
307 3619 456 3681 hnmanae
477 3621 571 3682 menti
593 3638 700 3682 recens
722 3621 877 3700 pabulum,
908 3641 945 3682 ne
969 3622 1123 3683 festidiret
1141 3622 1327 3695 obsoletum,
1352 3640 1409 3682 neu
1434 3621 1520 3701 qnie-

164 3714 276 3780 seeret,
306 3708 359 3767 sed
384 3708 509 3769 haberet
532 3709 561 3769 in
586 3710 642 3769 hoc
665 3710 774 3771 mundo
798 3717 974 3789 perpetrem
998 3710 1157 3772 exerceam
1181 3711 1225 3772 ssi
1249 3710 1410 3770 officinam.
1427 3707 1455 3782 ⁶)

250 3795 355 3873 Neque
379 3810 450 3857 vero
474 3796 579 3856 harum
599 3797 765 3876 epularum,
791 3817 865 3877 quas
889 3817 927 3858 ex
945 3799 1095 3859 ditissimo
1111 3797 1286 3860 Conditoris
1307 3816 1389 3876 mu
1411 3798 1441 3859 in
1464 3797 1521 3858 hoo

162 3881 264 3943 libello
287 3883 371 3943 velet
384 3883 424 3944 iu'
437 3899 543 3944 mensa
556 3883 709 3964 depromo,
733 3895 895 3965 propterea
913 3887 1009 3947 minor
1028 3892 1076 3947 est
1091 3887 1244 3962 nobilitas,
1261 3887 1338 3966 qued
1358 3886 1523 3947 smnuims

162 3969 242 4049 vulgi
266 3977 354 4047 parte
377 3971 426 4032 vel
457 3988 515 4032 nou
539 3973 757 4052 gustabuntur,
789 3975 837 4035 sel
865 3983 1053 4054 respuentur·
1098 3974 1248 4038 Anserem
1271 3974 1397 4036 laudant
1420 3975 1521 4054 plures

161 4059 467 4138 quamplurimarum,
495 4060 567 4138 quia
589 4060 640 4121 ille
663 4062 827 4122 communis
848 4071 913 4134 est,
945 4063 1003 4123 iste
1027 4063 1130 4124 rarior.
1178 4064 1284 4143 Neque
1306 4071 1408 4124 tames
1431 4063 1522 4125 ulh'ns

161 4143 260 4224 Apitii
281 4146 404 4225 palatus
427 4147 504 4208 hunc
527 4149 571 4209 illi
594 4157 767 4228 postponet.
804 4148 858 4210 Sic
880 4150 967 4229 hujus
987 4152 1133 4212 materiae
1157 4153 1290 4232 dignitas
1311 4158 1400 4212 tanto
1425 4151 1522 4230 major

160 4233 237 4306 erit,
263 4250 320 4312 quo
343 4229 501 4312 pauciores
520 4237 705 4311 laudatores,
729 4237 935 4316 intelligentes
954 4240 1042 4299 modo
1061 4240 1133 4314 sint,
1158 4240 1297 4319 reperiet
1331 4239 1400 4301 Non
1414 4240 1522 4302 esdsm

161 4320 250 4399 vulgo
274 4322 455 4383 conveniunt
482 4331 513 4384 et
542 4324 745 4403 principibus:
778 4344 875 4404 neque
904 4326 978 4387 haec
1007 4328 1155 4389 coelestia
1180 4329 1350 4408 promiscue
1378 4328 1521 4399 omnium,

161 4408 216 4468 ssd
239 4408 378 4488 generosi
402 4410 511 4473 saltem
533 4413 625 4473 animi
647 4413 788 4492 pabulum
812 4422 902 4475 sunt:
926 4434 986 4475 nou
1005 4433 1071 4477 meo
1093 4425 1164 4477 voto
1188 4418 1235 4478 vel
1257 4435 1358 4497 opere,
1382 4435 1444 4479 non
1467 4435 1522 4478 sua

159 4503 277 4570 ustura,
302 4514 360 4556 non
374 4497 432 4559 Dei
452 4499 573 4575 invidia,
599 4500 652 4562 sed
675 4503 867 4580 plurimorum
891 4503 1044 4564 homiuum
1058 4504 1107 4564 vel
1123 4505 1303 4584 stupiditate
1320 4503 1368 4564 vel
1387 4505 1520 4585 ignvia

159 4582 268 4647 Solent
290 4585 441 4665 principes
467 4588 572 4667 aliqua
593 4590 695 4668 magni
716 4589 808 4669 pretii
830 4591 911 4651 inter
935 4592 1084 4652 secundos
1107 4592 1219 4654 habere
1242 4611 1381 4668 mensas,
1413 4592 1522 4674 quibua

158 4680 283 4735 utantur
305 4690 364 4735 nun
387 4675 445 4737 nisi
467 4677 572 4751 saturi,
598 4678 719 4739 levaudi
732 4678 850 4739 fastidii
865 4697 967 4741 causa.
1006 4678 1058 4741 Sic
1080 4680 1154 4742 haec
1175 4689 1206 4742 et
1229 4680 1396 4761 hujus-od
1420 4680 1523 4743 studia

158 4762 391 4841 generosissimo
413 4772 447 4827 et
469 4765 693 4847 sapientissimo
714 4767 823 4848 usique
847 4775 911 4829 turn
937 4768 1057 4830 demum
1082 4769 1217 4849 sapient,
1249 4769 1299 4832 ubi
1327 4788 1344 4831 e
1370 4788 1447 4833 casa
1467 4786 1523 4852 per
