3366 5482
287 263 352 332 aso
517 295 520 303 ‚
713 261 1270 354 mmeramme,

286 423 472 486 vicinissima
495 430 597 482 tamen
622 416 781 481 Corinthia
804 419 846 481 nil
867 419 1004 498 pluviae,
1036 420 1173 500 squalor,
1198 414 1341 495 briditas,
1369 427 1406 482 ut
1427 419 1647 500 inspedireutnr

285 513 398 592 pabula
422 521 453 571 et
477 510 589 588 fruges.
635 508 704 569 lion
724 508 859 586 negarim
882 508 1120 597 conjnnctionem
1143 504 1208 582 “45
1232 508 1345 589 aliquid
1374 509 1475 571 iacere
1499 507 1540 570 ad
1564 506 1643 569 leni-

285 602 429 674 tudinem,
454 608 487 659 nt
511 608 542 658 et
565 596 687 658 stellam
710 615 820 657 novam
844 604 875 658 et
898 616 1078 675 congressus
1102 597 1232 658 omnium
1258 598 1451 676 planetarum
1473 596 1503 658 iu
1519 601 1561 668 2¹.
1599 596 1644 657 At

285 710 343 751 non
368 708 421 768 per
445 706 488 759 se,
514 687 568 746 sed
591 705 644 765 per
668 685 845 747 facultatem
870 686 1031 746 animalem
1046 685 1168 757 Terrae,
1192 704 1270 765 qnae
1295 686 1353 748 luit
1370 686 1539 749 stimulata
1577 683 1645 749 No·

287 798 344 858 que
369 796 406 836 ex
431 779 460 852 ό
473 772 538 852 iiii
562 775 619 835 dici
644 783 762 853 potest.
791 793 843 834 cnr
867 772 1028 835 Germanis
1052 774 1128 836 lenis
1153 773 1244 835 fuerit
1266 773 1377 847 hiems,
1402 774 1492 836 ltalis
1518 773 1644 853 frigidm

286 867 341 928 sed
365 864 538 945 quaerenda
561 863 634 924 haec
659 863 739 924 intus
764 862 792 922 in
818 863 931 923 Terra:
957 863 1065 947 quippe
1090 859 1200 940 dliii
1223 862 1358 925 omnibus
1382 863 1500 925 eadem.

375 950 511 1026 (Adii.)
557 953 608 1012 Αιι
637 952 724 1012 Luna
752 970 820 1012 cunr
848 951 999 1031 parallaxi
1031 951 1209 1030 dirigenda?
1256 947 1405 1022 Quaestio
1434 949 1641 1031 impertinens,

285 1063 351 1104 curn
375 1043 412 1102 de
437 1042 523 1118 longe
548 1041 713 1119 majoribus
736 1039 933 1119 disputemus.
981 1040 1089 1102 Dicam
1104 1049 1205 1102 tamma
1222 1041 1422 1103 sententiam:
1446 1038 1569 1102 omuino
1588 1037 1643 1101 boo

284 1141 332 1192 est
354 1131 528 1209 principium
553 1129 778 1206 astrologicnm,
804 1138 899 1203 astra,
924 1129 968 1190 nti
994 1130 1144 1203 videntur,
1169 1129 1214 1190 sic
1228 1129 1344 1190 censeri
1367 1149 1387 1190 a
1409 1136 1522 1190 natura
1544 1126 1641 1188 facul·

284 1228 349 1281 tate
375 1218 515 1280 naturali.
564 1218 645 1296 Ergo
661 1217 749 1278 Luna
771 1236 838 1278 cum
860 1217 1010 1296 parallaxi
1034 1228 1082 1280 est
1106 1217 1235 1279 locanda
1257 1218 1286 1278 in
1302 1218 1405 1297 genesi
1426 1226 1459 1279 et
1472 1215 1640 1296 dirigenda

284 1308 399 1369 Videor
422 1307 549 1368 eandem
573 1326 640 1367 cnm
653 1307 795 1385 Tychone
819 1326 942 1368 causam
966 1308 1081 1372 afferre.
1128 1308 1250 1369 lumea
1273 1306 1378 1385 genesi
1401 1325 1494 1369 casus
1517 1303 1641 1367 evidens

282 1397 331 1469 tit,
356 1415 425 1457 nam
447 1414 501 1474 per
520 1394 690 1474 parallaxin
714 1394 801 1455 Luna
824 1395 1021 1473 corporaliter
1039 1396 1217 1475 jungeretur
1240 1395 1389 1474 palilitio,
1424 1394 1451 1456 si
1475 1394 1567 1455 modo
1589 1410 1641 1473 per

283 1484 498 1563 longitudinem
517 1485 705 1562 jungeretur.

374 1573 440 1645 (Ad
464 1570 511 1644 8.)
557 1572 654 1633 Recte
678 1590 795 1644 mones,
831 1580 863 1631 nt
887 1568 1038 1633 Chronica
1065 1572 1187 1645 adeam,
1222 1590 1297 1651 qnae
1321 1580 1456 1634 meteone
1480 1568 1643 1648 consigua-

284 1671 363 1731 runt‚
387 1662 514 1740 indeque
539 1661 757 1739 experientiam
779 1660 926 1721 hauriam.
973 1660 1097 1722 Faciam
1119 1659 1160 1733 id,
1185 1659 1235 1722 ubi
1259 1662 1326 1742 plns
1341 1661 1395 1722 otii
1416 1659 1562 1722 habuero.
1599 1657 1645 1718 At

287 1770 344 1812 non
370 1770 435 1811 cum
458 1749 543 1810 coelo
567 1758 686 1810 tanturn
709 1749 902 1828 comparabo,
926 1748 981 1809 sed
1006 1749 1131 1810 Terram
1155 1768 1255 1810 secum
1280 1748 1387 1826 ipsam.

375 1838 441 1910 (Ad
465 1835 512 1911 9.)
559 1838 628 1900 lion
652 1838 690 1897 ad
706 1837 905 1898 describenda
920 1846 1057 1900 meteora
1079 1839 1150 1900 anni
1169 1833 1247 1900 1601
1276 1838 1370 1900 otium
1387 1844 1539 1917 superest.
1581 1834 1644 1896 Fa·

284 1929 346 1990 ciat
378 1947 431 2007 pro
464 1945 511 1987 me
543 1926 678 1988 Joanues
711 1925 884 2000 (Erikseu),
910 1926 960 1987 ubi
992 1927 1133 2001 redierit,
1167 1935 1220 1988 aut
1251 1927 1400 1988 Matthias
1433 1923 1643 1999 (Seiffardns).

275 2017 341 2087 ‚Die
369 2014 419 2077 10.
446 2011 530 2087 (20.)
554 2016 627 2077 Feb.
653 2014 698 2076 ais
730 2034 833 2076 eurum
852 2021 951 2075 ortum
973 2025 1044 2093 post
1069 2015 1243 2088 lenitatem;
1268 2015 1346 2077 idem
1370 2015 1417 2076 hio
1441 2014 1481 2076 ad
1502 2030 1642 2092 unguem.

284 2105 380 2165 Vides
404 2103 603 2165 universalem
627 2111 758 2178 ventum,
783 2105 832 2183 qni
857 2112 993 2177 serenat;
1029 2104 1078 2184 qni
1102 2104 1210 2185 pluvii,
1242 2104 1462 2183 particulares,
1491 2122 1512 2164 a
1535 2099 1642 2164 vicinis

281 2212 327 2265 sc.
352 2191 514 2253 montibus.

373 2281 437 2352 (Ad
468 2276 531 2351 10.)
578 2277 664 2349 Quae
682 2280 748 2359 jam
772 2299 863 2359 snpra
886 2281 1105 2342 allinnaveram
1130 2281 1174 2358 (p.
1202 2275 1295 2353 352),
1326 2288 1360 2342 tn
1382 2298 1454 2342 ecce
1477 2280 1593 2342 evertis
1614 2277 1644 2338 in

286 2369 444 2448 dirigendo
469 2368 659 2429 latitudinem
683 2368 896 2430 adhibendam.
943 2369 993 2429 Ad
1009 2367 1224 2447 experientiam
1248 2387 1407 2448 provocas.
1448 2368 1539 2448 Nego
1561 2367 1644 2429 illam

224 2514 228 2521 .
285 2458 361 2519 adeo
387 2457 528 2518 subtilem
552 2476 619 2518 esse
643 2475 744 2536 posse,
770 2466 803 2517 ut
826 2458 1010 2518 sufficienter
1029 2466 1168 2529 testetur,
1191 2456 1240 2517 vel
1259 2457 1315 2519 hoc
1330 2459 1396 2521 solo
1408 2457 1541 2533 nomine,
1565 2452 1643 2536 qnod

272 2546 469 2616 ,directiones
488 2546 575 2625 'ajunt
594 2545 740 2624 applicari
756 2546 794 2605 ad
813 2546 1016 2606 revolutiones
1038 2563 1116 2606 anno
1141 2546 1189 2606 vel
1204 2546 1406 2625 praecedente
1422 2547 1471 2608 vel
1485 2553 1641 2626 sequente.

284 2635 365 2696 Dum
389 2654 460 2695 vero
483 2653 631 2726 protocas
655 2633 694 2694 ad
719 2635 887 2713 exemplum
910 2634 1143 2713 profectionum,
1176 2636 1266 2713 plane
1296 2644 1327 2696 te
1352 2635 1444 2711 rideo,
1479 2653 1548 2697 cnm
1570 2651 1643 2714 pro·

285 2724 377 2784 lectio
402 2742 515 2784 merum
539 2723 581 2782 sit
604 2721 760 2783 somnium.
1144 2787 1148 2793 ,

355 2812 533 2860 Fabricius
552 2812 587 2860 sic
607 2809 747 2858 concludit:
775 2809 828 2874 Ego
846 2810 873 2857 in
891 2823 950 2858 mea
968 2810 1054 2874 genesi
1078 2809 1238 2859 dimotionem
1258 2806 1291 2870 Θ
1312 2811 1345 2860 sd
1364 2809 1389 2870 d
1408 2811 1542 2876 plurimum
1560 2811 1642 2861 timeo.

284 2881 341 2932 Scio
359 2896 449 2945 nempe
468 2881 606 2929 horribilem
625 2894 696 2936 asso,
723 2894 770 2928 nec
788 2887 835 2928 tua
852 2881 916 2929 ratio
935 2880 1057 2945 dirigendi
1075 2895 1154 2943 nuper
1172 2883 1265 2944 scripta
1288 2883 1398 2931 'animum
1420 2897 1504 2933 meum
1523 2881 1641 2947 tranquil·

282 2955 335 3003 lure
353 2959 449 3016 potest,
476 2960 501 3001 et
519 2966 616 3014 semper
634 2951 754 3013 eiusmodi
773 2951 875 2999 directio
900 2966 995 3000 summe
1013 2951 1153 3014 periculosa
1169 2951 1224 3001 luit
1261 2954 1297 3001 At
1314 2952 1385 3003 Dona
1403 2953 1510 3010 officiet,
1538 2967 1570 3003 ue
1589 2953 1642 3003 nl·

282 3039 348 3084 mae,
368 3026 389 3073 si
407 3025 514 3072 maxime
533 3023 636 3085 corpori,
655 3029 754 3071 noceat
792 3021 869 3071 Hisce
888 3029 914 3071 to
932 3029 1050 3086 tuamque
1068 3022 1150 3072 valere
1167 3024 1255 3085 jubeo,
1281 3030 1308 3073 ot
1325 3038 1385 3089 rogo
1404 3031 1535 3082 amanter,
1554 3030 1585 3073 ut
1601 3038 1642 3088 pro

283 3095 393 3146 Uranica
411 3102 497 3144 noema
515 3095 627 3142 amicitia
645 3094 705 3141 mibi
723 3093 880 3155 respondeas.
918 3092 996 3148 Vale,
1016 3093 1084 3149 vale,
1111 3093 1180 3150 vale,
1209 3096 1346 3159 iterumque
1365 3101 1392 3144 st
1408 3095 1498 3146 millies
1517 3095 1588 3153 nlo.
1616 3100 1642 3144 et

282 3181 334 3216 rem
354 3166 544 3215 astronomicam
561 3178 635 3228 urge,
662 3165 817 3227 Martemque
837 3162 948 3220 debella,
975 3170 1003 3212 ut
1031 3178 1116 3213 omnes
1143 3173 1297 3229 cognoscant
1323 3171 1403 3216 artem
1428 3173 1501 3216 mam
1518 3178 1635 3232 superus

282 3235 390 3286 Martem
408 3236 530 3284 hactenns
549 3235 675 3284 invictum.
713 3233 816 3297 Raptim
835 3233 947 3290 Ortelae,
966 3234 1060 3283 Friniae
1078 3237 1139 3293 rico,
1160 3235 1185 3284 d.
1205 3234 1246 3285 10.
1266 3233 1336 3298 (20.)
1355 3236 1415 3287 nee
1436 3235 1518 3287 iton.

372 3307 580 3385 Keplerus:
606 3305 633 3366 Ο
658 3315 689 3366 te
713 3306 855 3366 miserum
879 3315 912 3366 et
934 3305 1099 3367 infelicem!
1147 3304 1207 3376 Qui
1220 3316 1268 3369 tot
1287 3308 1353 3387 jam
1373 3309 1448 3370 meis
1464 3308 1639 3372 instructio-

283 3397 369 3458 nibus
394 3395 523 3456 nondnm
548 3394 668 3455 liberari
690 3402 778 3473 potes
802 3414 822 3453 a
845 3404 926 3454 metu
950 3393 1134 3469 directionis,
1159 3397 1229 3476 quin
1253 3406 1286 3458 et
1308 3397 1455 3460 orandum
1469 3390 1639 3478 ribiputas,

282 3504 319 3547 ne
344 3485 461 3545 animae
484 3491 601 3545 noceat.
648 3482 828 3544 Beueiaciat
849 3482 933 3543 Dens
958 3491 1028 3543 tuae
1051 3482 1184 3558 animae,
1209 3492 1342 3546 ceterum
1365 3495 1400 3548 nt
1421 3485 1571 3567 impediat
1592 3485 1639 3549 di-

283 3573 458 3647 rectionem,
483 3590 520 3632 ne
544 3572 587 3633 illi
611 3579 730 3643 noceat,
755 3570 829 3631 nihil
853 3580 902 3631 est
924 3589 1059 3632 necesse.

371 3663 575 3732 Albertns,
597 3660 741 3721 Austriae
761 3659 927 3733 Archidux,
953 3669 1109 3720 natusest
1133 3659 1248 3721 oriente
1272 3657 1340 3722 22⁰
1362 3668 1411 3734 ἰ,
1436 3659 1477 3740 Θ
1498 3664 1530 3726 iu
1553 3659 1637 3735 0⁸}

283 3753 313 3813 in
330 3754 355 3822 00
375 3747 410 3828 li,
436 3749 523 3810 Luna
537 3751 565 3809 in
587 3743 700 3823 11⁰5.
738 3748 932 3828 Philippus
953 3749 1008 3809 Ill.
1034 3747 1200 3827 Hispaniae
1225 3767 1295 3824 rex,
1317 3769 1396 3812 anno
1412 3747 1465 3814 78.
1496 3749 1546 3815 14.
1561 3753 1633 3832 Apr.

282 3860 370 3901 mane
395 3840 424 3899 h.
441 3835 472 3898 2.
494 3835 546 3899 20’
562 3836 695 3899 meridiei
719 3845 752 3897 nt
766 3838 907 3916 Maginus
931 3837 1108 3916 perscripsit
1127 3838 1165 3898 ad
1181 3838 1410 3918 Tengnaglinm.
1458 3839 1635 3904 decidentia

283 3929 404 4009 privata
426 3928 540 4005 ignoro,
566 3927 687 4005 publica
710 3944 748 3986 ex
772 3926 971 3987 monumentis
995 3926 1124 4003 publicis
1148 3926 1213 4004 ipse
1237 3928 1363 4007 corrige.

356 4017 527 4066 Fabricius
548 4012 584 4076 (d.
605 4015 629 4063 2.
650 4010 716 4076 [12]
736 4010 821 4077 Apul:
842 4013 946 4077 Scripsit
963 4014 996 4063 ad
1014 4028 1054 4062 me
1071 4013 1110 4063 Jo.
1129 4014 1242 4071 Erikssn,
1261 4029 1289 4065 se
1307 4016 1432 4066 ndonmn
1449 4022 1476 4067 et
1495 4032 1586 4070 mnan
1601 4016 1632 4067 il·

284 4090 421 4138 sectionum
439 4094 465 4135 et
482 4087 662 4149 profectionum
680 4087 811 4135 invenisse.
849 4085 963 4134 Promisit
980 4098 1039 4134 suas
1051 4087 1216 4149 cogitationes
1234 4086 1267 4136 ad
1279 4101 1319 4137 ms
1335 4088 1444 4148 ιιιὶωοιο,
1463 4089 1632 4142 οοᾶιιιοοοοιιι

283 4174 334 4207 non
353 4159 419 4207 iecit
458 4156 567 4217 Quaeso,
586 4163 614 4207 tu
633 4156 746 4211 adolens,
766 4171 823 4206 cum
841 4157 928 4212 sciam,
948 4156 993 4205 tibi
1011 4161 1072 4204 nota
1090 4171 1144 4205 esse
1162 4156 1227 4207 illiue
1245 4159 1338 4208 omnia

375 4229 580 4306 Keplerns:
623 4227 791 4289 Occasione
824 4246 956 4288 mearum
989 4225 1206 4305 cogitationum
1239 4229 1276 4289 de
1309 4230 1410 4292 causis
1443 4231 1630 4295 directionum

284 4317 420 4380 Joannes
445 4317 509 4394 ipse
535 4336 650 4398 quoque
675 4317 887 4377 exstimulatus
912 4316 978 4390 fuit,
1003 4316 1184 4396 tandemque
1208 4311 1317 4396 εὕρηκα
1336 4320 1532 4386 exclamavit.
1575 4318 1629 4398 Egi

285 4427 356 4467 vero
381 4405 437 4485 ipsi
462 4407 637 4479 monstravi,
661 4405 768 4466 eadem
791 4403 888 4484 ipsum
910 4404 1044 4481 cogitare
1059 4423 1183 4468 mecum.
1231 4406 1327 4485 Igitur
1349 4427 1413 4469 rem
1434 4417 1534 4473 totam
1555 4408 1628 4477 adil

285 4495 450 4568 revocavit,
475 4493 638 4568 affirmans,
663 4513 696 4554 se
722 4494 851 4554 nondum
874 4503 956 4554 recte
981 4492 1149 4571 explicasse
1175 4515 1231 4556 sua
1254 4495 1347 4558 animi
1361 4515 1464 4569 sensa,
1490 4498 1627 4570 delibera·

277 4593 384 4645 curum
408 4583 543 4657 ulterius,
569 4583 716 4663 quomodo
742 4582 951 4661 explicandum
965 4582 1007 4642 sit
1022 4583 1077 4642 hoc
1101 4602 1186 4644 suum
1201 4583 1365 4647 inventum.
1412 4586 1465 4649 lta
1487 4584 1624 4669 negotium

284 4672 342 4733 hoc
366 4674 445 4734 inter
467 4691 523 4733 uos
548 4664 705 4751 quievit')
754 4669 886 4732 Chartas
901 4689 984 4730 meas
1000 4690 1019 4730 a
1033 4669 1072 4730 D.
1090 4669 1211 4733 Schelio
1235 4683 1379 4753 acceptas
1401 4674 1439 4738 de
1463 4670 1622 4747 directioni·

285 4760 341 4821 bus
364 4758 437 4823 mihi
459 4760 589 4836 remitte,
616 4767 650 4822 ut
672 4757 737 4838 ipse
759 4777 814 4839 per
832 4757 941 4820 literas
964 4757 1036 4820 mibi
1060 4778 1092 4820 es
1115 4758 1269 4840 pollicitus
1293 4771 1325 4826 te
1345 4763 1511 4843 faotqrum.
1535 4761 1623 4851 ,ors
