3366 5482
770 234 853 300 (ἕψει
869 235 924 287 ¹¹1
1127 337 1129 345 q
1469 238 1527 306 141

166 389 294 470 siugulis
318 391 494 472 corporibus
518 394 793 466 accommodentur,
825 414 882 456 nou
912 396 957 457 ita
983 396 1012 456 in
1041 405 1161 475 promtu
1184 403 1243 459 est.
1260 398 1285 471 ¹)
1332 399 1410 461 lllud
1434 400 1530 463 solum

166 486 268 581 patet..
286 480 438 584 pyramidi
462 480 564 543 deberi
588 481 783 556 harmoniam,
809 502 897 586 quam
912 485 1047 563 quintam
1061 484 1174 558 dicunt,
1199 487 1369 565 quartam'
1360 507 1391 549 ru
1415 488 1528 564 ordine,

167 568 235 649 qnia
259 568 289 629 in
315 588 354 630 ea
380 570 477 631 minor
508 570 624 649 portio
640 579 688 632 est
720 564 748 652 Ἰ,
778 590 849 651 pars
877 572 1031 652 integrae,
1064 572 1144 634 sicut
1172 574 1252 634 latus
1282 575 1423 655 trianguli
1456 580 1529 658 (quo

166 657 299 739 pyramis
323 658 431 731 utitur)
455 658 611 720 subtendit
642 652 671 740 ’,1
702 660 853 735 circuli.)
901 662 964 722 lloc
991 661 1080 740 plura
1108 662 1188 722 infra
1215 663 1447 739 confirmabunt,
1479 665 1528 728 ubi

166 748 201 807 de
225 746 404 826 aspectibus
429 765 563 826 agemus,
588 767 664 827 quae
684 757 718 810 ut
736 749 783 810 hic
798 750 889 811 etiam
905 750 1119 830 intelligamus,
1144 749 1262 811 omuino
1283 751 1327 812 ita
1349 752 1527 832 cogitemus,

166 835 252 915 quasi
276 834 352 897 fides
376 837 498 898 sitnon
523 844 608 898 recta
632 837 720 910 linea,
745 839 798 900 sed
822 838 960 902 circulus.
999 839 1093 900 Dabit
1118 838 1208 917 igitur
1228 840 1335 901 divisio
1354 841 1527 904 harmoniae

165 923 265 985 dictae
289 925 471 1005 triangulum
495 925 524 986 in
550 944 607 1005 quo
631 926 758 1005 angulus
788 928 877 989 lateri
908 929 1086 1008 opponitur,
1121 927 1210 1006 plane
1243 935 1276 989 ut
1309 929 1338 991 in
1371 933 1528 1011 pyramide

165 1013 293 1092 angulus
316 1015 418 1094 plano.
460 1013 634 1077 Remanent
656 1014 748 1094 igitur
771 1015 846 1077 cubo
872 1025 904 1077 et
927 1016 1071 1078 octaedro
1095 1025 1207 1077 octava
1230 1025 1262 1078 et
1285 1027 1394 1097 quarta
1417 1020 1525 1096 dictae,

164 1101 256 1163 tertia
280 1109 313 1163 et
336 1103 466 1182 septima
488 1103 517 1165 in
542 1104 655 1166 ordine.
703 1103 765 1165 Sed
795 1115 893 1167 utrum
921 1124 1022 1166 eorum
1051 1114 1149 1167 utram
1177 1105 1363 1168 harmoniam
1388 1108 1527 1171 tenebit?

163 1200 261 1251 utrum
286 1192 420 1254 dicemus
443 1192 623 1255 secundaria
646 1192 778 1273 recipere
802 1213 869 1267 eas,
902 1212 978 1272 quae
1009 1194 1102 1256 lineas
1127 1195 1283 1269 scribant,
1314 1204 1346 1257 et
1373 1196 1524 1275 primaria,

162 1298 238 1358 quae
261 1279 397 1359 figuras?
411 1282 440 1353 ¹¹)
466 1288 529 1342 tum
552 1282 628 1344 cubo
653 1282 811 1343 debebitur
829 1291 937 1361 quarta
956 1283 1048 1344 dicta.
1086 1283 1165 1344 Nam
1191 1283 1217 1344 si
1241 1303 1279 1345 ex
1302 1285 1359 1346 lide
1383 1285 1526 1348 circulum

163 1368 257 1429 facias
282 1378 315 1431 et
337 1389 375 1431 cx
397 1390 456 1432 uua
480 1379 589 1450 quarta
612 1379 726 1432 rectam
750 1390 844 1450 usque
864 1370 955 1431 aliam
970 1372 1063 1433 ducas
1078 1371 1203 1444 tamdiu,
1226 1373 1322 1434 donec
1345 1374 1374 1435 iu
1398 1375 1526 1453 primum

161 1465 304 1536 puuctum
337 1460 464 1534 redeas,
497 1460 550 1521 fiet
582 1459 838 1540 quadrangulum,
873 1462 960 1539 quale
993 1461 1113 1540 planum
1147 1461 1239 1522 etiam
1272 1462 1364 1523 cubus
1395 1463 1523 1525 obtinet.

162 1543 277 1608 Contra
301 1550 446 1610 octaedro
470 1548 629 1610 debebitur
653 1558 772 1623 octava,
798 1568 874 1628 quae
899 1559 948 1611 est
971 1549 1111 1610 dimidiae
1136 1549 1213 1612 fidis.
1255 1550 1334 1612 Nam
1359 1552 1388 1612 in
1413 1551 1524 1615 circulo

160 1635 267 1696 ductus
299 1637 339 1698 ad
371 1637 525 1700 dimidiam
553 1646 586 1699 et
608 1639 647 1698 ad
671 1637 749 1698 idern
773 1644 915 1716 punctum
940 1637 1016 1699 facit
1039 1638 1079 1698 nil
1103 1638 1161 1699 nisi
1185 1638 1305 1700 lineam.
1352 1638 1404 1701 Sic
1428 1640 1524 1702 dode·

160 1724 268 1786 caedra
293 1725 453 1788 debebitur
475 1726 556 1804 prior
579 1726 757 1806 imperfecta
779 1726 899 1804 duplex.
947 1727 1027 1788 Nam
1055 1727 1162 1788 ductus
1189 1735 1244 1806 per
1268 1728 1390 1807 quintas
1414 1738 1446 1790 et
1469 1748 1522 1809 per

160 1821 263 1874 sextas
287 1815 392 1877 circuli
415 1813 530 1877 faciunt
553 1815 807 1895 quinquangulum
831 1823 863 1875 et
885 1815 1092 1895 sexangulum.
1138 1814 1281 1877 Restabit
1304 1816 1395 1895 igitur
1419 1819 1521 1880 icosa-

159 1902 228 1963 idro
251 1904 404 1983 posterior
426 1904 605 1983 imperfecta
629 1904 749 1983 duplex,
774 1904 845 1982 qnia
868 1903 976 1965 ductus
1000 1924 1053 1984 per
1077 1905 1152 1965 duas
1176 1904 1296 1984 quintas
1320 1907 1443 1985 repetiti
1467 1928 1520 1970 us·
1602 1929 1609 1943 ·

160 1991 266 2070 quein
298 1993 378 2054 idem
409 2001 551 2073 punctum
586 1993 701 2054 faciunt
733 2002 851 2055 tautum
885 1993 989 2054 lineas.
1005 1995 1033 2066 ')
1080 1992 1132 2054 Sic
1165 2003 1198 2055 ει
1229 1994 1337 2055 ductus
1369 2012 1423 2073 per
1458 2005 1521 2060 tres

160 2089 293 2142 octavas
341 2084 391 2143 An
416 2082 565 2144 malumus
589 2082 732 2143 octaidm
757 2091 896 2161 quartam
925 2083 1012 2154 dare,
1044 2082 1115 2163 quia
1142 2081 1168 2143 is
1197 2082 1358 2144 duodecies
1382 2095 1521 2164 quartam

160 2169 257 2232 circuli
281 2171 446 2243 subtendit,
472 2171 502 2232 id
527 2172 605 2251 quod
629 2171 742 2232 nullum
767 2171 848 2231 latus
872 2171 941 2232 cubi
965 2170 1063 2237 facit?
1079 2172 1128 2243 ')·
1162 2169 1212 2232 Sic
1237 2171 1420 2251 relinquetur
1444 2175 1520 2236 cubo

160 2267 272 2332 octava,
300 2259 458 2321 harmonia
480 2259 717 2340 perfectissima,
743 2268 777 2320 ut
799 2260 865 2338 ipse
888 2259 1141 2338 perfectissimum
1165 2278 1274 2339 corpus
1297 2269 1355 2322 εει.
1402 2263 1518 2324 Forsan

161 2355 186 2406 et
206 2347 282 2408 illud
306 2348 533 2410 convenientius
557 2356 619 2415 est,
645 2348 813 2426 relinquere
837 2349 995 2409 icosaedro
1019 2349 1147 2428 priorem
1168 2348 1375 2428 imperfectam
1395 2359 1520 2430 propter

163 2436 360 2516 sexangulum,
386 2438 465 2518 qnod
489 2437 555 2498 basi
578 2438 747 2515 triangulae
773 2446 934 2516 cognatum
952 2439 1048 2518 magis
1064 2448 1122 2511 est,
1147 2457 1234 2518 quam
1259 2438 1517 2519 quinquangulae:

163 2520 343 2587 dudecatdro
372 2545 443 2588 vero
475 2528 546 2588 dare
576 2526 753 2587 divisionem
781 2526 966 2587 octonariam
994 2533 1119 2606 propter
1145 2545 1298 2589 numerum
1326 2528 1460 2589 cubicum
1486 2527 1515 2603 8,

164 2614 222 2691 quia
245 2614 341 2677 cubus
363 2615 552 2677 dodecaedro
576 2614 763 2695 iuscriptilis.
779 2618 807 2687 ¹)
854 2614 938 2676 Ilaec
963 2635 1035 2677 sane
1060 2616 1088 2676 in
1113 2616 1211 2677 medio
1236 2615 1297 2677 sita
1321 2617 1396 2691 sint,
1422 2617 1515 2679 donec

167 2719 262 2765 causas
287 2704 353 2784 quis
376 2705 533 2785 repererit.

239 2792 407 2854 Veniamus
431 2794 519 2854 modo
544 2794 583 2854 ad
607 2799 761 2872 aspectus
777 2796 805 2866 l)
851 2791 893 2854 Ει
923 2792 1161 2873 quandoquidem
1189 2792 1277 2855 modo
1307 2812 1344 2854 ex
1371 2793 1429 2854 fide
1453 2793 1515 2856 cir-

168 2879 248 2943 culum
272 2882 409 2958 fecimus,
435 2883 522 2945 facile
538 2890 586 2944 est
601 2883 713 2956 videre,
739 2880 886 2961 quomodo
911 2891 974 2944 tres
983 2902 1050 2984 'per
1053 2883 1151 2944 fectae
1174 2882 1347 2944 harmoniae
1370 2883 1514 2966 pulcher-

168 2965 224 3029 rime
246 2989 313 3033 cum
336 2971 433 3034 tribus
457 2972 601 3052 perfectis
626 2969 800 3050 aspectibus
825 2972 991 3050 comparari
1015 2972 1135 3050 possint
1153 2990 1196 3034 sc.
1217 2974 1342 3043 cum00,
1361 2974 1407 3045 Δ,
1427 2972 1473 3044 U.
1485 2975 1513 3046 ¹)

170 3053 332 3138 Inperfecta
354 3080 426 3123 uero
449 3080 530 3141 prior
553 3061 580 3122 B
609 3060 708 3121 mollis
737 3061 777 3120 ad
804 3077 932 3138 unguem
961 3060 1068 3122 similis
1097 3068 1147 3122 est
1175 3058 1292 3133 sextili,
1325 3060 1409 3139 cujus
1437 3061 1512 3122 haec

171 3153 237 3222 ⁰01³,
260 3155 304 3225 lt,
332 3168 477 3230 quemque
501 3149 719 3211 debilissimum
743 3168 811 3210 esse
836 3150 945 3210 ferunt.
957 3152 998 3222 ⁸⁸)

237 3237 391 3301 Habemus
414 3258 536 3301 causam
565 3239 700 3318 (qualem
724 3238 844 3318 quidem
866 3237 1060 3300 Ptolemaeus
1089 3255 1149 3298 uon
1172 3235 1272 3310 dedit)
1290 3233 1333 3309 bb)
1361 3255 1413 3298 cur
1441 3237 1510 3316 pla-

172 3331 239 3386 neae
260 3327 412 3390 distantes
434 3347 492 3390 uuo
517 3328 719 3407 autquinque
743 3326 838 3404 signis
862 3346 921 3389 nou
944 3334 1125 3390 censeantur
1147 3326 1177 3386 iu
1199 3333 1335 3405 aspectu.
1372 3324 1451 3388 Nam
1475 3332 1511 3389 ut
1551 3356 1556 3369 .

172 3409 284 3491 vidimus,
308 3418 422 3480 nullam
444 3419 538 3479 talem
561 3417 590 3478 in
613 3416 737 3478 vocibus
762 3416 901 3495 agnoscit
917 3425 1027 3478 natura
1041 3414 1241 3478 concordiam.
1259 3417 1297 3488 ⁰⁰)
1332 3413 1408 3476 Cum
1432 3415 1511 3477 euim

173 3496 196 3558 iu
212 3506 313 3569 ceteris
337 3508 444 3568 cadem
467 3506 509 3568 sit
531 3505 609 3568 ratio
633 3506 808 3568 influentiae
833 3512 865 3566 et
894 3505 1133 3578 harmoniarum,
1164 3504 1307 3566 credibile
1336 3511 1385 3565 est
1408 3503 1510 3566 ethic

173 3603 229 3652 ⁸³⁸2
271 3593 376 3658 Causa
398 3596 536 3676 utrinque
560 3595 663 3675 procul
688 3593 778 3656 dubio
803 3593 909 3656 eadem
938 3603 1000 3668 est,
1034 3614 1129 3698 eaque
1158 3613 1196 3654 ex
1220 3593 1348 3673 quinque
1373 3592 1509 3672 corpori·

172 3671 224 3742 bb:
239 3681 276 3759 d⁴¹)
305 3705 396 3766 quam
424 3686 493 3747 aliis
522 3684 722 3765 quaerendam
746 3683 892 3764 relinquo.
940 3683 1048 3746 Cum
1040 3684 1097 3763 ugit
1099 3703 1132 3745 ur
1155 3701 1258 3744 omues
1283 3690 1411 3762 quatuor
1435 3682 1508 3743 har·

172 3770 262 3834 ueniae
285 3783 452 3836 consonent
482 3773 544 3835 suis
573 3772 765 3853 aspectibus,
799 3781 831 3833 et
864 3792 932 3834 vero
966 3773 1063 3834 adhuc
1097 3781 1159 3833 tres
1187 3779 1305 3832 restent
1335 3771 1364 3831 iu
1393 3771 1509 3833 musica

172 3849 328 3936 ismeniae,
353 3863 525 3944 suspicatus
543 3863 704 3943 aliquando
720 3881 795 3938 sum,
820 3880 878 3922 non
898 3862 1108 3942 negligendum
1132 3879 1200 3921 esse
1224 3861 1254 3921 iu
1273 3858 1399 3938 judiciis
1422 3859 1507 3924 uati-
1555 3936 1559 3946 θ

171 3943 283 4025 uatum,
308 3953 335 4013 si
358 3953 501 4032 planetae
526 3949 567 4014 72
591 3960 644 4014 aut
673 3947 732 4013 tlt
756 3960 810 4012 aut
837 3948 896 4012 135
921 3952 1065 4030 gradibus
1090 3950 1213 4021 distent,
1238 3949 1416 4027 praesertim
1439 3967 1507 4012 cum

171 4030 274 4115 utram,
307 4061 397 4104 uuam
428 4061 466 4103 ex
493 4041 677 4121 imperfectis
702 4040 812 4102 habere
837 4058 921 4101 suum
946 4049 1112 4121 aspectum
1124 4039 1165 4111 ⁶⁰)
1213 4035 1360 4107 Quamvis
1384 4036 1509 4100 cuilibet

170 4126 263 4191 mtato
285 4139 488 4192 meteoromm
511 4129 694 4210 speculatori
725 4130 814 4191 facile
845 4130 981 4209 patebit,
1015 4137 1114 4191 utrum
1144 4125 1281 4206 aliqua'
1272 4145 1302 4187 m
1333 4125 1381 4187 his
1410 4127 1507 4189 tribus

169 4213 286 4279 radiis
258 4240 304 4281 vus
329 4219 416 4293 insit,
446 4239 512 4281 cum
536 4227 654 4282 ceteros
679 4227 821 4297 aspectus
845 4219 925 4280 airis
949 4218 1131 4280 mutationes
1154 4214 1405 4284 constantissima
1427 4215 1506 4278 rati-

168 4297 235 4366 iceut
254 4309 453 4410 experientia.
501 4307 621 4371 Causae
646 4308 778 4390 quidem,
804 4327 878 4388 quas
902 4307 1099 4386 probabiliter
1122 4304 1189 4385 quis
1214 4305 1332 4380 reddat,
1358 4304 1437 4385 quod
1458 4299 1504 4382 ³1⁸,

171 4381 206 4468 ir,
228 4389 292 4478 'l'
283 4417 315 4459 ιιι
338 4398 396 4459 fide
421 4405 539 4473 sonent,
564 4397 593 4459 in
619 4396 742 4458 zodiaco
766 4416 825 4458 non
849 4404 1019 4476 operentur,
1044 4396 1101 4456 hae
1126 4413 1194 4455 esse
1217 4393 1357 4473 possint:
1368 4391 1402 4466 ¹¹)

236 4485 569 4568 l)Oppositussolns,
595 4487 836 4567 desquamata,
861 4485 957 4547 trinus
981 4505 1047 4548 cum
1071 4482 1184 4558 sextili,
1208 4483 1371 4545 absolvunt
1393 4480 1504 4560 singuli

165 4572 375 4638 semicirculum:
410 4585 443 4637 at
470 4583 534 4638 tres
557 4574 588 4637 hi
611 4575 687 4637 radii
711 4576 824 4637 nullum
848 4574 962 4637 babent
986 4575 1099 4636 socium
1122 4572 1161 4634 ad
1186 4572 1242 4633 boc
1265 4589 1386 4642 munus,
1417 4588 1503 4649 quem

163 4661 257 4724 uulsa
279 4684 337 4726 non
360 4664 482 4744 penitus
505 4665 652 4745 repudiet.
699 4659 736 4744 2)
761 4663 883 4745 Reliqui
913 4663 988 4726 radii
1012 4661 1162 4725 rationem
1184 4660 1299 4722 habent
1323 4657 1441 4719 facilem
1465 4675 1504 4720 ex

161 4744 305 4832 diametro,
335 4753 417 4818 latus
444 4753 676 4838 quinquangnli,
706 4761 738 4816 et
760 4753 945 4817 subtendeus
969 4753 1028 4815 due
1053 4754 1152 4815 latera
1179 4745 1413 4833 quinquangnli,
1443 4745 1504 4810 tria
