3366 5482
678 253 840 306 nummum
1275 325 1276 328 Ἴ
1379 256 1440 337 221

83 413 109 474 in
137 430 170 473 re
205 428 331 491 operam
354 411 425 475 Ursi
453 411 575 493 expetii.
623 410 777 482 Quantam
807 422 921 487 autem,
954 430 1009 492 per
1036 413 1133 475 Deum
1166 411 1380 478 immortalem!
1415 426 1448 481 et

83 520 168 582 qnam
191 500 390 580 multiplicem
413 500 485 562 mihi
509 501 583 562 facit
605 501 743 580 injuriam
767 501 848 563 ferus
872 501 983 563 humo?
1029 500 1208 564 Ambiebam
1242 505 1308 583 ejus
1338 506 1461 568 amicis

82 590 153 652 ham
175 589 273 651 missa
296 589 435 670 epistola.
482 587 516 651 Si
540 589 717 669 petitionem
741 609 840 651 meam
864 590 996 664 admisit,
1022 590 1110 652 fidem
1129 590 1195 669 ejus
1219 592 1373 654 desidero:
1398 594 1445 657 sin

80 677 213 758 sprevit,
248 686 352 740 tamen
384 678 562 740 inhumanus
592 687 649 739 est.
701 676 863 740 Sermones
898 678 1075 753 amicorum,
1111 679 1216 741 literae
1249 681 1346 760 magis
1378 683 1444 762 pri·

81 775 168 828 eatae
194 768 264 829 es'se
289 767 414 829 debent:
440 767 495 828 has
520 767 570 828 ille
595 767 771 845 publicavit,
797 786 851 828 nec
875 787 921 828 me
946 766 1104 842 consuluit,
1130 787 1184 828 nec
1208 768 1364 845 facturum,
1390 790 1444 832 nec

81 856 193 917 lactum
218 855 387 931 nunciavit,
420 874 476 916 nec
507 855 665 935 exemplar
692 855 785 916 misit.
832 854 949 925 Quibus
978 863 1026 916 est
1058 874 1146 916 curae
1175 857 1312 936 aequitas
1344 878 1381 919 ne
1414 859 1443 920 iu

79 945 198 1006 hostem
223 943 343 1024 quidem
367 945 429 1006 tale
459 943 530 1024 quid
554 944 677 1005 audent.
726 943 911 1015 Remisisset
939 943 1027 1019 mihi,
1061 944 1140 1024 quod
1162 953 1283 1006 veteres
1312 947 1443 1020 aiebant,

79 1033 232 1106 nuncium,
265 1043 319 1094 aut
347 1033 535 1095 abolevisset
563 1032 721 1105 schedam,
757 1032 783 1093 si
811 1050 869 1093 nou
898 1032 1014 1112 placuit
1041 1033 1163 1095 amicus.
1211 1030 1390 1114 Quanquam
1418 1037 1444 1098 si

79 1122 173 1183 literis
197 1123 264 1202 ejus
287 1123 328 1183 ad
350 1141 397 1183 me
422 1121 519 1182 altero
543 1121 666 1182 tandmn
691 1139 771 1182 anno
796 1121 932 1201 scriptis,
964 1121 990 1181 si
1009 1121 1124 1200 judicio
1148 1122 1213 1200 ejus
1238 1123 1275 1184 de
1298 1142 1346 1184 me
1368 1124 1444 1187 fides
1496 1197 1499 1200 ¹

78 1209 182 1272 haberi
211 1218 331 1291 potest:
365 1219 398 1271 et
424 1209 539 1289 placuit
567 1209 712 1282 conditio,
754 1217 786 1271 et
819 1210 983 1272 amicitiam
1016 1211 1115 1271 colere
1148 1209 1333 1274 instituerat.
1381 1211 1443 1274 Sed
1531 1226 1534 1232 ’

79 1300 152 1360 haec
176 1299 260 1360 levia
283 1308 363 1373 sunt,
386 1298 440 1360 illa
462 1299 559 1377 major
581 1298 769 1378 improbitas
789 1298 858 1377 jure
883 1299 985 1379 utique
1000 1298 1189 1372 vindicanda,
1215 1292 1241 1360 si
1262 1299 1310 1360 cui
1333 1299 1361 1360 in
1379 1301 1449 1363 soro

79 1397 129 1449 aut
154 1407 228 1469 spes
261 1397 316 1449 aut
342 1386 524 1450 oblectatio:
559 1387 706 1467 quodid,
742 1388 820 1467 quod
843 1408 1053 1467 ysoperpoum
1077 1387 1189 1449 dictum
1213 1407 1269 1467 ego
1293 1389 1441 1465 volebam,

82 1477 143 1558 ipse
169 1476 228 1538 sibi
252 1476 459 1551 maledicenti,
485 1478 561 1554 quod
578 1476 699 1550 scribis,
725 1476 867 1555 applicat.
926 1476 1166 1538 Acerbissimum
1190 1477 1328 1553 omniurn,
1353 1479 1441 1558 quod,

79 1585 166 1646 quem
191 1565 382 1645 intelligebat
406 1584 443 1627 ex
466 1565 541 1626 meis
566 1565 662 1626 literis
686 1584 705 1624 a
727 1583 776 1625 me
803 1564 925 1625 maximi
955 1565 1035 1637 fieri,
1066 1564 1126 1625 illis
1149 1565 1224 1644 ipsis
1247 1566 1322 1626 meis
1347 1567 1443 1641 literis

79 1662 220 1734 qnantum
244 1654 344 1733 potuit
367 1653 589 1714 dehonestavit.
636 1651 689 1714 Sic
714 1653 851 1714 nimirum
876 1653 933 1731 ipsi
958 1672 1004 1713 me
1029 1653 1066 1714 de
1090 1653 1214 1714 laudato
1244 1654 1363 1717 inimico
1387 1675 1443 1718 suo
1467 1704 1472 1731 ,

59 1743 192 1822 ,placuit
223 1743 339 1804 ulcisci.
387 1741 449 1804 Sed
484 1761 579 1822 neque
608 1742 685 1802 satis
714 1741 822 1802 mirari.
847 1760 970 1820 possum
1002 1741 1160 1802 consilium
1190 1742 1336 1804 hominis:
1372 1745 1442 1807 dnm

79 1832 233 1893 consilium
257 1851 354 1893 meum
379 1830 458 1892 illius
483 1830 693 1912 hyperbolicae
718 1829 902 1891 laudationis
926 1830 1048 1892 ventilo.
1097 1828 1198 1899 Quid?
1223 1831 1351 1893 Tautine
1368 1834 1443 1895 facit

79 1921 136 1982 ista
161 1940 230 1982 mea
253 1921 433 2000 praeconia?
461 1921 507 1980 At
529 1920 613 1998 cujus
637 1919 783 1979 huminis?
821 1919 855 1979 si
880 1919 924 1978 vir
947 1928 1046 1991 esset,
1071 1927 1290 1994 contemneret,
1317 1922 1344 1981 si
1367 1941 1439 2002 prn-

79 2011 163 2084 dens,
188 2029 248 2070 non
272 2010 454 2070 venditaret.
503 2006 693 2077 Quaerebam
718 2008 860 2068 obscurus
891 2025 946 2086 ego
972 2008 1157 2068 laudatorem
1182 2009 1294 2070 clarum
1318 2010 1441 2072 vixdum

65 2098 139 2159 'nati
164 2099 291 2170 inventi,
315 2098 522 2158 mendicabam
548 2098 675 2174 abipso
700 2097 818 2175 stipem,
844 2114 913 2156 ecce
939 2096 1049 2174 stipem
1069 2096 1133 2175 ipse
1150 2097 1285 2158 mendico
1302 2099 1440 2162 extorsit.
1475 2118 1480 2130 ·

78 2187 310 2266 Praeceptorem
327 2187 405 2259 dixi;
429 2206 486 2246 nae
508 2204 632 2264 parvam
658 2185 739 2246 laudi
761 2185 965 2245 accessionem
990 2185 1064 2245 facit
1087 2204 1124 2245 ex
1148 2185 1321 2247 adulatione
1347 2188 1440 2249 disci-

78 2275 148 2355 puli.
197 2274 335 2345 Quaerat
359 2294 459 2336 eorum
490 2274 667 2353 praeconia,
698 2274 746 2353 qui
771 2292 803 2333 se
831 2283 1044 2352 praeceptores
1077 2273 1171 2352 ipsius
1196 2275 1304 2337 ferunt.
1351 2274 1440 2345 Quod

79 2366 103 2427 si
125 2365 200 2427 mihi
224 2373 328 2443 partes
348 2363 458 2443 judicis
482 2362 578 2423 tradit
602 2365 670 2436 (nec
695 2362 829 2441 apertius
852 2362 883 2424 id
906 2363 1070 2440 potuisset,
1104 2380 1192 2441 quam
1215 2363 1258 2424 sic
1283 2370 1440 2426 ostentata

78 2473 143 2516 mea
168 2453 328 2534 epistola),
353 2452 439 2526 sciat,
460 2453 523 2531 jam
548 2452 619 2512 mihi
645 2451 720 2511 alios
745 2469 833 2530 quam
858 2450 995 2534 discipuli
1024 2470 1121 2511 mores
1146 2459 1326 2531 competere.
1374 2453 1436 2515 To·

79 2545 191 2605 leretur
213 2543 243 2603 in
270 2542 416 2622 discipulo
441 2552 588 2620 utcunque
609 2541 752 2612 adulatio,
779 2541 805 2600 si
830 2559 866 2600 ex
890 2539 1027 2618 opinione
1042 2541 1257 2619 praeceptoris,
1283 2561 1437 2604 examore

77 2633 216 2712 profecta
234 2631 272 2691 ad
296 2631 385 2692 finem
410 2630 544 2691 discendi
564 2630 719 2707 dirigatur.
767 2629 800 2688 ln
820 2629 921 2706 judice
941 2630 1075 2690 adulatio
1091 2630 1237 2708 flagitium
1253 2639 1311 2691 est.
1350 2629 1437 2700 Quae

78 2722 118 2782 sic
142 2720 304 2783 scribenda
333 2720 423 2794 duxi,
458 2729 492 2779 ut
515 2719 652 2798 quamvis
684 2725 822 2796 praestat
850 2717 1023 2778 securitatis
1052 2738 1158 2791 causa,
1194 2720 1437 2782 nocentissimum

76 2810 221 2891 quemque
240 2809 312 2869 mihi
336 2808 489 2868 minimum
515 2808 621 2879 irasci,
646 2815 746 2867 tamen
770 2807 796 2866 si
820 2825 877 2866 non
904 2806 992 2868 aliter
1015 2806 1120 2866 honori
1145 2815 1196 2867 tuo
1220 2808 1335 2869 consuli
1361 2827 1436 2887 pos·
1485 2872 1488 2877 ,

76 2899 129 2974 sit,
164 2898 294 2959 haberes
327 2896 481 2959 arbitrium
514 2897 686 2975 publicatae
720 2895 886 2956 calumniae
915 2894 1034 2973 publice
1066 2894 1185 2955 obviam
1219 2896 1317 2957 eundi.
1375 2896 1437 2959 Sed

76 2988 197 3050 missurn
221 2987 341 3048 tandem
366 2987 463 3065 ipsum
489 2986 646 3046 faciamus.
689 2985 753 3044 lieo
778 2985 855 3045 enim
881 3002 970 3063 quam
995 2985 1058 3061 ipse
1076 2983 1163 3056 male,
1189 2984 1242 3044 sed
1268 3004 1356 3064 quarn
1380 3003 1437 3066 ego

76 3077 147 3138 bene
172 3075 304 3151 fecerim,
329 3075 490 3154 quaeritur.
537 3075 579 3134 Et
602 3082 672 3135 sunt
695 3072 813 3152 quidem
838 3072 867 3132 in
882 3073 935 3132 illa
949 3091 1016 3132 mea
1031 3071 1160 3150 epistula
1183 3073 1334 3152 pleraque,
1360 3092 1436 3153 quae
1522 3075 1526 3082 ’

75 3165 204 3238 defendi,
230 3165 340 3244 aliqua,
366 3183 441 3244 quae
457 3163 604 3235 excusari,
619 3163 730 3242 aliqua,
755 3180 831 3242 quae
846 3161 977 3240 pessima
992 3159 1161 3238 suspicione
1178 3161 1298 3222 liberari
1314 3162 1435 3224 debent.

161 3252 323 3315 Ordiamur
355 3255 392 3314 ab
427 3272 476 3326 eo,
511 3252 589 3332 quod
622 3251 831 3330 grauissimum
866 3259 928 3310 est:
965 3249 1043 3328 quod
1076 3268 1183 3329 nempe
1216 3250 1332 3312 crimini
1362 3251 1434 3313 mihi

74 3344 135 3418 das,
161 3351 373 3422 contraquam
393 3341 538 3402 senserim
562 3341 590 3401 in
612 3360 645 3401 os
670 3339 728 3419 ipsi
753 3339 894 3399 locutum.
942 3337 1032 3408 Quod
1055 3339 1123 3399 dnm
1148 3340 1228 3418 agis,
1260 3340 1305 3401 ita
1329 3341 1434 3421 loque·
1480 3397 1483 3407 ,

74 3431 123 3507 ris,
148 3440 183 3494 ut
206 3432 280 3492 mibi
302 3430 557 3492 absolutissimum
582 3431 618 3490 de
643 3429 711 3489 aliis
736 3428 883 3507 judicium
909 3427 1038 3489 tribuere
1062 3427 1206 3489 videaris.
1254 3427 1354 3498 Quam
1378 3447 1434 3510 ego

74 3521 272 3602 suspicionem
296 3520 322 3580 si
347 3541 365 3581 a
388 3539 443 3593 me,
470 3519 547 3598 quod
571 3537 715 3598 perquam
739 3517 827 3576 facile
852 3523 909 3588 est,
933 3536 1095 3591 removero,
1120 3536 1231 3596 magna
1250 3526 1336 3596 parte
1360 3537 1433 3597 pur-

72 3610 201 3690 gationis
233 3629 278 3670 me
312 3609 485 3669 defunctum
510 3627 577 3668 esse
611 3607 731 3685 putabo.
778 3604 899 3665 Etenim
928 3606 977 3684 qui
1002 3606 1047 3666 vir
1078 3607 1118 3666 sit
1143 3606 1256 3679 Ursus,
1287 3607 1432 3685 jamnon

73 3699 226 3779 disputare
249 3700 364 3777 placet,
400 3707 481 3758 certe
506 3716 563 3776 quo
587 3697 721 3776 tempore
746 3694 905 3772 epistolam
932 3695 1016 3755 illam
1039 3695 1160 3774 scripsi,
1190 3701 1222 3755 et
1243 3694 1434 3758 imbecilliori

74 3808 154 3850 eram
173 3786 299 3868 judicio,
322 3795 353 3848 et
377 3805 434 3846 non
460 3804 564 3864 parum
584 3785 640 3864 ipsi
655 3785 718 3863 jam
743 3784 793 3842 din
817 3783 991 3844 tribueram.
1039 3784 1134 3843 Venit
1158 3782 1296 3845 Gratium
1317 3784 1433 3847 Ductor

74 3878 221 3957 quispiam
245 3896 283 3936 ex
307 3876 396 3936 ltalia
419 3893 573 3947 reversus,
610 3874 716 3934 librum
739 3872 804 3949 ejus
834 3872 905 3932 mihi
930 3871 1088 3946 exhibens,
1123 3891 1209 3951 quern
1233 3872 1334 3933 triduo
1358 3892 1432 3935 eon-

73 3986 155 4028 cesso
179 3965 290 4044 raptim
313 3983 527 4044 percurrerem.
573 3965 607 4024 In
632 3982 666 4023 eo
691 3962 840 4022 salutatos
864 3960 1085 4022 schematismis
1114 3960 1230 4038 reperio
1254 3962 1433 4043 praecipuos

72 4053 157 4135 hujus
182 4054 327 4133 temporis
351 4053 591 4126 mathematicos,
616 4051 732 4130 reperio
758 4050 947 4128 magnificam
972 4051 1001 4110 in
1025 4049 1214 4127 praefatione
1236 4051 1432 4130 provocatio-

73 4162 136 4205 nem
160 4145 200 4205 ad
225 4142 321 4204 simile
346 4143 416 4223 quid
441 4142 618 4215 audendum,
643 4140 683 4200 ad
707 4140 922 4200 astronomiam
948 4159 963 4198 e
989 4138 1192 4199 fundamentis
1209 4141 1432 4216 exstruendam,

73 4234 185 4313 reperio
219 4231 396 4315 compendia
431 4231 579 4310 quaedam
612 4249 717 4301 aurea,
753 4247 828 4307 quae
860 4227 1013 4307 Tubiugae
1047 4247 1066 4288 a
1093 4226 1257 4290 Maestliuo
1287 4228 1434 4291 celebrari

74 4322 279 4394 memineram,
314 4320 431 4399 reperio
460 4320 628 4380 doctrinam
661 4317 792 4391 sinuum,
827 4316 993 4377 doctrinam
1026 4316 1257 4396 triangulorum,
1296 4319 1433 4398 vulgaria

74 4411 202 4490 quidem,
237 4410 292 4470 sed
322 4429 401 4470 nova
431 4409 513 4488 mihi·
537 4408 644 4479 omnia,
678 4416 712 4467 ut
741 4406 859 4479 videas,
896 4424 952 4485 quo
985 4405 1097 4484 remige
1132 4407 1243 4467 samam
1276 4408 1431 4480 verberet;

73 4517 137 4561 nam
159 4497 310 4581 pleraque'
327 4506 437 4579 postea
460 4498 490 4558 in
509 4497 636 4558 Euclide
661 4504 692 4557 et
706 4495 947 4573 Regiomuntano
971 4495 1079 4572 reperi,
1105 4513 1180 4574 quae
1205 4504 1267 4555 tum
1291 4495 1348 4573 ipsi
1373 4494 1430 4555 tri-

72 4585 206 4654 buebam.
253 4589 359 4669 Neque
383 4595 514 4662 metuas,
546 4595 592 4662 ut,
626 4585 787 4666 quaejam
811 4583 885 4658 dixi,
919 4583 994 4644 bene
1024 4601 1090 4644 cum
1113 4583 1235 4644 invento
1258 4602 1324 4644 meo
1349 4590 1432 4644 stare

75 4688 191 4756 queant.
236 4677 331 4740 Dicat
352 4676 417 4757 ipse
441 4694 494 4756 pro
518 4686 572 4737 me
589 4673 786 4747 Maestlinus,
812 4691 900 4752 quarn
925 4671 1065 4734 tenuibus
1088 4671 1243 4751 principiis
1267 4669 1429 4733 institerim

67 4762 171 4846 initio,
206 4767 256 4849 qui
286 4766 438 4849 profecto,
462 4765 489 4826 si
516 4772 579 4827 tam
604 4764 740 4847 jejunum
768 4781 814 4824 me
842 4762 976 4825 secundo
999 4761 1183 4836 dimisisset,
1218 4778 1306 4841 quam
1334 4759 1430 4844 primo
1531 4757 1535 4764 '
