3366 5482
545 294 627 351 Nosse
646 298 761 351 Edem.
803 330 807 337 -
1256 293 1320 365 657

10 470 80 508 asum
100 456 232 521 Eclipsium
251 455 397 507 Peurhtchii
423 464 448 508 et
466 457 577 508 Tabulae
599 457 670 521 primi
696 456 792 508 mobilis
809 456 849 508 lc.
870 457 900 508 de
917 454 1088 523 Monteregio¹‘
1108 457 1222 510 Viennae
1241 455 1319 506 tert.

10 530 102 578 denam
121 526 312 593 Regiomontani
337 527 489 592 ,dirigendi“
510 528 629 577 desumsit
647 528 769 590 Keplerus
788 536 817 578 es
836 543 914 592 epere.
935 530 1066 592 inscripto:
1095 528 1223 587 ,Tabulae
1241 528 1320 579 direc-

10 614 63 649 sum
89 601 115 648 iu
143 599 313 648 nativitatibus
340 598 443 647 multum
470 599 542 647 utiles
560 612 612 648 uua
630 613 685 648 cum
704 599 808 649 Tabella
825 600 892 648 sinus
911 599 987 649 rectil
1020 596 1140 660 (Primum
1158 600 1263 652 occurrit
1280 599 1321 648 hic

10 685 28 720 tr
43 684 110 719 auno
127 667 200 717 14⁷5.
220 670 362 732 inscriptus:
383 669 466 718 Ludna
479 669 644 728 Pannonicus,
664 683 736 733 quem
755 671 816 719 alias
834 684 922 719 vocare
937 670 1008 720 libuit
1019 669 1129 720 Tabulas
1141 664 1320 721 Directt'ouum.

10 741 92 797 rimb.;
112 740 201 789 deinde
219 738 329 788 Norimb.
351 736 431 787 1504:
452 740 513 788 Tab.
534 739 704 788 Directiouum
722 740 964 804 Profectionumque,
988 755 1038 789 non
1056 746 1154 791 tantum
1173 740 1322 805 astrologiae

10 812 121 872 iciunae,
138 825 212 875 quam
231 811 320 860 tabulis
339 812 555 873 instrumentisque
575 810 723 859 fabricandis
741 812 814 860 utilas
825 809 879 866 ac,
894 811 955 860 Tub.
972 808 1321 875 1550.nug.vina1551.)

63 897 105 957 to)
126 914 150 961 p.
171 896 231 946 ³71.
270 897 421 946 Scheibelius
440 897 515 955 (Eiul.
536 912 579 945 zur
596 897 712 947 manem.
731 897 971 957 Blicherlreuntuiss)
991 899 1079 948 refert:
1105 899 1253 949 Leffranc
1273 898 1322 948 0f-

10 969 50 1019 sii
70 968 185 1018 Germani
205 967 348 1017 Philomatis
367 968 397 1016 de
416 968 499 1016 divina
518 975 637 1016 astrorum
656 967 776 1018 facultate
794 971 819 1017 iu
838 969 959 1018 farratam
977 968 1151 1034 astrologiam?
1166 968 1223 1019 Par.
1245 966 1321 1018 1570.

24 1041 124 1089 nomine
139 1038 317 1096 „Loffraucus“
338 1038 424 1087 dubius
444 1044 488 1088 est.
515 1037 543 1086 ln
556 1038 678 1100 Tychouis
697 1040 757 1088 libro
776 1040 806 1089 de
824 1040 897 1089 stella
915 1041 974 1089 anni
995 1038 1071 1088 1572.
1091 1041 1197 1090 occurrit
1213 1055 1237 1105 p.
1257 1037 1322 1088 ⁴7²:

27 1110 137 1160 Francus
157 1108 266 1158 Offusius
285 1108 430 1158 Germanus.
468 1107 507 1157 La
525 1107 612 1158 Laude
630 1110 655 1157 iu
674 1107 859 1175 Bibliographia
877 1118 969 1160 astron.
989 1111 1095 1160 eandem
1112 1124 1186 1175 quam
1205 1109 1322 1161 Scheibe·

10 1179 108 1231 taffert
126 1180 359 1228 denominationem.
396 1178 519 1241 Keplerus
545 1179 570 1227 in
593 1179 655 1227 libre
680 1179 710 1229 de
729 1179 808 1230 Stella
824 1194 890 1230 nora
908 1178 982 1245 (Gap.
1003 1178 1058 1242 tx.)
1087 1181 1147 1231 dicit
1166 1180 1323 1241 ,loffraucus

10 1250 90 1306 licius,
109 1252 242 1299 acerrimus
261 1255 405 1313 aspectuum
423 1249 507 1308 hostis,
528 1254 626 1312 praeter
643 1252 842 1313 conjunctionem
860 1257 887 1300 et
904 1252 1081 1316 oppositionem
1099 1249 1162 1302 dec.u

59 1336 105 1398 ff)
123 1352 147 1400 p.
168 1335 228 1384 420.
265 1336 297 1384 li.
318 1335 510 1391 Buldernm,
531 1337 669 1395 ,medicum
687 1337 913 1405 Rosenbergicum“
934 1338 1013 1400 (Petri
1032 1352 1048 1389 a
1065 1339 1170 1400 Woelro,
1185 1338 1323 1389 fundatoris

10 1409 93 1459 annii
112 1404 299 1472 Roseubergici)
319 1408 430 1456 amicitia
448 1407 556 1470 Keplerc
572 1410 686 1470 junctum
703 1409 785 1466 fuisse.
805 1416 929 1460 testantur
946 1410 1041 1468 literae,
1060 1424 1123 1475 quas
1141 1409 1240 1461 exhibet
1251 1410 1322 1461 Hau·

10 1480 52 1529 dua
69 1480 97 1528 in
115 1479 259 1528 collectione
278 1492 323 1527 sna
342 1475 412 1542 (pag.
433 1474 505 1537 tte).

40 1549 102 1600 Cum
120 1549 243 1613 chlerus
261 1549 334 1612 paule
353 1560 427 1611 supra
445 1548 476 1597 de
491 1548 591 1610 judiciis
609 1549 711 1599 aliorum
730 1551 761 1601 de
779 1550 860 1602 libello
879 1566 923 1601 suo
942 1551 1063 1616 loquatur,
1082 1548 1130 1601 due
1148 1550 1189 1603 hic
1207 1551 1322 1615 adjungi.

10 1634 24 1670 s
42 1621 147 1669 virerum
165 1621 190 1667 iu
209 1620 286 1668 literis
304 1621 366 1668 bene
384 1625 544 1668 versaturum.
1358 1618 1362 1625 ’

57 1689 128 1740 Prius
147 1691 214 1740 dedit
232 1690 391 1753 Georgius
409 1688 701 1754 Rolleuhageuius
727 1688 837 1751 (celeber
863 1692 903 1742 ille
929 1698 1016 1742 auctor
1032 1694 1166 1756 poematis:
1185 1691 1322 1744 Batrache·

10 1760 151 1817 'emathiae
171 1768 222 1810 nat
243 1761 382 1810 Beruariae
401 1774 424 1808 a.
446 1757 523 1816 15⁴2,
543 1767 627 1823 pastor
645 1768 670 1811 et
688 1767 768 1812 rector
786 1760 948 1828 Magdebmgi
968 1761 1000 1812 ab
1019 1776 1084 1813 aune
1104 1760 1181 1813 15⁰7.
1208 1763 1241 1813 ad
1258 1778 1322 1813 mor·

10 1847 119 1896 susque
139 1846 162 1881 a.
183 1828 272 1892 1609).
291 1831 354 1879 haec
373 1831 405 1880 ad
416 1831 552 1893 Keplemm
571 1829 607 1890 (d.
627 1829 669 1879 22.
690 1833 760 1881 Febr.
782 1829 863 1892 160²)
881 1834 1005 1884 scribens:

57 1902 110 1950 Etsi
129 1916 193 1966 ego,
213 1902 304 1952 Excell.
323 1900 375 1954 Vir.
401 1916 450 1950 nou
478 1902 545 1964 potui
571 1901 603 1950 ad
628 1916 776 1952 summorum
799 1910 994 1953 astronomorum
1013 1910 1092 1954 artem
1110 1917 1252 1969 emergere,
1271 1911 1324 1954 tum

10 1979 70 2037 pter
87 1979 273 2037 praeceptorum
291 1973 428 2036 penuriam,
447 1979 500 2020 tum
518 1979 616 2035 propter
633 1973 780 2022 facultatum
798 1975 960 2030 tenuitatem,
979 1988 1043 2038 quaa
1068 1972 1127 2023 mihi
1156 1976 1280 2039 perpetuis
1299 1983 1325 2023 et

10 2042 121 2094 lcillimis
138 2043 299 2108 paedagogiis
317 2042 462 2092 sarciendae
480 2042 579 2091 fuemnt
597 2043 655 2092 iude
673 2057 690 2093 a
707 2045 785 2107 prima
812 2045 918 2106 pueritia
936 2059 1012 2109 usque
1037 2044 1069 2096 ad
1086 2043 1232 2095 hodiernum
1249 2045 1323 2101 deus.

16 2122 132 2178 expertus
149 2116 196 2163 sim
213 2114 285 2162 illud:
306 2114 430 2176 ,pluribus
447 2114 557 2162 intentus
575 2114 655 2163 minor
673 2121 712 2164 est
730 2114 762 2163 ad
780 2115 879 2179 singula
896 2114 1010 2171 seusus“,
1029 2116 1110 2165 amari
1128 2121 1213 2165 tamen
1228 2115 1325 2166 occulto

10 2192 78 2235 turae
98 2185 173 2235 ductu
192 2192 270 2234 artem
289 2185 381 2248 ipram,
409 2189 434 2232 et
452 2182 560 2232 artifices
579 2183 631 2233 colo
651 2197 681 2234 ac
699 2199 808 2234 veneror.
846 2185 959 2251 Nihilque
977 2184 1084 2243 mallem,
1103 2200 1178 2250 qnam
1195 2192 1224 2237 ut
1241 2185 1326 2248 Tycho

9 2268 23 2305 e
42 2256 93 2304 suis
111 2255 233 2304 laboribus
252 2269 372 2304 summam
393 2268 495 2303 manum
514 2255 676 2316 imposuisset,
698 2263 724 2304 et
742 2255 866 2305 substrato
886 2257 1051 2307 astronomiae
1067 2255 1228 2307 fondamento
1246 2263 1324 2307 astro·

10 2326 64 2383 hm
81 2340 176 2391 quoqne
196 2340 211 2374 a
230 2326 292 2373 vitiis
312 2331 337 2375 et
356 2325 469 2374 convitiis
485 2324 647 2384 vindicassem
670 2326 734 2375 sicut
751 2327 851 2377 crebrae
867 2341 938 2377 meae
959 2327 1115 2376 testabuntur
1133 2326 1231 2385 literae,
1251 2328 1326 2377 etiam

14 2394 125 2445 Dauiam
149 2402 208 2446 aute
232 2396 322 2444 multos
348 2410 426 2446 annos
456 2395 488 2445 ad
506 2396 615 2461 ignotum
634 2397 749 2459 scriptae.
788 2396 849 2446 Cum
867 2412 923 2448 vere
943 2397 1016 2447 aliter
1034 2397 1088 2447 Dae
1107 2399 1185 2448 visum
1202 2399 1235 2447 sit
1252 2405 1326 2463 atque

10 2466 113 2516 taudem
131 2481 175 2531 per
187 2466 318 2516 Urslauum
338 2465 459 2530 quoddam
479 2479 600 2514 reuersum
618 2466 691 2530 proh!
718 2468 819 2517 nimium
838 2474 936 2519 matura
952 2474 1031 2518 morte
1049 2469 1122 2533 perlit
1139 2466 1249 2530 (tautum
1263 2470 1327 2518 enim

10 2542 112 2605 nptoma
130 2552 160 2586 ex
178 2538 315 2586 retentione
335 2538 421 2586 urinae
439 2538 464 2584 iu
483 2544 536 2585 tam
554 2545 641 2601 vegeto
661 2552 760 2602 corpore
788 2545 847 2590 ante
869 2540 1061 2590 climacteriesm
1078 2539 1205 2603 periodum
1223 2540 1328 2588 existere

10 2622 68 2657 rsus
94 2605 199 2672 nequit),
219 2608 329 2672 gratulor
358 2609 405 2657 arti
424 2606 526 2656 etmihi
546 2607 576 2657 de
595 2614 620 2657 te
639 2622 780 2659 successore
799 2609 861 2667 tall,
888 2611 929 2675 qui
957 2617 983 2658 et
1007 2616 1080 2659 nctus
1099 2616 1139 2660 est
1155 2609 1265 2674 pontifici
1283 2608 1327 2671 (f),

17 2683 97 2728 artem
116 2681 195 2742 ipsam
214 2684 328 2728 umatus
346 2678 475 2741 iutelligit,
494 2685 520 2726 et
539 2684 628 2743 arguta
647 2681 757 2730 cratone
775 2678 872 2730 tradere
891 2693 924 2730 ea
941 2686 967 2730 et
986 2679 1107 2744 explicare
1125 2686 1220 2744 petest,
1240 2685 1266 2730 et
1283 2679 1328 2729 tibi

10 2754 27 2799 a
46 2748 127 2798 Deum
153 2750 282 2813 propitium
302 2750 490 2812 imperatorem,
510 2749 582 2797 robur
600 2750 665 2798 ritae
684 2758 710 2799 et
727 2750 874 2800 valetudinis
893 2750 1049 2808 diuturnum,
1069 2751 1224 2815 ducamque
1242 2756 1329 2800 contra

10 2818 82 2869 uuler
102 2821 239 2869 custodiam
257 2827 309 2868 toto
328 2826 428 2884 pectore
447 2832 540 2881 precer.
579 2821 660 2884 Atque
678 2827 704 2870 te
724 2827 837 2871 amanter
854 2834 904 2880 ero,
923 2826 952 2870 ut
969 2828 997 2869 tu
1012 2822 1066 2881 jam
1083 2835 1127 2884 pre
1142 2820 1259 2883 Tychcue
1278 2820 1327 2869 Eu-

10 2890 61 2939 dtus
79 2904 119 2939 me
137 2892 162 2939 lu
176 2891 311 2940 amicitiam
330 2898 455 2953 receptum
474 2896 559 2938 mutuo
578 2903 654 2939 ames.
684 2889 787 2954 Siquid
806 2891 860 2947 erit,
879 2890 944 2955 qued
961 2905 1008 2955 ego
1024 2889 1068 2940 tihi
1082 2890 1115 2941 ad
1127 2891 1328 2942 mtifieatieuem

10 2961 49 3011 mi
67 2962 115 3010 mei
133 2961 216 3012 facere
235 2967 328 3024 potero,
349 2961 464 3016 efficiam,
484 2974 515 3009 ne
535 2959 572 3008 rel
592 2960 789 3010 benevolentiam
807 2961 845 3010 vel
864 2962 938 3010 fidem
955 2962 982 3010 iu
1000 2975 1040 3011 me
1058 2960 1191 3011 desideres.

61 3030 175 3099 Inprimis
194 3039 277 3081 autem
296 3032 379 3094 placet
397 3026 456 3080 mihi
474 3030 670 3094 Progymnasma
693 3038 762 3081 tuum
785 3030 816 3081 de
835 3032 1002 3097 Prognosticis
1020 3036 1197 3096 tempestatum
1222 3037 1248 3082 et
1265 3031 1327 3095 poli·

10 3115 77 3152 erum
95 3103 248 3166 negotiorum
267 3109 357 3152 ereutu
375 3101 521 3166 vulgaribus.

61 3171 143 3222 Natus
162 3179 200 3222 ast
218 3179 277 3222 aute
296 3186 388 3222 anuum
408 3172 473 3235 apud
491 3187 536 3221 nos
554 3171 648 3221 Doctus
667 3188 742 3222 nesus
760 3174 892 3223 Baruimus
911 3187 928 3224 a
946 3172 1033 3231 Stuer,
1058 3173 1099 3238 qui
1117 3173 1327 3238 impudentissime

10 3257 40 3293 no
52 3244 185 3306 praeterite
198 3242 341 3306 Imperatori
355 3249 457 3292 mortem
472 3242 601 3306 praedixit,
621 3240 685 3292 Duci
703 3258 759 3295 reru
774 3245 948 3295 Bmusrieensi
967 3258 1091 3300 eoronam,
1109 3245 1197 3295 viduae
1216 3245 1329 3296 electoris

10 3312 184 3378 audenburgici
203 3329 287 3378 regem
306 3314 432 3362 Peloniae.
468 3313 492 3362 ls
520 3328 550 3362 es
578 3322 632 3363 arte
655 3323 740 3364 nostra
763 3330 795 3366 ne
813 3315 963 3366 novilunium
987 3322 1031 3365 aut
1049 3314 1110 3365 coeti
1128 3315 1214 3366 thema
1231 3316 1329 3382 quidem

10 3382 76 3434 dnire
95 3390 139 3433 aut
158 3385 265 3435 iuvenire
283 3391 379 3447 posset,
399 3391 427 3433 ut
445 3398 527 3434 eoram
546 3383 637 3433 homini
662 3385 871 3448 impudentissimo
889 3387 915 3434 in
933 3386 1022 3437 faciem
1048 3385 1104 3435 dixi.
1140 3386 1235 3436 Tamen
1256 3400 1327 3450 prae-

10 3468 57 3504 iere
83 3460 187 3505 conatur
210 3455 377 3519 particularia,
401 3469 473 3519 quae,
501 3456 576 3504 etiam
597 3455 740 3506 Ptolemaeo
763 3462 835 3517 teste,
858 3462 956 3506 tautum
975 3462 1034 3506 suut
1050 3457 1241 3514 θεοπνευςων.
1279 3455 1330 3506 Sed

24 3526 117 3575 famem
142 3526 204 3582 alat,
229 3539 259 3574 es
281 3525 382 3575 aliorum
402 3527 484 3576 deliris
505 3526 602 3589 scriptis
623 3529 719 3588 majora
740 3527 827 3577 deliria
848 3528 955 3577 conficit.
991 3526 1064 3577 Haec
1085 3527 1237 3577 calendaria
1257 3526 1329 3576 velim

10 3610 30 3645 rs
54 3610 219 3646 amanuenses
244 3598 394 3660 conquirere,
419 3597 546 3659 paradoxa
571 3611 702 3660 excerpere
726 3604 752 3647 et
773 3613 803 3647 es
824 3598 990 3648 fundamentis
1011 3598 1047 3648 sic
1069 3598 1170 3654 diluere,
1200 3604 1229 3648 nt
1244 3597 1329 3661 Tycho

10 3667 34 3716 it
57 3667 88 3716 de
112 3668 321 3717 observationibus
343 3682 421 3716 norae
443 3667 539 3723 stellae,
565 3674 593 3716 ut
615 3668 716 3718 tandem
738 3669 850 3730 audiant,
876 3669 941 3734 quod
962 3671 998 3718 eis
1017 3668 1119 3733 dignum
1140 3675 1187 3719 est.
1225 3667 1329 3734 Ignosce

10 3742 55 3787 tae
76 3737 249 3802 indignationi,
275 3743 301 3786 et
321 3752 370 3794 me,
395 3740 460 3787 sicut
479 3739 570 3802 rogari,
594 3739 763 3789 redamantem
785 3753 851 3790 ama
888 3740 958 3789 Beue
980 3745 1006 3789 et
1026 3739 1144 3791 athletice
1164 3739 1228 3789 sale.
1249 3762 1285 3775 -

64 3806 187 3871 Suspicio,
213 3822 287 3872 quam
311 3822 386 3871 supra
410 3808 483 3858 affert
504 3808 724 3873 Rolleuhageuius,
749 3810 892 3873 Tychouem
916 3812 1017 3873 periisse
1041 3824 1136 3860 venene
1161 3809 1192 3860 ab
1212 3808 1275 3861 Urso
1299 3810 1327 3859 il·

10 3893 35 3935 o,
56 3878 121 3927 falsa
143 3885 188 3928 est.
225 3878 336 3927 Mortuus
358 3878 434 3928 Ursus
456 3893 522 3933 anuo
542 3876 619 3935 1599,
641 3881 739 3930 biennio
760 3880 811 3931 fere
833 3890 893 3931 aute
914 3880 1064 3943 Tychcnam.

62 3948 175 3998 Alterum
195 3949 261 4012 qued
282 3949 386 3999 diximus
405 3950 525 4011 judicium
544 3950 574 3999 de
591 3950 693 4013 Keplcri
714 3950 795 4000 libello
814 3952 1018 4015 deprehendimus
1035 3952 1061 4000 iu
1080 3950 1157 4001 literis
1173 3951 1330 4002 Ambrosii

10 4019 97 4076 sodii,
111 4018 234 4081 Tychcuis
247 4019 370 4083 quondam
384 4020 520 4075 domestici,
543 4022 582 4083 qui
603 4019 662 4070 iude
684 4021 716 4070 ab
738 4035 768 4071 ee
789 4027 906 4086 tempore,
928 4036 1051 4086 quocum
1073 4020 1182 4084 Keplero
1202 4023 1268 4085 apud
1280 4021 1329 4085 'ly-

10 4102 79 4139 esrem
102 4090 191 4139 eadem
213 4096 357 4139 exercuerat
376 4091 466 4150 studia,
489 4090 554 4139 illius
575 4091 710 4140 amicitiam
729 4092 828 4142 colebat
848 4107 891 4156 per
906 4093 1006 4157 longam
1029 4105 1148 4142 annerum
1167 4093 1264 4147 seriem.
1287 4106 1331 4155 per

10 4172 57 4209 tras
79 4159 133 4208 fata
157 4173 204 4209 sua
225 4174 356 4209 recensens
378 4161 486 4224 Keplerc
507 4163 608 4225 ejusque
629 4162 712 4211 studia
732 4162 860 4225 adjurans,
881 4161 954 4212 libros
977 4161 1121 4226 aKeplero
1140 4162 1219 4212 editos
1236 4162 1330 4212 collau·

10 4244 43 4279 ns.
80 4229 110 4279 ln
131 4230 207 4279 literis
229 4232 252 4280 d.
272 4231 442 4295 Wittebergae
462 4232 485 4281 d.
500 4229 525 4280 3.
548 4232 632 4281 Martii
656 4228 732 4280 fdd‘t.
756 4234 819 4283 haec
840 4234 956 4298 legimus:
978 4234 998 4282 si
1017 4247 1072 4296 spes
1093 4233 1210 4296 stipendii
1232 4232 1330 4294 (studiis

10 4300 132 4351 umbebat
152 4308 204 4349 tum
226 4302 340 4363 temporis
358 4301 467 4350 Rhodius
482 4300 649 4367 Wittebergae
671 4303 815 4368 theologicis
834 4310 860 4354 et
880 4301 1064 4368 philosophicis)
1086 4318 1127 4353 me
1147 4303 1269 4361 fefellerit,
1290 4317 1330 4352 re-

10 4384 31 4419 re
49 4371 170 4434 Prsgams
192 4373 213 4420 si
234 4386 299 4426 uon,
323 4378 348 4421 et
369 4387 399 4422 ex
420 4378 475 4421 rctc
497 4372 630 4428 succedet,
650 4374 740 4435 poterit
761 4374 829 4431 fieri,
850 4381 879 4423 ut
897 4388 940 4423 vos
962 4388 978 4423 a
1002 4373 1064 4423 festo
1086 4372 1223 4425 Paschatos
1243 4373 1329 4423 risam

10 4441 74 4490 arim
96 4455 139 4503 per
160 4442 244 4492 literas
262 4456 292 4490 ac
309 4443 330 4490 si
349 4450 492 4506 praesentes
510 4456 627 4498 essemus,
646 4443 677 4492 de
695 4444 766 4493 rebus
783 4445 929 4495 necessariis
950 4457 1062 4510 agemus,
1079 4444 1100 4492 sl
1120 4448 1205 4494 tamen
1218 4444 1264 4493 tibi
1275 4442 1329 4508 pla-

10 4511 53 4562 tn't
76 4517 102 4560 et
122 4513 142 4560 si
164 4512 252 4562 artifici
274 4526 323 4561 uon
346 4513 497 4576 displicuerit
518 4513 685 4562 acunumiae
705 4520 817 4575 wreusm
837 4516 1038 4565 instituere...

61 4581 155 4632 Thtwt
175 4589 233 4631 tute
254 4584 422 4648 Astrolossieu
443 4584 544 4644 accepi·
565 4583 673 4647 perlegi,
696 4590 723 4633 tf
743 4585 843 4648 placent
870 4592 969 4649 propter
997 4587 1151 4646 conjecturas
1180 4582 1331 4647 probabiles:

10 4651 17 4702 l
38 4653 89 4715 qui,
119 4667 182 4715 pace
203 4659 288 4703 nmen
308 4661 335 4703 et
355 4668 397 4719 pre
416 4655 527 4704 amicitia
545 4658 631 4701 nesus
649 4654 763 4715 dixerim,
786 4656 883 4706 ridetur
899 4655 1009 4706 Barnous
1030 4656 1128 4719 spiritus
1144 4660 1171 4703 te
1190 4655 1329 4710 iucemisse.

10 4724 14 4773 l
35 4729 88 4773 tam
109 4723 271 4773 inclementer
287 4731 382 4774 tractas
402 4725 517 4787 antiquos
534 4721 678 4788 muolngos,
699 4727 763 4775 viros
780 4727 864 4777 bones.
901 4726 934 4776 Et
946 4740 1011 4791 quae
1034 4740 1051 4775 a
1067 4740 1108 4776 me
1122 4727 1179 4784 lece
1198 4725 1280 4774 forsan
1298 4725 1331 4773 ab

10 4794 29 4843 ls
47 4793 112 4843 serio
129 4793 253 4853 dicautur,
272 4808 320 4846 nec
334 4795 455 4857 judicium
471 4793 617 4844 meamhoc
636 4796 729 4845 roboris
744 4799 799 4859 jam
817 4802 959 4849 mutum
977 4804 1025 4847 est.
1064 4795 1095 4846 D.
1114 4794 1215 4846 hinnulo
1231 4793 1329 4857 (Theol.

27 4876 115 4926 amnon
130 4879 199 4928 open
213 4879 229 4921 ι.
1085 4880 1119 4933 ⁴2
