3366 5482
359 413 527 476 Adamidcs
550 433 648 475 rerum
672 434 761 475 curas
783 417 902 495 agitare
924 417 1070 478 sunum?

358 500 499 582 Respicis
521 504 715 576 immeritum,
740 505 825 564 vehis
848 506 880 565 iu
901 505 1046 574 sublime.
1068 505 1201 566 Deorum

358 590 488 652 Tantum
511 612 569 652 nou
593 611 688 669 genus
712 606 773 663 est,
798 604 901 654 tantos
926 595 1045 673 largiri
1069 594 1211 666 bonores,

358 679 610 760 Magnificumque
634 691 725 760 caput
749 681 844 760 cingis
868 683 1056 755 diademate,
1080 682 1197 760 Regum

359 765 585 849 Constituisque
609 788 699 848 snper
721 789 863 833 mwuum
885 784 1077 832 monuments
1099 781 1229 832 tuarum

359 854 449 926 Quod
472 877 564 936 supra
586 869 679 936 caput
701 870 764 932 est,
788 878 914 936 magnos
936 880 1003 921 cnm
1025 860 1154 920 motibus
1178 861 1281 935 orbes,

359 942 489 1024 Snbjicis
513 948 654 1025 iugenio:
678 948 816 1027 quicquid
841 949 960 1009 Tellure
983 960 1117 1018 creatur,

356 1034 471 1096 Naum
494 1036 593 1114 operis
616 1054 708 1114 pecua
732 1048 823 1117 atque
847 1037 909 1097 aris
932 1038 1116 1098 fumantibus
1140 1048 1258 1114 aptum,

357 1119 501 1202 Quaeque
526 1124 668 1186 habitant
688 1125 783 1185 silvas
806 1126 988 1204 reliquarum
1010 1127 1114 1186 saecla
1139 1125 1284 1198 ferarum,

357 1207 504 1290 Quodque
526 1231 637 1291 genus,
662 1213 813 1286 volucres,
840 1215 955 1275 levibus
981 1215 1051 1275 ierit
1075 1222 1150 1274 aera
1171 1216 1293 1293 pennis,

356 1296 474 1379 Quique
498 1301 590 1361 maris
614 1311 731 1362 tractus
756 1311 880 1363 tranant
903 1312 935 1363 et
959 1304 1094 1372 flumina,
1117 1303 1231 1380 pisces,

357 1384 456 1450 Omne
474 1390 565 1469 jubes
588 1408 723 1468 premere
746 1392 871 1471 imperio
895 1392 1061 1470 demaque
1085 1391 1213 1469 potenti.

400 1544 481 1608 Jova
502 1557 589 1610 sator
610 1548 729 1623 Mundi,
754 1559 948 1630 nostrumque
971 1559 1097 1610 aeterna
1120 1557 1260 1629 potestas

356 1632 480 1706 Quanta
502 1645 555 1699 tna
578 1648 626 1699 est
649 1658 768 1699 omnem
791 1640 949 1700 Terrarum
973 1639 1054 1699 lama
1078 1657 1131 1718 per
1154 1635 1278 1698 orbern?

480 1902 525 1966 IN
548 1900 688 1966 CAPUT
711 1902 951 1966 VICESIMUM
973 1903 1163 1966 TERTIUM

669 2029 784 2079 nonan
802 2026 980 2079 suenonis

223 2127 254 2199 a)
274 2132 336 2187 Non
359 2141 451 2188 tumen
475 2135 570 2189 statim
595 2139 630 2188 de
653 2137 845 2206 conjunctione
869 2137 988 2189 omnium
1010 2137 1187 2206 planetarum
1210 2136 1262 2188 sub
1281 2135 1378 2186 eodem
1401 2132 1505 2186 zodiaci

88 2209 96 2228 ‘
142 2211 233 2282 gradu
248 2212 411 2268 concludere
424 2231 581 2284 possumus:
607 2216 715 2279 suflicit,
740 2217 763 2270 si
778 2217 879 2270 saltem
898 2217 926 2269 iu
939 2232 1044 2286 genere
1063 2216 1257 2285 lueritaliqua
1277 2213 1439 2268 harmonica
1452 2212 1504 2264 dis·

143 2290 244 2361 positio
266 2297 296 2346 et
316 2294 422 2348 zodiaci
440 2311 490 2363 per
510 2296 641 2364 planetas
662 2297 767 2358 divisio,
791 2298 886 2350 sinon
906 2315 942 2349 ex
958 2297 1069 2358 Terrae,
1092 2305 1123 2348 at
1141 2296 1241 2349 saltem
1262 2312 1298 2347 ex
1312 2293 1386 2347 Solis
1401 2299 1504 2354 canuc,

143 2370 204 2424 vide
220 2371 314 2425 Harm.
330 2373 379 2430 lib.
395 2375 442 2427 IV.
458 2391 519 2444 cap.
536 2375 562 2428 2.
578 2382 608 2429 et
624 2376 649 2430 3.

223 2447 253 2514 b)
276 2451 337 2506 Non
360 2455 465 2530 tolerat
479 2457 657 2520 astronomia,
683 2457 830 2526 supposita
852 2456 1026 2525 periodorum
1045 2454 1256 2526 aequabilitate,
1281 2461 1313 2506 ιιι
1327 2451 1504 2506 constellatio

143 2531 213 2584 baec
227 2532 386 2600 perficiatur
399 2535 488 2604 adque
502 2552 606 2590 meram
621 2536 807 2591 harmonicam
821 2535 1027 2604 dispositionem
1041 2535 1195 2605 redigetur.

223 2604 252 2676 o)
275 2612 333 2666 Nec
356 2614 408 2667 hoc
431 2615 625 2679 necessarium,
649 2634 700 2669 nec
722 2614 876 2669 auctoritas
892 2624 1015 2668 veterum
1039 2615 1129 2685 rigide
1150 2615 1277 2683 urgenda
1297 2614 1330 2665 de
1346 2611 1502 2666 creatione:

142 2689 235 2761 potuit
253 2692 324 2746 enim
346 2691 456 2764 frugum
477 2703 627 2764 proventus
649 2697 714 2764 (nou
736 2695 884 2749 creationis
905 2688 1052 2761 memoria)
1067 2710 1179 2748 causam
1200 2694 1275 2757 dare,
1301 2709 1349 2746 cur
1363 2691 1430 2745 anni
1444 2690 1503 2744 fluis

143 2777 289 2825 autumnus
313 2773 473 2828 haberetur.

223 2849 252 2915 d)
277 2853 346 2914 Quid
362 2854 383 2907 si
399 2872 433 2907 nc
448 2855 500 2907 hoc
514 2854 639 2924 quidem?
663 2856 726 2925 qnid
746 2856 768 2908 si
784 2873 836 2908 uon
853 2856 880 2909 in
894 2855 1035 2908 absidibus
1055 2853 1142 2908 menti
1156 2852 1297 2922 planetae,
1321 2858 1354 2904 nt
1367 2851 1396 2905 iu
1411 2857 1503 2903 extre·

142 2930 200 2993 mis,
215 2932 263 2985 ubi
277 2934 408 3002 aequatio
423 2934 509 2997 nulla,
525 2937 572 2987 sed
587 2935 614 2987 iu
629 2935 778 2989 intervallo
793 2935 889 2997 medio,
905 2936 951 2989 ubi
967 2935 1098 3004 aequatio
1112 2933 1256 2987 maxims?
1291 2933 1389 3001 ltaque
1409 2946 1502 2998 super-

141 3018 186 3064 est
200 3012 363 3066 exercitatio
385 3014 441 3067 ista
465 3015 609 3082 proposita
632 3016 756 3069 omnibns
780 3016 997 3070 calculatoribus
1017 3012 1215 3074 astronomicis,
1240 3018 1270 3065 et
1287 3013 1374 3079 plena
1398 3011 1503 3079 quiden

142 3090 206 3160 piae
229 3093 417 3161 persuasionis
441 3096 474 3146 de
498 3102 561 3148 ortu
582 3095 721 3163 temporis.
764 3096 928 3149 Maestlinus
953 3096 1048 3164 aliqua
1071 3093 1198 3146 tentavit.
1240 3091 1342 3160 Accipe
1368 3098 1398 3143 et
1422 3106 1439 3142 a
1463 3107 1502 3141 me

143 3170 234 3233 alium,
260 3173 306 3226 nbi
329 3191 365 3226 ex
381 3180 476 3228 centro
491 3172 562 3231 Solis
587 3176 678 3229 omnia
701 3176 729 3229 in
743 3175 810 3228 locis
830 3176 965 3245 oppositis
987 3183 1018 3229 et
1032 3174 1183 3242 quadratis,
1208 3180 1239 3225 et
1261 3171 1370 3239 punctis
1395 3170 1500 3239 quidem

142 3251 341 3306 cardinalibus.

223 3331 357 3386 Currentc
379 3339 444 3386 ante
469 3348 564 3386 aerum
585 3341 707 3386 nostram
728 3334 872 3404 vulgarem
895 3351 967 3387 anno
982 3332 1060 3388 3993
1074 3333 1186 3386 Juliauo
1211 3336 1285 3386 retro
1307 3337 1437 3390 extenso,
1462 3329 1503 3381 die

143 3411 190 3465 24.
204 3411 271 3465 Julii
293 3414 327 3466 ad
343 3428 486 3482 vesperam
509 3411 657 3481 incipiente
679 3413 707 3466 in
721 3414 865 3469 Chaldaea
887 3414 957 3468 feria
972 3415 1100 3474 secunda,
1122 3413 1168 3466 Sol
1183 3420 1211 3465 et
1226 3413 1305 3465 Luna
1329 3409 1356 3462 in
1372 3409 1503 3478 principio

142 3491 233 3546 cancri
249 3509 334 3562 prope
350 3493 507 3554 corleonis,
533 3509 625 3546 omues
640 3494 737 3546 Lunae
758 3504 847 3549 motus
872 3496 898 3549 in
914 3493 1113 3564 quadrantibus
1129 3498 1201 3555 suut,
1226 3499 1257 3545 ut
1280 3498 1309 3541 et
1324 3506 1418 3542 omues
1442 3488 1502 3542 reli-

142 3571 201 3642 qui:
227 3571 362 3626 Saturuns
377 3580 406 3627 et
419 3572 571 3626 Mercurius
592 3590 686 3627 versus
703 3574 791 3627 librae
807 3575 920 3637 initium,
944 3575 1062 3644 Jupiter,
1084 3574 1178 3626 Tellus
1192 3586 1290 3625 versus
1305 3569 1501 3638 capricornum,

142 3651 230 3713 Luna,
255 3652 338 3714 Mars,
363 3655 458 3705 Venus
481 3669 576 3705 versus
591 3670 728 3707 canorum.
766 3656 797 3708 ln
812 3655 948 3708 Mercurio
970 3655 1113 3708 abundant
1127 3654 1233 3723 gradus
1249 3649 1364 3718 aliquot,
1390 3651 1438 3701 sed
1461 3647 1502 3718 qui

142 3731 262 3784 consumi
285 3739 403 3801 possunt
425 3732 486 3799 ejus
501 3734 667 3801 aequatione
690 3734 811 3788 maxima
835 3736 968 3793 ablativa.
994 3733 1016 3787 si
1039 3735 1118 3786 modo
1139 3734 1209 3785 satis
1233 3729 1362 3800 cognitus
1377 3735 1423 3782 est
1445 3728 1503 3795 ejus

142 3817 231 3864 motus
245 3812 358 3874 medius,
378 3820 410 3865 ut
425 3831 479 3865 non
491 3830 542 3881 per
555 3813 638 3881 hujus
658 3814 854 3869 correctionem
868 3821 1072 3868 consumantur.
1109 3815 1138 3865 ln
1154 3813 1262 3865 Venere
1277 3809 1361 3862 etiam
1379 3810 1504 3862 abundat

142 3891 253 3960 aliquid,
278 3894 349 3961 quod
365 3892 530 3963 aequatione
554 3894 615 3946 tolli
636 3911 689 3946 non
704 3902 806 3962 potest.
845 3895 927 3949 Faria
940 3896 1060 3947 secunda
1074 3899 1118 3946 est
1132 3889 1304 3950 firmamenti,
1325 3896 1382 3941 'seu
1397 3903 1502 3958 expan-

142 3970 225 4024 sionis
240 3971 412 4042 inter‘aquas
428 3979 457 4025 et
471 3989 571 4042 aquas3
587 3973 666 4044 quasi
681 3975 761 4028 orbes
776 3992 825 4028 seu
842 3976 982 4044 planetae,
999 3990 1049 4043 per
1064 3974 1136 4027 hauc
1150 3971 1350 4042 expansionem
1367 3970 1408 4022 ire
1419 3967 1500 4037 jussi,

142 4050 236 4106 stetim
251 4051 353 4122 inipso
368 4060 428 4105 ortu
444 4052 570 4122 expansi,
586 4053 728 4122 coeperint
741 4054 794 4117 ire;
811 4055 881 4108 feria
895 4072 960 4107 roro
975 4060 1075 4124 quarta
1089 4054 1196 4107 demum
1216 4056 1383 4106 exornatum
1399 4050 1503 4103 coelum

141 4131 274 4186 extimum
287 4133 358 4194 fixis,
375 4140 404 4186 ct
417 4132 464 4186 Sol
479 4139 509 4185 et
522 4133 602 4186 Luna
616 4141 668 4187 etc.
684 4133 782 4187 ultima
795 4151 878 4189 mann
893 4134 1031 4204 imposita.
1041 4125 1077 4191 ”l

221 4207 249 4274 e)
272 4213 382 4283 Dogma
401 4212 573 4265 innitebatur
592 4213 656 4266 huic
673 4220 706 4266 nt
724 4214 856 4283 primario
873 4215 1063 4267 fundamento:
1088 4201 1158 4282 qnod
1184 4212 1255 4264 iuter
1270 4210 1352 4263 orbes
1368 4209 1504 4262 coelestes

141 4290 179 4346 sit
201 4292 343 4361 proportio
367 4291 429 4354 illa,
455 4308 526 4363 quae
549 4299 593 4345 cst
616 4293 721 4346 orbium
744 4293 972 4364 geometricorum
1001 4293 1164 4363 cujuslibet,
1195 4310 1232 4344 ex
1256 4290 1375 4362 quinque
1398 4288 1503 4360 figuris.

141 4372 254 4426 illarum
272 4372 344 4424 enim
358 4378 478 4441 quatuor
497 4373 688 4441 proportiones
708 4381 773 4427 sunt
787 4374 950 4435 ineffabiles,
973 4391 1031 4434 seu,
1054 4381 1086 4426 ut
1107 4372 1153 4425 hic
1175 4389 1235 4425 cum
1249 4371 1336 4440 vulgo
1351 4367 1503 4438 appellari,

140 4451 327 4506 irrationales.
369 4452 430 4505 Jam
451 4469 516 4505 vero
535 4453 743 4507 fundamentum
762 4456 814 4507 hoc
828 4453 1015 4515 refutavimus,
1037 4453 1102 4523 quia
1123 4451 1264 4521 proportio
1285 4448 1450 4503 coelestium
1464 4465 1505 4502 or·

141 4531 215 4586 bium
237 4548 290 4585 non
311 4538 355 4584 est
373 4549 408 4584 ex
424 4532 490 4585 solis
511 4531 630 4602 quinque
648 4534 753 4604 figuris.
797 4534 952 4596 Quaeritur,
978 4533 1041 4603 quid
1059 4533 1119 4601 jam
1140 4548 1223 4600 porro
1245 4533 1279 4583 de
1298 4531 1351 4584 hoc
1374 4530 1505 4600 dogmate

141 4614 296 4674 usandum,
313 4619 342 4665 at
356 4627 418 4665 unm
433 4613 514 4666 detur
528 4612 623 4682 aliqua
636 4614 764 4682 perfecta
777 4614 981 4684 apocatastasis
996 4620 1117 4666 motuum
1131 4611 1270 4664 omniurn?
1313 4608 1391 4671 Dico,
1413 4624 1505 4679 quam·

141 4690 182 4744 ris
196 4692 249 4746 boc
265 4692 443 4746 fundamento
457 4693 580 4754 subruto,
600 4694 705 4747 nullam
719 4701 811 4749 tamen
827 4693 886 4747 dari
905 4692 1124 4762 apocatastasiu.
1168 4691 1197 4744 ld
1215 4691 1352 4760 probabo.
1395 4690 1507 4744 Certum

141 4768 229 4843 lpitur
243 4778 294 4838 est,
317 4771 340 4828 si
354 4770 548 4847 proportiones
562 4763 663 4829 saltem
676 4772 876 4844 periodicorum
891 4779 1043 4844 temporum
1058 4778 1124 4829 sunt
1136 4770 1271 4844 affabiles,
1295 4767 1356 4823 dari
1372 4776 1506 4840 apocata-
