3366 5482
568 320 571 325 -
653 293 982 360 mamaeam
1433 294 1514 364 aar·

142 444 270 529 gendam
293 448 513 511 multitudinem
536 449 654 512 omnino
679 459 744 511 arte
768 469 844 530 opns
866 459 929 524 est,
953 458 986 513 et
1008 450 1178 529 cognitione
1192 471 1294 516 eorum
1317 472 1393 532 qnae
1412 472 1497 516 com-

142 534 270 599 muniter
293 537 409 600 animos
432 540 610 617 percellunt.
656 539 762 618 ltaque
796 538 891 600 sicubi
914 557 1020 618 pacem
1049 548 1080 600 et
1108 539 1237 618 quietem
1268 561 1336 602 esse
1358 547 1499 621 praestat

142 630 171 687 et
192 623 306 687 seditio
329 626 422 688 metui
445 635 558 706 potest,
582 635 746 689 conventus
769 628 909 706 Augusto
933 635 965 688 et
988 626 1160 707 Septembri
1183 638 1220 690 ne
1243 631 1331 703 fiant,
1356 638 1409 691 aut
1431 630 1495 691 dis·

142 710 284 793 sipontur,
310 714 367 776 imo
391 734 502 778 causae
526 715 640 777 animos
665 725 882 794 exasperantes
906 724 1022 777 mature
1046 714 1207 791 tollantnr3
1237 727 1290 779 aut
1317 717 1438 795 objecta
1464 736 1497 778 re

142 810 218 865 nova
250 803 453 882 cogitationes
486 804 635 866 hominum
669 804 860 864 alterantur.'
893 803 947 866 Sin
980 805 1080 865 audax
1107 804 1228 884 aliquod
1258 806 1373 867 facinus
1397 805 1495 867 susci-

142 888 290 968 piendum,
315 893 392 971 quod
416 891 502 954 illato
527 901 640 954 terrore
665 893 878 954 conficiendum
901 892 949 963 sit,
974 895 1132 972 Augustus
1157 903 1332 974 occupatum
1356 893 1403 954 sin
1427 893 1506 955 ani-‘

142 995 202 1041 mus
227 980 320 1041 etiam
344 981 383 1041 ad
406 981 540 1042 laborem
564 981 725 1055 durandus,
752 980 931 1058 September
955 992 1032 1042 esto.
1074 984 1119 1042 At
1142 982 1168 1042 si
1191 983 1288 1044 bostis
1312 982 1358 1043 bis
1382 981 1496 1043 mensi-

142 1063 192 1128 bus
217 1067 331 1147 aliquid
353 1070 474 1142 audeat,
500 1070 664 1132 animorum
688 1064 924 1131 consternationi
948 1069 1193 1131 convenientibus
1216 1070 1357 1132 remediis
1377 1070 1496 1132 obviam

142 1161 234 1216 eatur.
282 1156 360 1218 Esse
393 1159 471 1220 enim
504 1159 578 1219 hacc
611 1159 702 1218 etiam
733 1159 763 1219 in
795 1166 950 1236 potestate
973 1166 1093 1232 nostra,
1127 1160 1274 1237 quomodo
1293 1160 1417 1232 cadant,
1442 1177 1496 1219 nec

142 1241 278 1307 absolute
301 1246 492 1321 necessaria,
527 1245 762 1309 luculentissimo
792 1246 929 1325 exemplo
962 1247 1010 1308 vel
1038 1246 1221 1326 praeteritus
1250 1267 1345 1310 annus
1373 1253 1422 1308 est
1445 1254 1494 1307 te-

142 1337 249 1394 status.
1455 1345 1457 1350 ·
1492 1347 1493 1350 ’

671 1421 808 1483 Thesis
832 1421 962 1482 LXXII.

225 1506 343 1568 Deinde
373 1527 512 1589 magnum
547 1510 690 1571 exercitui
724 1510 907 1589 praesidium
940 1516 987 1569 est
1020 1508 1047 1569 in
1077 1508 1185 1570 fiducia
1217 1519 1248 1570 et
1271 1511 1494 1572 existimatione

142 1592 331 1675 imperatoris
340 1615 349 1669 ;
374 1597 469 1657 omnis
494 1600 571 1658 enim
597 1598 723 1660 victoria
746 1598 776 1658 in
800 1598 888 1659 animi
913 1599 1026 1677 impetu
1050 1598 1198 1659 consistit.
1230 1600 1275 1660 At
1298 1600 1323 1660 si
1347 1599 1384 1660 ob
1399 1617 1493 1678 gene-

142 1702 206 1746 seos
230 1684 461 1746 afflictationem
486 1687 545 1747 dux
569 1687 598 1747 in
623 1694 776 1747 contemtu
801 1680 954 1748 versatur:
987 1686 1150 1764 pericnlum
1173 1706 1227 1766 per
1251 1686 1493 1765 imaginationem

142 1769 165 1833 in
198 1773 365 1834 exercitum
398 1781 430 1835 et
458 1775 607 1836 fortunam
636 1775 709 1836 belli
740 1775 898 1836 redundat.
946 1773 1022 1837 Cum
1045 1774 1146 1853 itaque
1175 1776 1276 1852 illa&
1292 1776 1357 1847 96
1380 1775 1494 1836 Polono

142 1858 290 1923 inertum
315 1861 443 1936 incidat,
470 1871 501 1923 et
524 1862 606 1924 Solis
638 1864 759 1941 eclipsis
783 1864 812 1923 in
836 1864 993 1924 Moscovia
1023 1871 1054 1922 et
1076 1862 1202 1924 Polonia
1231 1865 1361 1925 maxima
1394 1862 1493 1937 fuerit,

142 1956 167 2011 et
190 1949 304 2011 bellum
322 1949 388 2029 jam
412 1950 454 2011 sit
481 1951 536 2021 ibi,
568 1959 642 2030 puto
672 1953 788 2013 cladem
817 1952 860 2013 illi
883 1950 1064 2031 significari:
1099 1951 1148 2030 qui
1180 1952 1206 2012 si
1238 1953 1314 2014 banc
1347 1970 1493 2038 geneseos

142 2037 374 2100 stimulationem
399 2040 427 2100 in
452 2041 657 2101 fortitudinem
682 2048 797 2113 vertat,
821 2041 937 2102 cladem
962 2041 1025 2118 ipse
1051 2038 1177 2102 inferet:
1211 2040 1257 2101 sin
1286 2059 1346 2120 pax
1379 2041 1494 2102 interea

142 2125 221 2189 lrma
244 2127 408 2202 coalescat,
432 2129 521 2208 plane
546 2129 657 2189 nullum
683 2137 730 2190 est
752 2129 915 2209 periculum
939 2147 976 2189 ex
1000 2128 1064 2188 solo
1088 2130 1182 2190 coelo.

669 2218 801 2278 Thesis
823 2217 968 2279 LXXlll.

224 2302 329 2363 Tertio
361 2310 393 2362 et
420 2312 553 2365 nostram
585 2307 717 2383 patriam
750 2306 852 2383 signat
888 2306 941 2366 illa
973 2306 1038 2384 jam
1077 2303 1159 2365 dicta
1195 2304 1379 2382 conjunctio,
1418 2322 1494 2383 qnae

142 2410 201 2454 :um
226 2391 271 2451 sit
293 2391 529 2469 spatiosissima,
549 2394 613 2472 jam
638 2415 695 2456 non
719 2394 850 2463 coelum,
884 2395 937 2454 sed
971 2412 1080 2454 causae
1105 2392 1281 2454 sublunares
1305 2400 1405 2453 certas
1429 2392 1494 2470 ejus

142 2488 240 2542 »artes
266 2479 396 2558 signant.
444 2481 524 2542 Nam
558 2482 616 2543 etsi
640 2483 693 2545 Sol
727 2484 866 2544 universa
894 2491 1052 2544 contuetur
1084 2490 1114 2541 et
1142 2481 1274 2551 calfacit,
1304 2500 1360 2540 non
1386 2480 1494 2559 ubique

142 2588 238 2631 amen
264 2568 347 2628 olera
370 2569 517 2648 producit,
544 2590 598 2631 nec
622 2572 679 2632 nisi
703 2571 751 2634 nbi
776 2571 926 2633 seminata
949 2578 1029 2632 sunt.
1058 2569 1204 2630 Attamen
1230 2570 1267 2630 ob
1293 2569 1403 2629 Terrae
1427 2587 1493 2629 mo-

142 2676 217 2731 nm,
255 2663 286 2717 et
317 2675 461 2734 geneses,
495 2668 526 2718 et
556 2659 680 2737 eclipsin
705 2659 802 2733 Solis,
834 2678 910 2738 quae
935 2659 1026 2720 Gallo
1050 2666 1082 2718 et
1104 2658 1268 2736 Hispaniae
1293 2659 1389 2718 locum
1413 2655 1495 2718 Solis

142 2744 276 2824 ‚ttingit,
300 2745 493 2822 peculiariter
516 2747 626 2826 aliquid
652 2748 688 2808 de
712 2748 839 2821 Snevia,
864 2748 1020 2818 Helvetia,
1054 2747 1190 2807 lnsubria
1214 2754 1245 2807 et
1268 2745 1366 2806 uicina
1391 2743 1494 2806 Gallia

142 2832 372 2914 spectabimus.

690 2924 821 2984 Thesis
845 2922 991 2984 LXXlV.

223 3005 374 3069 Sextilem
398 3009 489 3083 illum,
514 3017 548 3070 ut
571 3019 603 3072 et
627 3012 741 3087 (ff-ld
765 3012 831 3073 ideo
856 3011 973 3083 addidi,
1004 3010 1073 3089 quia
1096 3024 1223 3087 geneses
1247 3008 1393 3085 quasdam
1416 3011 1493 3069 πολι-

142 3118 263 3166 ενεσας
287 3097 428 3158 attinent.
482 3098 581 3160 Erunt
613 3101 715 3180 itaque
748 3118 893 3179 operosae
925 3099 980 3158 hoc
1009 3116 1101 3171 anno3
1136 3093 1262 3154 feliciter
1292 3117 1329 3156 an
1361 3097 1492 3157 infauste

142 3193 220 3267 post
244 3185 356 3258 Deum)
381 3205 473 3264 penes
497 3187 628 3265 ipsarum
653 3189 808 3250 arbitrium
842 3196 899 3249 est.
946 3187 1093 3246 Fervidns
1126 3193 1225 3245 tamen
1255 3185 1379 3263 planeta
1409 3186 1494 3247 Mars

145 3282 289 3347 atnram,
320 3273 345 3333 si
370 3294 426 3336 non
450 3276 610 3338 admodum
636 3278 721 3340 fortis
746 3285 807 3350 est,
833 3277 980 3337 afflictare
1003 3275 1114 3354 possit,
1149 3291 1215 3332 cum
1239 3273 1288 3335 diu
1312 3274 1341 3335 in
1366 3273 1492 3352 Virgine

142 3362 320 3458 bambulet,
346 3372 377 3424 et
399 3383 501 3425 mense
520 3366 633 3427 Martio
658 3366 722 3427 Soli
747 3365 883 3444 objectus
908 3364 1042 3425 natalem
1064 3363 1199 3424 infestet.

673 3455 803 3515 Thesis
827 3454 957 3515 LXXV.

223 3536 297 3599 Scio
308 3539 405 3600 solere
430 3541 602 3620 astrologos
614 3561 650 3602 ex
661 3543 868 3621 conjunctione
879 3542 965 3603 Jovis
977 3548 1008 3600 et
1023 3538 1143 3613 Martia,
1169 3558 1244 3618 quae
1266 3539 1293 3600 in
1313 3536 1492 3600 17⁰Librae

142 3626 251 3701 ocidit,
277 3637 404 3689 mortem
428 3629 550 3710 egregio
576 3631 665 3693 alicui
689 3631 760 3692 belli
784 3631 850 3691 duci
874 3629 1056 3708 praedicere,
1081 3629 1259 3705 praesertim
1280 3627 1305 3688 si
1321 3627 1491 3708 quisprae-

144 3717 253 3798 ipuum
278 3717 407 3795 aliquem
432 3719 527 3779 locum
552 3737 698 3797 geneseos
723 3720 763 3781 ibi
787 3720 909 3779 babeat.
957 3718 991 3779 Id
1019 3734 1054 3775 ne
1089 3716 1117 3775 in
1143 3716 1321 3777 calumniam
1345 3716 1491 3788 trabatur,

142 3803 221 3888 qnasi
246 3806 361 3867 coelum
385 3806 536 3869 conditum
560 3808 680 3868 dicatur
702 3809 742 3869 ad
765 3807 979 3868 interimendos
1007 3804 1159 3877 homines,
1195 3805 1283 3865 aliter
1316 3813 1364 3865 est
1393 3805 1491 3883 expli-

143 3894 274 3957 andum.
324 3891 439 3956 Sensus
464 3897 542 3957 enim
566 3915 672 3958 revera
695 3897 742 3957 bic
767 3905 830 3957 est:
857 3897 935 3975 quod
959 3902 993 3955 ut
1017 3900 1159 3971 aspectus
1182 3892 1229 3952 hic
1253 3912 1307 3972 per
1326 3912 1359 3954 se
1387 3893 1493 3972 igneus

142 3991 161 4046 t
187 3984 338 4044 claromm
362 3984 550 4062 planetarum
575 3992 641 4057 est,
665 3985 710 4046 ita
734 3984 920 4064 experientia
943 3990 1089 4054 testatur,
1124 3990 1156 4041 et
1179 3980 1345 4042 illustribus
1370 3981 1493 4042 familiis

142 4091 202 4135 sse
227 4072 418 4134 familiarem.
465 4075 510 4134 At
534 4093 599 4133 cnm
623 4075 718 4135 omnis
743 4075 805 4135 fere
829 4072 961 4152 corporis
990 4070 1038 4130 vel
1063 4070 1152 4130 animi
1181 4068 1341 4129 commotio
1370 4077 1423 4131 aut
1455 4070 1493 4130 ad

142 4180 245 4223 rovum
269 4158 383 4223 statum
407 4163 557 4223 traductio
582 4170 652 4223 tunc
676 4163 747 4238 fiat,
781 4182 846 4224 cnm
875 4159 979 4240 genesi
1011 4157 1126 4219 coelum
1155 4158 1318 4236 respondet
1346 4159 1439 4245 (quod
1463 4158 1492 4219 in

142 4251 281 4313 tamubus
304 4251 465 4331 praecipue
490 4253 650 4331 apparet),
671 4252 705 4312 fit
729 4259 762 4312 ut
784 4251 958 4330 plerumque
973 4246 1065 4327 aliqui
1088 4245 1222 4308 illustres
1238 4245 1293 4306 sub
1314 4246 1367 4308 hos
1383 4264 1492 4326 aspec-

142 4359 182 4402 ua
207 4347 241 4400 et
264 4337 377 4400 similes
401 4358 469 4400 sese
493 4349 715 4414 commoveant,
750 4359 816 4401 cnm
844 4338 873 4399 in
898 4346 987 4398 tanta
1009 4335 1198 4396 multitudine
1222 4333 1313 4413 aliqui
1338 4334 1393 4395 sub
1418 4332 1491 4394 tali-

142 4447 189 4490 rus
214 4434 248 4488 et
269 4428 334 4489 nati
359 4427 428 4489 sint.
475 4429 534 4490 Illa
557 4447 627 4489 vero
652 4429 812 4489 commotio
836 4426 879 4488 uti
904 4426 981 4487 male
1010 4422 1168 4501 dispositis
1196 4422 1339 4501 subjectis
1368 4423 1397 4482 in
1420 4440 1491 4501 per-

142 4515 244 4579 riciem
262 4515 353 4590 cedit,
377 4515 423 4577 ita
445 4516 599 4591 firmiores,
624 4516 672 4578 vel
696 4516 808 4578 aetatis
834 4515 882 4575 vel
896 4510 1079 4576 valetudinis
1098 4513 1225 4584 ratione,
1246 4510 1348 4572 adres
1366 4527 1492 4590 magnas

142 4604 254 4667 evehit:
281 4624 404 4686 quarum
427 4613 584 4686 utrumque
609 4605 637 4667 in
663 4605 791 4667 diversis
815 4603 906 4666 etiam
929 4604 986 4665 boc
1010 4619 1103 4676 anno,
1136 4601 1191 4662 sed
1218 4597 1301 4662 nulla
1323 4599 1412 4679 plane
1436 4615 1491 4659 ne-

142 4693 290 4769 assitam,
314 4692 378 4755 fieri
400 4701 513 4772 potest.
