3366 5482
759 252 841 318 eaput
859 253 915 304 xli
1459 260 1521 328 145

159 415 214 463 tam
228 409 277 463 uni
296 427 334 464 ex
355 409 491 480 primariis
513 410 673 479 corporibus
695 411 796 476 tribus,
821 421 851 467 et
873 413 920 467 uni
939 431 975 467 ex
995 417 1163 470 secundariis
1182 400 1298 473 duobus.
1327 419 1436 475 Accidit
1452 438 1521 493 ergo

159 494 288 557 respectu
312 490 354 543 rei
381 489 556 554 altemtrius,
585 497 616 544 ut
641 490 734 544 altera
760 498 857 546 utatur
882 495 977 546 eadem
1002 494 1143 550 divisione.
1186 497 1266 551 Talia
1291 498 1408 554 fortuita
1435 501 1523 556 multa

159 567 319 622 eveniunt
311 586 340 622 ιιι
359 570 443 623 rebus
464 569 665 624 mathematicis
687 578 717 624 et
737 573 928 636 naturalibus,
954 581 1051 627 contra
1076 592 1190 645 quorum
1210 594 1369 632 concursum
1389 578 1457 634 ut'
1441 600 1523 637 αναι-

158 667 219 705 rios
251 650 438 704 confirmanda
462 656 506 703 est
526 649 624 718 judicii
651 651 737 704 nostri
765 652 954 719 imbecillitas,
985 671 1020 706 ne
1047 655 1141 708 statim
1167 672 1329 727 quacunque
1358 660 1523 715 credulitate

160 728 216 782 sine
237 729 307 782 duce
327 730 437 784 ratione
458 728 622 798 abripiatur.
664 730 733 784 Vide
756 749 827 803 quae
849 748 935 802 supra
956 734 989 786 de
1011 734 1043 786 iis
1065 735 1272 804 disputaverim,
1295 753 1366 808 quae
1388 745 1452 794 sunt
1472 754 1521 794 nu·

159 824 231 862 mero
252 809 323 872 tria,
346 811 391 863 vel
413 826 478 874 sex,
500 809 545 861 vel
567 816 682 880 septem.

237 885 267 959 q)
289 890 362 943 Ecce
383 906 492 943 rursum
512 888 654 943 scribendo
683 891 878 960 proficientem.
922 893 1000 945 Haec
1027 893 1100 947 enim
1126 894 1240 948 inventa
1266 902 1310 949 est
1335 912 1422 951 causa
1442 896 1522 966 ipsis·

160 966 235 1030 sima,
257 974 291 1021 ιιι
311 969 338 1022 in
360 970 457 1024 Harm.
480 968 527 1022 lib.
550 970 598 1023 111.
622 971 689 1039 Cap.
712 972 733 1024 I.
755 972 784 1024 in
805 971 992 1025 axiomatibus
1013 972 1106 1026 videre
1128 981 1179 1027 est.
1222 974 1294 1028 Nam
1321 976 1429 1046 figurae
1451 993 1523 1046 quae

160 1047 340 1117 perfectiores
361 1050 467 1102 habent
488 1050 745 1113 demonstrationes,
768 1058 886 1120 suntque
901 1052 1025 1105 effabiles
1049 1049 1230 1125 (triangulum
1252 1060 1282 1106 et
1302 1057 1523 1126 quadrangulum

161 1135 189 1180 et
207 1126 412 1198 sexangulum)
433 1129 573 1197 perfectas
594 1130 678 1182 etiarn
690 1200 693 1205 ι
705 1131 818 1199 pariunt
839 1132 1033 1185 consonantias
1058 1131 1192 1200 majorem
1221 1149 1293 1204 quac
1314 1150 1379 1188 vero
1400 1135 1523 1190 viliorem

162 1207 267 1261 habent
288 1209 548 1262 demonstrationem
570 1214 600 1262 et
619 1210 712 1263 latera
733 1210 885 1264 ineffabilia
906 1211 952 1278 (ut
973 1212 1167 1282 octangulum,
1189 1213 1440 1285 quinquangulum,
1462 1217 1523 1268 dec·

162 1283 323 1360 angulum),
350 1287 461 1343 viliores
483 1289 567 1342 etiam
587 1305 723 1358 peperere
744 1290 952 1345 concordantias
974 1291 1094 1361 majores
1120 1291 1297 1360 imperfectas
1319 1295 1404 1364 vulgo
1425 1293 1523 1348 dictas.

163 1367 237 1420 Haec
258 1375 352 1422 antem
373 1367 507 1438 perfectio
527 1370 573 1421 vel
595 1369 735 1423 contraria
756 1369 849 1422 vilitas
870 1371 964 1425 insunt
986 1371 1186 1435 consonantiis,
1215 1379 1330 1442 propter
1354 1373 1431 1443 ipsas
1452 1374 1522 1444 ligu-

163 1463 206 1500 ras
227 1448 337 1516 plsnas,
360 1448 455 1501 insunt
475 1456 505 1500 et
524 1448 620 1518 figuris
642 1449 749 1503 solidis:
770 1464 878 1502 rursum
900 1450 987 1522 igitur
1008 1468 1060 1504 non
1083 1449 1226 1520 cognatio,
1250 1454 1297 1505 sed
1319 1453 1441 1507 affinitas
1462 1453 1524 1506 sola

164 1527 307 1581 intercedit
335 1528 490 1596 duplicibus
517 1528 572 1580 illis
598 1536 629 1582 et
654 1529 901 1598 imperfectioribus
928 1530 1095 1584 sectionibus
1120 1531 1285 1584 harmonicis
1318 1550 1377 1586 cum
1408 1534 1523 1587 dodeca-

165 1608 227 1660 tdro
248 1606 380 1677 primario
401 1615 432 1660 ιι
451 1607 592 1661 ἰιοιιόᾱιο
613 1609 784 1663 secundario.

240 1684 266 1750 ι)
288 1687 352 1741 Duo
373 1689 548 1741 theoremata
568 1688 690 1741 infinitae
712 1688 858 1751 utilitatis,
890 1705 977 1757 eoque
1004 1689 1216 1757 pretiosissima,
1248 1692 1296 1743 sed
1318 1707 1449 1763 magnum
1468 1692 1521 1746 dis·
1557 1697 1560 1703 “

166 1767 263 1821 crimen
289 1776 383 1821 tamen
412 1774 456 1820 est
485 1767 557 1821 inter
577 1774 732 1838 utrumqne.
774 1769 843 1822 Nam
871 1767 960 1836 prius,
991 1770 1061 1838 quod
1090 1768 1183 1822 latera
1204 1770 1273 1823 recti
1294 1771 1391 1841 anguli
1416 1772 1524 1843 possint

166 1853 278 1909 ιιιιιιιιιι,
302 1854 434 1917 quantum
456 1848 589 1901 subtensa
608 1856 694 1911 recto,
717 1849 768 1901 hoc
789 1848 899 1919 inquam
920 1854 995 1901 recte
1011 1848 1212 1917 comparaveris
1232 1866 1341 1903 massae
1356 1851 1430 1906 anri:
1452 1851 1522 1906 alte·

166 1944 228 1990 mm,
251 1927 430 1981 desectione
452 1927 665 1997 proportionali,
694 1944 830 1999 gemmam
851 1928 963 1982 dixeris.
1007 1929 1098 1997 Ipsum
1119 1928 1190 1982 enim
1211 1946 1262 1998 per
1282 1931 1440 2000 sequidem
1461 1931 1522 2002 pul·

166 2007 256 2061 chrum
277 2013 330 2069 est,
353 2015 385 2060 at
405 2007 463 2060 sine
485 2008 569 2075 priori
590 2009 668 2062 valet
689 2008 770 2069 nihil;
793 2007 882 2077 ipsum
896 2017 989 2060 tamen
1003 2015 1147 2077 promovet
1160 2009 1303 2063 scientiam
1318 2017 1383 2063 tunc
1398 2010 1523 2075 ulterius,

167 2104 221 2140 cum
243 2088 322 2158 prius
343 2088 411 2140 illud
432 2104 481 2141 nos
502 2087 678 2158 aliquatenus
698 2098 844 2157 provectos
861 2088 921 2157 J'am
943 2087 1078 2151 destituit,
1101 2088 1185 2141 scilic.
1208 2090 1242 2142 ad
1264 2091 1524 2146 demonstrationem

167 2175 190 2221 ιι
209 2167 398 2221 inventionem
419 2167 515 2220 lateris
537 2168 732 2238 decangularis
754 2176 784 2220 et
804 2175 987 2239 cognatarum
1005 2163 1203 2237 quantitatum.

241 2243 270 2315 s)
293 2247 340 2300 Nil
361 2248 465 2310 mirum,
487 2248 764 2301 accommodationem
784 2247 988 2301 harmoniarum
1009 2248 1043 2300 ad
1065 2263 1182 2316 corpora
1202 2249 1299 2301 nonin
1317 2255 1427 2318 promtu
1447 2240 1541 2311 esses

168 2329 233 2398 qaod
254 2327 328 2381 enim
351 2326 377 2380 in
398 2327 460 2380 sinu
481 2334 599 2381 naturae
620 2335 752 2389 nonest,
781 2327 807 2380 id
828 2327 949 2396 depromi
971 2326 1078 2396 nequit:
1108 2343 1153 2380 res
1175 2327 1246 2381 istae
1272 2329 1324 2382 hoo
1346 2328 1452 2399 quidem
1474 2344 1524 2382 nu·

168 2423 235 2462 nero
257 2414 288 2460 et
309 2407 364 2460 hac
384 2407 541 2478 quantitate
562 2408 717 2476 descriptae
739 2414 804 2460 sunt
825 2406 1009 2460 insociabiles.
1052 2406 1114 2459 Etsi
1135 2424 1201 2461 vero
1226 2414 1256 2461 et
1276 2425 1330 2479 ego
1359 2408 1387 2462 in
1407 2409 1524 2462 Harmo-

169 2487 237 2550 nicis,
260 2486 311 2540 lib.
334 2489 368 2541 V.
389 2503 450 2556 cap.
473 2487 499 2541 9.
522 2488 681 2557 corporibus
703 2487 859 2540 harmonias
880 2485 1000 2540 associo:
1023 2493 1054 2539 at
1074 2485 1100 2539 id
1121 2504 1175 2540 non
1196 2488 1227 2540 ιι
1247 2504 1333 2541 causa
1354 2494 1430 2542 ortus
1444 2487 1525 2541 unius

170 2585 198 2621 ιι
219 2567 287 2629 ιΙίο,
319 2568 367 2620 sed
396 2581 482 2621 causa
510 2584 575 2620 usus
602 2569 629 2622 in
660 2568 842 2621 exornatione
869 2566 972 2627 mundi;
1005 2575 1172 2636 argumenta
1192 2567 1383 2621 associationis
1414 2584 1475 2636 cap.
1497 2565 1524 2621 2.

171 2648 252 2702 nnita
274 2646 383 2718 quidem
411 2654 477 2700 sunt
496 2647 581 2699 etiam
602 2666 638 2701 ex
665 2648 824 2701 formalibus
846 2646 1012 2708 rationibus,
1043 2653 1100 2699 tam
1122 2664 1278 2716 corporum,
1309 2663 1390 2718 quam
1415 2647 1523 2701 harmo-

173 2726 278 2790 niarum,
302 2732 334 2780 at
353 2727 404 2781 illa
417 2735 584 2797 argumenta
605 2734 669 2781 sunt
682 2728 776 2780 multis
795 2743 903 2795 semper
917 2725 1065 2778 harmoniis
1085 2725 1158 2779 inter
1172 2744 1201 2779 se
1216 2728 1374 2790 communia,
1397 2727 1525 2798 singulae

174 2806 326 2861 harmoniae
342 2807 459 2879 singulis
479 2807 638 2876 corporibus
653 2825 704 2877 per
718 2823 753 2859 ea
766 2824 819 2860 non
835 2807 1020 2860 vindicantur:
1046 2807 1180 2859 accedunt
1199 2806 1285 2877 igitur
1299 2806 1398 2860 diversi
1412 2806 1525 2877 generis

175 2894 332 2958 argumenta
353 2888 490 2940 forinseca
513 2893 567 2940 aut
586 2904 604 2940 a
632 2887 837 2956 comparatione
861 2885 1066 2955 proportionum
1096 2886 1254 2955 figuralium
1278 2902 1338 2938 cum
1361 2885 1525 2939 harmonicis

177 2967 296 3028 deducta:
322 2967 421 3038 quibus
443 2950 559 3020 tandem
574 2967 734 3020 harmoniae
754 2984 807 3019 non
823 2967 902 3027 istae,
927 2966 974 3018 sed
989 2965 1140 3034 pleraeque
1161 2965 1203 3018 his
1217 2965 1336 3033 majores
1352 2964 1526 3019 associantur

178 3048 341 3117 corporibus;
358 3054 390 3100 ιι
403 3064 491 3116 neque
506 3047 663 3100 immediata
677 3055 721 3099 est
735 3046 804 3099 haec
819 3045 975 3106 associatio,
996 3046 1044 3097 sed
1059 3043 1217 3099 tribuuntur
1235 3044 1393 3099 harmoniae
1407 3044 1526 3098 motibus

180 3125 272 3181 illorum
296 3128 482 3198 planetarum,
505 3143 618 3196 quorum
641 3127 721 3180 orbes
745 3126 801 3179 bini
820 3125 932 3195 singula
953 3124 1044 3178 sortiti
1063 3131 1128 3177 sunt
1146 3141 1263 3194 corpora
1284 3125 1438 3195 regularia.
1482 3125 1527 3178 lta

182 3206 348 3279 commigrant
362 3207 469 3277 quidem
491 3206 651 3261 harmoniae
666 3207 693 3259 in
709 3207 827 3276 quinque
842 3222 984 3275 corporum
1006 3204 1131 3258 viciniam
1150 3205 1341 3259 interstinctae
1365 3205 1421 3258 suis
1436 3220 1525 3258 mace·

183 3285 257 3342 nebus
277 3295 308 3342 et
329 3288 381 3341 sub
402 3289 497 3340 eadem
517 3294 595 3340 tecta
614 3305 668 3340 non
688 3286 868 3356 recipiuntur.

247 3381 271 3452 ι)
292 3387 350 3440 imo
364 3403 399 3438 ne
414 3387 466 3439 hoc
480 3386 586 3456 quidem
602 3386 730 3439 absolute
745 3401 838 3438 verum
853 3390 905 3436 est.
947 3382 1033 3435 Nulla
1047 3381 1154 3451 quidem
1168 3400 1205 3435 ex
1226 3381 1258 3435 iis
1279 3399 1349 3453 quae
1364 3389 1429 3435 sunt
1442 3381 1527 3434 mino·

187 3477 218 3516 ιιι
229 3481 306 3535 quam
326 3462 468 3535 diapason,
494 3465 639 3537 cognatior
658 3472 702 3518 est
716 3463 851 3535 pyramidi
865 3471 980 3532 propter
994 3461 1173 3532 triangulum,
1199 3464 1270 3532 quod
1288 3460 1424 3533 pyramidi
1438 3461 1526 3524 basin,

188 3539 225 3609 ipsi
236 3545 363 3616 diapente
379 3552 468 3599 ortum
481 3547 607 3616 praebet.
651 3547 712 3599 Non
735 3551 829 3615 potest
844 3550 936 3613 tamen
960 3540 1013 3612 ipsi
1027 3541 1157 3610 diapente
1176 3542 1253 3595 locus
1268 3542 1305 3596 ibi
1320 3560 1390 3605 esse,
1414 3541 1462 3595 ubi
1475 3557 1527 3611 py-

189 3623 251 3677 ranis
263 3625 452 3687 interlocatur,
477 3628 525 3678 sed
540 3625 601 3678 aliis
616 3624 688 3678 notis
704 3625 841 3677 censenda
855 3629 900 3676 est
922 3622 993 3675 hacc
1007 3619 1210 3675 harmoniarum
1224 3624 1258 3675 ad
1272 3623 1376 3693 figuras
1392 3620 1528 3691 aptitudo,

190 3700 268 3774 dequo
281 3707 344 3759 vide
359 3706 409 3760 lib.
425 3706 459 3758 V.
474 3707 604 3759 Hermon.
620 3722 681 3775 cap.
699 3705 725 3758 2.
764 3702 888 3766 Quinimo
903 3719 936 3755 ne
951 3702 1081 3771 diapente
1096 3701 1202 3772 quidem
1217 3701 1352 3772 trianguli
1367 3701 1450 3755 solius
1465 3716 1528 3770 pro·

191 3779 300 3840 xinsest
313 3786 416 3857 proles,
433 3787 480 3838 sed
494 3786 634 3839 antecedit
648 3785 714 3838 illud
730 3784 863 3852 diapason
878 3781 1068 3853 cpidiapente;
1084 3779 1145 3833 vide
1160 3781 1207 3834 lib.
1218 3782 1264 3834 IV.
1280 3783 1411 3834 Hermon.
1427 3796 1488 3872 cap.
1500 3778 1527 3834 6.

192 3858 285 3920 ctutum
305 3866 414 3938 quidem
428 3864 511 3934 hujus
527 3864 657 3919 affirmati
671 3865 839 3918 verissimam
854 3863 921 3915 hic
914 3880 940 3915 ιιι
962 3861 1021 3929 ipso
1044 3866 1125 3914 textu
1146 3860 1260 3931 ignarus
1283 3860 1342 3930 ipse
1362 3859 1452 3930 posui,
1474 3867 1530 3912 ter·

192 3937 240 3997 litu
257 3963 292 4001 sc.
314 3951 424 4015 partem
445 3945 548 4000 circuli.

250 4039 278 4107 u)
298 4039 483 4104 secundariis,
508 4040 568 4095 scil.
591 4039 759 4108 corporibus,
783 4038 959 4092 associandos
984 4054 1045 4090 esse
1069 4035 1277 4090 concordantias
1301 4035 1374 4101 illas,
1398 4052 1470 4108 quae
1491 4036 1531 4089 sic

192 4130 229 4182 ptr
246 4121 389 4176 sectionem
412 4120 531 4175 chordae
553 4126 807 4190 repraesententur,
829 4127 861 4171 ut
885 4119 907 4171 si
923 4136 958 4171 ex
974 4117 1076 4171 chorda
1099 4134 1149 4186 per
1172 4115 1320 4170 sectionem
1344 4118 1458 4189 signata
1480 4116 1532 4170 fiat

193 4194 294 4265 circulus,
319 4202 487 4256 lineareota
500 4217 572 4272 quac
587 4200 671 4270 signa
685 4199 831 4262 connectit,
856 4216 910 4252 non
935 4199 985 4251 flat
1007 4199 1081 4251 latus
1106 4196 1223 4265 alicujus
1246 4199 1354 4267 figurae
1377 4197 1529 4267 perfectae,
1576 4221 1578 4225 ·

193 4277 277 4334 sedvel
289 4298 348 4336 nna
360 4281 437 4335 linea
450 4281 578 4335 solitaria
590 4287 711 4343 maneat,
733 4279 776 4331 vel
791 4279 866 4332 latus
880 4278 930 4331 fiat
943 4280 1050 4348 figurae
1066 4276 1241 4340 abundantis,
1266 4293 1334 4347 quas
1349 4278 1398 4333 lib.
1413 4278 1435 4332 I.
1452 4283 1482 4330 et
1495 4276 1530 4328 ΙΙ.

193 4353 299 4417 Ηιιιιοιι.
331 4361 430 4416 ιιιΗιι
462 4377 481 4415 a
504 4359 680 4414 similitudine
703 4358 810 4429 placuit
833 4359 999 4429 indigetare.
1049 4357 1198 4410 Pulchrum
1221 4356 1328 4426 quidem
1352 4363 1532 4410 commentum

193 4450 279 4506 ursae,
302 4442 421 4513 pulchra
443 4440 598 4495 distributio
623 4440 769 4493 secundum
784 4454 846 4492 eam
860 4438 1064 4491 harmoniarum
1085 4436 1157 4490 inter
1171 4435 1289 4507 quinque
1304 4453 1428 4506 corpora,
1451 4434 1474 4486 si
1487 4449 1530 4486 re·

193 4529 299 4583 litatum
318 4521 424 4576 numeri
447 4527 565 4613 spectes,
591 4527 622 4573 at
644 4537 695 4589 per
718 4535 748 4572 se
771 4536 860 4589 neque
878 4517 1004 4587 speciem
1026 4517 1079 4570 hoc
1100 4516 1188 4569 habet
1202 4531 1312 4580 causae,
1336 4531 1425 4585 neque
1448 4519 1533 4567 sexta

192 4608 258 4666 llprt
276 4602 408 4672 diapason
429 4602 572 4672 quicqrram
592 4600 680 4654 habet
700 4616 759 4673 cum
781 4599 922 4653 icosa'e'dro
945 4595 1104 4651 commercii.

252 4675 281 4750 v)
302 4681 388 4745 Quasi
411 4698 477 4736 vero
500 4682 601 4736 stellae
626 4697 679 4734 non
700 4667 756 4733 sint
779 4678 863 4733 etiam
886 4681 1013 4749 figurae?
1055 4675 1185 4730 Nimirum
1211 4674 1315 4744 aliquid
1339 4680 1401 4727 erat
1424 4669 1531 4725 commi·

231 4771 426 4829 ιιιιιιιομιιι
540 4785 543 4788 >
1286 4766 1320 4828 lo
