3366 5482
177 259 220 327 ιι
770 263 931 333 imm

176 438 208 474 ne
226 423 371 486 peritissimo
389 423 486 487 quidem
505 423 593 474 musei
611 423 740 482 hactenus,
751 425 796 475 ‘rel
814 439 858 488 per
875 424 1030 482 insomnium,
1049 422 1074 471 in
1092 427 1201 474 mentem
1218 421 1292 471 seuit
1320 418 1376 469 Iam
1388 433 1447 469 saro
1459 419 1530 484 Kep-

176 495 240 543 lerue
258 500 341 543 noster
359 494 515 544 ιοιιιιιιιιιιο
535 509 565 543 ιι
583 496 719 559 geometria
737 496 836 545 inuento
855 496 947 544 orbium
966 508 1009 543 seu
1028 493 1185 556 sphaerarum
1204 491 1346 549 caslutium
1361 495 1457 546 eertum
1475 489 1530 541 hui·

176 574 276 628 tuuique
294 579 423 615 uumeruni
442 572 468 616 et
485 567 603 622 ordinem,
622 571 697 630 atqua
715 567 780 630 quod
796 568 929 617 maximnm
949 573 994 626 ast,
1014 571 1106 614 certam
1123 562 1330 627 magnitudinum
1350 562 1416 612 sicut
1433 567 1460 613 et
1477 577 1529 610 mo-

175 643 260 693 tuum,
280 636 313 686 ad
330 651 357 686 ιι
375 646 459 688 ιιιιιι
473 638 657 701 proportionem
675 638 765 695 tradit·
789 645 815 688 et
832 637 905 702 paulu
924 636 998 701 altius
1013 642 1095 697 sumto
1113 635 1182 684 initio
1201 634 1322 690 ostendit,
1344 632 1410 698 quod
1421 628 1532 690 &eatur

175 707 244 757 Deus
258 706 314 770 Opt
327 704 421 758 siue
413 724 441 758 in
458 707 542 759 mnndi
561 709 693 769 ιιιιιιοιι,
710 712 784 773 juxta
801 710 905 774 quinque
924 696 1077 773 regularium
1091 720 1216 770 corporum
1234 706 1449 770 geometricorum,
1469 703 1531 756 allas
1566 702 1571 713 ’

176 779 286 828 ιιιιιιιι
304 780 435 843 geometris
453 780 641 834 uodssimorum,
659 782 847 844 proportionem,
866 780 983 845 sphaeras
1000 777 1128 828 coelestes
1136 775 1237 826 mobiles
1254 775 1425 831 fabricaverit,
1433 781 1530 826 exten·

175 849 253 906 derit,
273 848 432 923 disposuerit,
464 850 619 900 edomaverit
641 857 667 901 et
685 851 840 902 ordinaverit.
877 853 958 914 Atque
976 850 1042 899 hauc
1060 849 1210 900 sententiam
1228 849 1279 911 ipsa
1297 862 1347 896 uon
1365 845 1466 913 logicis,
1484 860 1532 897 iiec

141 948 144 955 ,
174 918 427 979 laribusautdubiis
446 921 484 972 val
497 921 610 976 anilibus,
628 921 796 973 multominus
816 923 902 973 alienis
920 929 995 986 atque
1013 917 1532 984 adpropositumsuumrioleuteradactis

174 992 333 1068 coniecturis,
347 993 393 1043 ιιι
410 994 537 1058 genuinis,
556 995 738 1056 propriissimis
756 1000 808 1045 tam
825 1009 856 1045 ιι
874 1009 955 1045 rarum
972 999 1074 1052 natura,
1094 1006 1168 1057 quain
1187 1004 1217 1040 ex
1233 991 1371 1056 geomatiia
1389 990 1531 1054 deprensis,

173 1064 261 1146 quibus
279 1052 414 1114 contradici
432 1079 482 1114 nou
499 1071 589 1128 potest,
608 1065 743 1114 ratiociniis
762 1065 898 1116 coufirmat.
937 1063 1045 1125 Quorum
1063 1063 1214 1127 potissimum
1233 1067 1279 1117 est,
1303 1061 1489 1127 elegantissima
1507 1067 1533 1113 et

172 1135 334 1185 merissima
329 1134 473 1192 harmonia
493 1141 520 1185 ιι
536 1144 674 1187 consonans
694 1143 828 1186 concentus
848 1136 937 1187 calculi
956 1135 1112 1187 astronomici
1131 1148 1160 1183 ιι
1173 1132 1382 1183 obseruationibus
1398 1135 1453 1195 jam
1472 1138 1531 1183 ante

164 1204 270 1268 proditi,
289 1219 345 1259 eum
364 1207 470 1271 quinque
487 1207 635 1271 tepidarium
653 1221 781 1270 corporum
799 1208 961 1258 diastematis.
991 1205 1096 1266 Quantis
1110 1205 1175 1257 enim
1190 1202 1326 1254 intervallis
1343 1200 1466 1268 ιριιιιιιι
1485 1204 1530 1255 ιιι-

173 1277 338 1343 cumscriptae
356 1278 418 1328 cubo
429 1292 480 1327 ιιι
498 1277 634 1331 hexabdro,
657 1279 779 1341 pyramidi
796 1294 840 1328 seu
859 1279 996 1334 tetratdro,
1015 1275 1185 1329 dedecebdro
1203 1275 1345 1332 icosalldio,
1365 1274 1497 1332 ιιιιιιιι,
1512 1289 1532 1334 ,ι

172 1347 283 1410 sphaeris
300 1346 340 1397 hie
358 1349 445 1401 iisdem
463 1350 603 1412 corporibus
621 1350 743 1413 inscriptis
762 1350 888 1416 sigillatim
900 1350 1008 1406 ιιιιιιιις
1028 1353 1100 1396 tauta
1118 1349 1194 1397 etiam
1212 1345 1346 1396 interstitia
1362 1348 1427 1396 inter
1442 1345 1530 1410 plane·

170 1420 250 1470 carias
267 1419 404 1483 sphaeras
405 1434 435 1471 ex
454 1420 538 1470 ordine
555 1421 703 1484 interposita
720 1435 774 1471 asse
793 1422 972 1473 astronomicae
984 1419 1169 1483 numerationes
1187 1417 1317 1483 (quantum
1330 1417 1429 1482 quidem
1442 1418 1474 1467 ab
1487 1418 1530 1471 eis.

172 1490 260 1552 quibus
278 1505 327 1541 ιιι
346 1505 427 1555 pauca
446 1491 527 1542 adhuc
550 1492 655 1542 delicere
678 1507 749 1541 nemo
774 1492 982 1551 observationibus
1000 1491 1110 1540 intentus
1128 1478 1223 1546 nescit,
1248 1486 1296 1538 huc
1314 1504 1392 1554 usque
1410 1489 1532 1553 praestari

171 1561 251 1624 potnit
273 1567 318 1612 aut
341 1563 486 1647 praestitim
510 1554 559 1619 esti
579 1563 717 1614 clarissime
729 1563 848 1613 iudicarit.
888 1565 927 1613 Ab
945 1563 993 1612 hoc
1010 1563 1085 1627 igitur
1102 1567 1224 1624 tempore.
1250 1561 1292 1624 qui
1310 1559 1433 1611 coelorum
1451 1565 1532 1610 motus

171 1632 291 1694 plenius
284 1635 420 1697 inquirere.
446 1641 472 1684 ιι
490 1648 554 1698 quae
575 1637 600 1685 ιι
620 1635 771 1686 astronomia
788 1635 870 1687 adhue
887 1648 979 1685 manca
1003 1639 1075 1691 suut,
1101 1631 1201 1682 relicere
1228 1639 1253 1681 at
1270 1631 1439 1697 redintegrare
1457 1630 1530 1687 solet,

169 1703 270 1754 babet
258 1719 314 1767 Jani
333 1705 349 1752 d
367 1706 439 1769 priori
460 1709 614 1769 patentem'
604 1721 719 1770 yanuam,
738 1721 789 1769 qua
805 1707 965 1773 ingrediatur,
983 1705 1060 1764 habet
1076 1704 1240 1755 rectissimam
1252 1717 1376 1764 normam,
1397 1703 1430 1755 ιι
1448 1717 1530 1769 quam,

171 1790 217 1827 ceu
235 1776 268 1826 ad
286 1775 391 1839 Lydium
409 1777 530 1842 lapidem,
559 1792 645 1827 omnes
663 1792 722 1827 suas
746 1778 944 1838 observationes,
971 1782 1097 1839 totumque
1123 1774 1246 1825 calculum
1271 1774 1403 1826 examinet.
1441 1773 1531 1824 Marito

170 1847 245 1912 igltur
257 1855 341 1898 nostro
354 1848 438 1900 seculo
457 1849 488 1898 ιι
500 1849 547 1901 boc
561 1848 759 1899 excellentissimi
773 1849 946 1899 Mathematici
958 1847 1085 1912 Kepleri'
1079 1847 1273 1911 ingeniosissimo
1292 1847 1392 1896 inrcutu
1411 1845 1528 1920 gratulor,

170 1915 230 1966 nihil
249 1918 379 1976 dubitans,
399 1921 458 1983 quin
476 1935 520 1983 per
537 1920 563 1970 ιι
581 1927 661 1970 totam
679 1923 853 1970 astronomiam
871 1922 1012 1984 propediem
1029 1923 1195 1968 ιιιιιιιιιιιι
1212 1918 1286 1966 ιιιιιι
1305 1917 1388 1966 simus.

241 1988 353 2049 Quodsi
371 2005 453 2054 quem,
472 1992 674 2042 sicuthactenus
692 2006 740 2041 auu
760 2006 861 2054 paucos,
881 1987 1457 2054 Gopemicihypothesiumamultislllegitiine
1472 2004 1529 2041 con·

170 2059 291 2110 ιιιιιιιι
303 2065 335 2109 ιι
352 2068 450 2125 praeter
467 2063 589 2113 rationein
607 2061 738 2113 diffamata
750 2063 888 2112 absurditas
901 2060 1017 2119 offendit,
1038 2067 1063 2110 ιι
1081 2060 1145 2124 quod
1156 2060 1281 2123 Keplerus
1298 2059 1344 2111 hoc
1362 2075 1407 2112 sno
1414 2060 1530 2118 iniectu,

169 2144 221 2179 uua
240 2146 296 2179 cum
316 2130 466 2195 Copemico,
491 2133 617 2183 stellarum
640 2133 767 2183 firmum
762 2148 786 2180 in
806 2141 927 2191 extremo,
953 2140 979 2184 ιι
997 2131 1084 2182 Solis
1078 2146 1103 2180 ιι
1121 2128 1205 2183 muudi
1223 2136 1308 2181 centro
1326 2130 1529 2188 immobilitatem,

169 2207 243 2265 atque
269 2201 360 2251 Terrae
386 2209 456 2253 extra
478 2204 586 2253 inedium
609 2202 752 2253 circularem
770 2204 932 2255 mobilitatem
953 2204 1055 2254 astruit:
1082 2202 1103 2250 is
1120 2217 1211 2266 quaeso
1230 2202 1296 2266 prius
1316 2217 1367 2252 rem
1386 2211 1529 2268 cognoseat,

169 2279 196 2322 et
214 2273 352 2330 examinet,
378 2288 454 2338 quani
470 2276 584 2337 praecoci
602 2274 752 2337 praejudicio
770 2277 920 2329 contendam
937 2275 1017 2331 lerat;
1044 2275 1067 2341 ιι
1088 2272 1170 2338 legat,
1198 2288 1262 2336 quae
1282 2273 1432 2338 Copernicus
1450 2274 1490 2325 lib.
1509 2274 1529 2327 1.

169 2357 224 2406 cap.
244 2340 276 2392 V.
299 2351 325 2394 at
349 2346 456 2409 quinqua
481 2347 652 2409 aequantibus.
678 2346 738 2395 iteni
760 2359 824 2409 quac
851 2346 974 2410 Keplerns
997 2353 1081 2395 noster
1104 2344 1199 2409 capi
1222 2347 1261 2396 sui
1279 2344 1406 2395 Piodromi
1429 2345 1528 2410 scribit:

168 2430 213 2465 nec
232 2431 282 2464 non
300 2430 364 2480 quae
383 2415 503 2465 Rhaticus
522 2423 640 2480 sequente
658 2417 800 2466 narratione
818 2416 908 2475 habet,
938 2419 980 2468 ubi
998 2416 1146 2481 principales
1163 2417 1271 2467 rationes
1291 2423 1435 2479 enumerat,
1455 2430 1531 2482 quare

169 2501 186 2536 a
202 2493 313 2537 veterum
331 2494 524 2536 astronomorum
542 2487 716 2550 hypothesibus
734 2487 899 2538 recedendum
917 2490 998 2540 merit.
1035 2488 1068 2537 Et
1091 2487 1210 2539 ridebit:
1225 2488 1395 2552 quaestionem
1418 2487 1450 2569 de
1478 2488 1530 2538 loco

170 2563 196 2607 et
213 2564 334 2620 perpetua
352 2559 434 2622 quiete
453 2557 543 2609 Terrae
562 2573 730 2623 naquaquam
736 2557 853 2622 liquidam
871 2575 935 2613 esse
975 2559 1069 2621 Quibus
1088 2559 1154 2609 istud
1173 2559 1289 2624 adiungo.

242 2627 347 2678 Usitatis
366 2643 427 2678 sarie
445 2629 633 2693 hypothesibus,
657 2645 721 2694 quae
744 2632 939 2713 praescriptione
965 2633 1045 2696 potius
1069 2644 1142 2693 quani
1160 2631 1257 2685 ratione
1276 2626 1360 2681 ualent
1383 2616 1487 2689 (idcirco
1506 2637 1531 2681 ιι

168 2699 243 2771 uulgo
263 2714 307 2749 eas
325 2702 435 2762 proponi,
454 2707 481 2751 ιι
497 2708 597 2763 tymim
615 2702 726 2764 primitus
743 2701 769 2751 in
788 2703 831 2762 ais,
850 2694 1175 2758 velutcommuniteruotis,
1196 2707 1222 2751 ιι
1239 2701 1269 2750 ob
1287 2701 1312 2750 id
1330 2701 1411 2765 ipsum
1430 2703 1530 2786 sequitu

170 2756 336 2829 thuilioribus,
360 2771 485 2821 informari
502 2773 580 2823 ιιιιιι
599 2780 625 2822 ιι
643 2772 776 2823 consultius
795 2780 847 2823 est:
865 2776 902 2823 ita
920 2775 1045 2826 easdem
1038 2789 1063 2822 ιι
1084 2774 1172 2824 ceteris
1191 2772 1412 2835 disputationibus,
1432 2774 1479 2822 iiisi
1498 2773 1530 2823 ad

169 2843 288 2892 interime
307 2845 471 2895 astronomiae
488 2844 628 2907 penetralia
643 2844 829 2909 ingrediendum
847 2846 887 2898 sit.
908 2847 1069 2897 communitor
1088 2845 1197 2901 retineri,
1217 2843 1322 2894 eandem
1340 2843 1370 2892 ob
1390 2858 1491 2895 causam
1503 2852 1531 2895 ut

170 2912 302 2977 plurimum
320 2909 430 2977 expedit)
449 2913 549 2965 'derra'
543 2929 569 2963 in
586 2914 667 2965 medio
685 2917 769 2979 quieta
787 2918 916 2970 statuitur.
936 2919 1061 2982 potissimo
1081 2921 1225 2980 argumento
1245 2929 1261 2964 a
1279 2915 1409 2980 ςιιιιιιιιι
1428 2921 1454 2966 ιι
1472 2917 1529 2965 leri·

170 2985 230 3034 tatis
247 2986 378 3034 momentis
396 2985 523 3044 desumto,
549 2988 608 3050 quia
630 2988 717 3051 grauia
735 2987 766 3041 ad
784 2987 870 3037 mundi
893 2989 1000 3040 inedium
1022 2988 1153 3044 deorsum,
1176 2986 1242 3037 levia
1263 2987 1295 3035 ab
1319 2986 1429 3049 ejusdem
1448 2986 1528 3039 medio

170 3069 266 3104 sursum
284 3056 341 3104 lerri
360 3055 482 3107 dicuntur.
519 3060 554 3107 at
572 3071 663 3122 quaeso
681 3058 747 3108 unde
765 3059 835 3108 uobis
852 3059 916 3111 haec
935 3060 1023 3110 levium
1042 3059 1200 3124 graviumque
1211 3055 1397 3120 experientia?
1426 3064 1457 3108 et
1470 3072 1528 3122 quo·

168 3140 247 3189 usque
271 3140 355 3177 eorum
381 3130 471 3179 notius
492 3129 560 3192 apud
582 3145 627 3179 iios
649 3144 676 3179 ιι
700 3130 825 3191 extendit,
851 3137 881 3181 ιι
904 3147 934 3184 ex
964 3131 1000 3182 eis
1017 3132 1093 3184 totius
1111 3129 1196 3180 mundi
1214 3128 1322 3179 medium
1341 3135 1407 3179 certo
1427 3141 1530 3196 mguere

168 3195 309 3261 pominus?
335 3200 377 3249 Διι
394 3215 444 3250 ιιι
462 3201 541 3251 omnis
559 3201 632 3254 sedes
649 3209 677 3252 ιι
694 3208 773 3251 totum
791 3200 939 3254 domicilium
959 3203 1067 3253 omnium
1086 3216 1178 3264 eorum,
1196 3215 1260 3273 quae
1278 3200 1348 3267 uobis
1366 3201 1455 3266 graula
1472 3207 1530 3251 suut

169 3276 215 3318 aut
232 3267 304 3327 laria,
324 3269 409 3329 Terra,
428 3277 455 3322 et
472 3273 540 3323 eirca
558 3271 660 3325 Terram
679 3287 722 3322 aer
741 3270 797 3322 esti
827 3271 876 3322 Sed
889 3274 946 3339 quid
959 3273 1044 3331 Terra,
1063 3271 1120 3336 quid
1139 3287 1195 3323 eam
1214 3267 1324 3321 ambiens
1343 3285 1395 3331 aer,
1413 3277 1528 3337 respecti

168 3339 305 3391 immensae
323 3342 397 3393 totius
415 3343 501 3401 muudi
519 3341 663 3394 ιιιιιιιιιιι
691 3343 815 3394 Punctum
827 3351 893 3401 sunt,
913 3346 963 3395 sire
976 3344 1094 3408 punctuli,
1114 3349 1140 3393 et
1157 3345 1177 3393 si
1196 3342 1254 3408 quid
1271 3343 1351 3393 minus
1370 3343 1419 3405 dici
1435 3351 1527 3407 posset

168 3412 290 3463 ιιιιιιιιι
302 3413 402 3471 habent
432 3413 505 3476 Quod
523 3431 579 3467 cuiu
597 3415 638 3469 sit.
658 3428 691 3465 aii
702 3408 943 3485 conphilosophum
963 3416 1186 3480 diqtnrnmputai,
1206 3413 1527 3481 quodmlirmaarqumeu

167 3482 230 3533 tatio
249 3497 265 3533 a
282 3486 413 3548 particula,
432 3487 483 3536 sive
500 3486 548 3536 hoc
565 3485 683 3554 punctulo
702 3486 735 3536 ad
752 3493 831 3535 totum
843 3489 959 3538 mundum
972 3486 1117 3539 extruetur?
1145 3485 1201 3536 Non
1221 3500 1279 3553 sigo
1304 3500 1335 3535 ex
1356 3485 1478 3552 itaquae
1497 3487 1530 3537 ad

166 3552 214 3605 hoc
232 3556 376 3618 punctulum
394 3564 523 3622 appetunt,
542 3557 581 3608 ιιι
601 3558 632 3607 ab
652 3573 680 3607 eo
700 3558 837 3623 relugiunt,
855 3558 886 3609 da
906 3574 1079 3624 speciosissimi
1096 3558 1170 3621 hujus
1188 3553 1272 3606 muudi
1290 3563 1375 3607 centro
1395 3559 1457 3608 certi
1475 3573 1528 3608 esse

166 3641 302 3710 possumus.
333 3628 426 3678 Locum
445 3629 543 3694 quidem
561 3640 633 3678 auum
651 3630 781 3692 proprium,
801 3628 841 3694 qui
860 3630 1002 3707 philosopho
1021 3636 1086 3679 teste
1106 3634 1144 3678 ast
1162 3626 1280 3691 perfectio
1299 3628 1343 3684 rei,
1361 3623 1425 3679 haee
1444 3635 1529 3678 nostra

166 3694 253 3762 gravia
278 3705 304 3748 ιι
330 3700 395 3750 laria
418 3715 435 3750 a
455 3707 548 3750 ustura
566 3701 612 3750 sibi
630 3700 748 3751 tributum
766 3709 902 3764 appetunt,
928 3701 1002 3765 quain
1026 3701 1197 3758 affectionem,
1225 3707 1253 3749 nt
1272 3698 1421 3762 Gopemicus
1440 3701 1482 3749 lib
1505 3699 1528 3749 ι.

163 3782 220 3832 cap.
242 3766 266 3817 9.
286 3771 381 3821 erudite
399 3772 511 3828 disserit,
532 3770 646 3821 credibile
666 3773 797 3822 astutiam
816 3770 881 3830 Soli,
900 3773 1000 3832 Lunae,
1026 3772 1161 3834 ceterisque
1187 3772 1319 3821 errantium
1338 3770 1497 3856 fulgoribus
1490 3789 1527 3822 in·

167 3855 229 3896 esse,
248 3848 276 3892 ut
294 3845 347 3905 ejus
366 3843 502 3894 efficacia'
495 3859 521 3893 in
540 3857 580 3898 ea,
600 3857 650 3906 qua
669 3858 695 3892 se
714 3852 911 3929 repraesentant,
931 3845 1082 3893 rotunditate
1100 3850 1279 3917 permaneant:
1302 3842 1402 3906 quodsi
1421 3845 1442 3892 is
1461 3844 1528 3894 locus

166 3910 257 3962 alicubi
275 3914 346 3964 simul
365 3915 398 3964 ιιι
416 3913 501 3964 muudi
520 3922 640 3972 centrum,
659 3914 685 3963 id
703 3930 753 3964 uon
768 3930 815 3964 iusi
827 3930 871 3978 per
883 3915 999 3967 accidens
1012 3910 1158 3979 contingit.
1170 3914 1264 3964 Verum
1276 3912 1405 3977 Gopemicl
1418 3917 1528 3966 rationes

166 3986 346 4036 astronomicae
365 4002 415 4036 nou
433 4001 450 4036 a
466 3984 624 4052 particula,'
630 3999 709 4051 eaque
734 3986 914 4044 minutissima,
938 3986 971 4051 ad
988 3993 1082 4035 totum:
1106 3982 1150 4080 sed
1168 3991 1268 4045 centra,
1288 3989 1375 4037 stoto
1393 3985 1426 4036 ad
1444 3993 1529 4075 partes

167 4054 312 4118 procedunt

236 4123 287 4175 Sed
305 4133 331 4178 st
349 4142 379 4178 ax
397 4129 449 4191 ipso
467 4126 641 4193 hypothesium
659 4129 808 4178 usitatarum
818 4135 846 4178 ιι
859 4128 988 4193 Gopemici
1000 4141 1114 4192 processu
1127 4128 1200 4177 facile
1214 4129 1365 4195 agnoscitur,
1382 4135 1456 4179 utrae
1474 4130 1529 4194 plus

168 4194 226 4247 tuci
248 4205 397 4253 mereantur
434 4200 533 4249 Etenim
552 4197 681 4267 Cuperulci
708 4196 856 4263 hypotheses
883 4201 991 4250 omnium
1018 4200 1111 4249 orbium
1133 4206 1159 4249 et
1183 4200 1343 4263 sphaerarum
1368 4199 1480 4250 ordinem
1503 4210 1529 4251 et

164 4268 397 4334 magnitudinem·
378 4286 414 4321 sic
432 4277 576 4332 numerant,
602 4271 749 4355 disponunt,
775 4276 927 4320 connectunt
951 4279 977 4322 st
999 4272 1147 4326 metiuntur,
1173 4278 1202 4319 ut
1218 4271 1280 4320 riihil
1297 4272 1428 4357 quicquam
1446 4274 1472 4321 ιι
1492 4274 1529 4322 eis

164 4341 255 4390 mutari
275 4347 320 4390 aut
338 4343 478 4405 transponi,
498 4343 551 4392 siue
570 4343 644 4406 totius
663 4343 768 4392 universi
790 4342 948 4399 contusione,
972 4342 1063 4406 po'seit;
1087 4343 1145 4404 quiri
1164 4343 1239 4392 etiam
1254 4345 1337 4392 omnis
1355 4342 1478 4393 dubitatio
1496 4345 1527 4395 ιι

164 4412 212 4471 situ
231 4418 258 4461 ιι
276 4413 339 4462 sarie
357 4413 442 4476 procul
461 4413 562 4463 exclusa
579 4420 672 4464 manat.
710 4414 819 4463 Econtra
845 4416 872 4464 in
897 4413 1074 4479 hypothesibus
1097 4413 1195 4462 usitatis
1225 4429 1341 4463 numerus
1365 4413 1528 4477 sphaerarum

163 4479 272 4534 mcertis
292 4489 337 4533 eet
374 4484 421 4534 Διιι
440 4485 510 4535 enim¹
523 4501 623 4543 uorem,
643 4485 684 4535 alii
705 4479 751 4542 to,
770 4487 813 4536 alii
834 4483 863 4534 ιι
886 4485 1004 4548 sphaeras
1021 4491 1161 4540 numerant,
1180 4499 1227 4535 nec
1246 4486 1327 4535 adbuc
1345 4489 1463 4536 conuenit
1479 4501 1526 4537 nu-

162 4566 252 4606 merus.
290 4553 356 4605 Ordo
375 4556 466 4605 ibidem
485 4562 524 4605 est
542 4557 643 4606 dubius:
663 4557 767 4607 delinita
785 4557 912 4608 distantia.
932 4561 1031 4619 praeter
1051 4552 1082 4616 Θ
1104 4563 1129 4606 ιι
1148 4550 1184 4620 j,
1204 4557 1273 4608 nulla
1291 4557 1352 4613 dari,
1372 4557 1464 4608 nedum
1483 4558 1525 4609 de·

158 4627 295 4679 monstrari
312 4633 402 4690 potest
441 4626 480 4677 De
499 4626 613 4685 Venere,
628 4627 754 4679 Mercurio
774 4632 800 4678 at
818 4627 875 4678 Sole
895 4628 924 4676 lis
942 4627 1050 4676 nondum
1069 4629 1206 4692 composita
1224 4635 1276 4687 est,
1301 4643 1347 4679 nec
1366 4638 1528 4694 componetur

162 4710 279 4763 unquam.
309 4697 521 4764 Reglomontanus
538 4699 580 4749 lib.
594 4696 619 4746 s.
634 4712 688 4763 cap.
704 4697 728 4746 ι.
749 4699 873 4762 Epitoines
891 4700 917 4746 in
931 4698 1029 4762 Almag.
1042 4697 1106 4747 Ptol.
1126 4700 1264 4753 conticetur.
1283 4699 1349 4764 quod
1367 4704 1423 4750 nter
1439 4714 1526 4751 eorum

163 4766 249 4821 Verius
266 4770 306 4824 rel
323 4768 460 4839 Mamurius
484 4783 558 4838 supra
583 4769 688 4821 alterum
713 4768 927 4847 sitnetnrp'nulla
953 4770 1099 4820 ιιιιιιιιιιιι
1122 4770 1272 4838 deprehendi
1292 4772 1378 4840 possit.
1416 4772 1450 4823 Et
1467 4772 1526 4827 lieet
