3366 5482
763 227 924 280 moenum·
1458 231 1525 297 aas

163 391 222 441 qnos
246 379 326 445 etiam
345 386 385 430 est
401 381 608 432 franciscus
627 382 814 445 Patricius,
841 387 882 451 qni
901 389 953 450 eins
971 387 1122 437 mentionem
1141 387 1279 436 inerudito
1307 387 1369 438 alias
1397 388 1438 440 De
1461 404 1528 442 nora

161 448 322 513 Philosophia
340 452 464 501 volumine
483 450 567 514 (Nora
585 454 616 503 de
634 453 760 513 Universis
778 455 943 521 Philosophia,
962 457 1029 506 libris
1043 457 1072 506 L.
1093 455 1280 522 comprehensa)
1300 459 1368 516 iacit,
1387 461 1408 508 is
1427 460 1526 524 quidem

160 534 261 570 meam
280 535 336 570 esse
355 537 470 587 expresse
488 527 589 582 assent,
615 526 733 575 sedeam
758 528 794 576 ita
821 530 938 591 pervertit
968 536 995 577 et
1012 543 1055 592 per
1073 529 1239 593 ignorantiam
1257 529 1323 578 male
1351 532 1525 582 accommodat

162 598 185 639 st
203 598 294 640 centn
311 607 370 643 mea
388 596 464 658 ipsius
481 595 607 659 postulata
626 603 651 644 et
670 605 781 646 assumta
795 612 850 647 eam
863 601 1007 675 coinguinat
1025 605 1050 647 et
1067 600 1214 660 insectatur,
1234 605 1262 648 ut
1279 600 1385 663 plurima
1403 601 1476 652 isthic
1495 616 1526 652 ex

160 663 235 724 ipsius
254 663 377 714 relatione
395 667 510 729 apposita
527 682 569 728 pro
588 669 649 715 meis
668 683 717 716 non
737 683 879 732 agnoscam,
899 670 963 733 qnod
982 671 1059 718 etism
1077 669 1174 734 publice
1192 671 1354 733 protestabor.

231 731 283 782 Sed
302 735 333 783 de
351 734 480 799 hypothesi
498 737 547 785 hac
564 737 603 786 rel
622 738 734 787 alienon
747 739 849 788 multum
864 741 1052 797 altercabimur3
1072 742 1183 804 quaestio
1203 747 1248 798 est,
1269 743 1322 804 quis
1335 754 1391 789 eam
1403 743 1525 791 rationem
1545 742 1552 749 “

161 803 270 853 invenire
288 808 375 868 possit,
404 814 457 855 tam
475 809 501 855 in
519 810 700 872 quantitatibus
720 815 746 857 et
763 812 912 859 motionibus
931 813 1053 861 continuis
1072 825 1145 874 qnam
1164 811 1285 868 discretis,
1305 817 1333 859 ut
1350 809 1526 874 phaenomena

161 873 281 924 coelestia
298 889 344 938 per
362 879 446 926 omnia
464 879 597 928 salsentur.
636 880 706 936 ,Hoc
726 895 794 942 opus,
814 881 854 929 hic
873 881 942 930 labor
960 888 1006 941 est,
1027 888 1052 930 et
1071 884 1106 930 sic
1124 888 1265 944 spectemur
1283 881 1407 946 agendo.“

229 945 315 1005 Porro,
337 948 456 1011 siqnidem
477 951 508 997 ab
526 951 595 998 initio
615 952 725 1005 innuisti,
744 957 769 999 te
789 950 951 1001 ablaestliuo
964 954 1066 1015 primum
1083 952 1127 1000 tibi
1147 967 1163 1000 a
1180 967 1220 1001 me
1239 953 1371 1014 inscriptas
1390 953 1525 1015 accepisse,

161 1015 200 1079 qui
219 1018 306 1072 etiam,
326 1033 388 1082 quar
408 1020 440 1068 ad
458 1019 526 1068 illum
546 1020 670 1076 dederam,
690 1029 773 1069 tecum
792 1025 990 1077 communicarit,
1008 1025 1095 1080 miror,
1125 1024 1204 1085 ipsum
1222 1037 1269 1071 nec
1288 1022 1335 1070 illis
1360 1036 1441 1087 neque
1460 1023 1524 1082 aliis,
1571 1038 1573 1043 ·

160 1100 220 1150 quas
239 1090 321 1150 prius,
348 1091 397 1138 imo
417 1098 476 1139 ante
500 1091 593 1155 aliquot
617 1105 696 1140 annos
719 1093 847 1148 miseram,
873 1095 997 1156 quippiam
1021 1100 1092 1142 tanto
1115 1100 1225 1157 tempore
1243 1092 1391 1156 respondere
1409 1093 1523 1142 soluisse.

160 1160 198 1206 Au
217 1156 266 1206 hoc
284 1161 317 1207 sit
335 1162 380 1208 riri
398 1163 498 1224 ingenui
518 1169 544 1210 et
566 1162 749 1211 mathematicis
773 1162 905 1225 disciplinis
928 1163 1031 1212 solerter
1053 1164 1155 1219 imbuti,
1182 1170 1236 1213 tute
1260 1165 1374 1213 aestima.
1411 1162 1468 1212 Non
1487 1170 1526 1212 eat

160 1228 222 1276 elias
240 1230 302 1277 mihi
320 1233 409 1286 moris,
429 1233 527 1295 ignotos
545 1232 621 1280 literis
640 1234 797 1295 praevenire,
817 1233 861 1281 sed
879 1235 1037 1296 utplurimum
1057 1234 1088 1282 ab
1107 1234 1155 1282 illis
1173 1235 1311 1296 praeveniri
1331 1234 1413 1292 soleo,
1433 1233 1525 1283 nedum

159 1306 187 1347 ut
204 1299 238 1347 ad
256 1313 329 1349 meas
347 1309 418 1350 tanto
437 1309 574 1365 temporum
593 1309 674 1351 tractu
688 1306 870 1365 responsionem
883 1305 976 1353 nullam
989 1305 1115 1367 recipiam.
1145 1303 1195 1353 Sed
1213 1306 1238 1353 in
1257 1311 1381 1367 posterum
1401 1306 1432 1360 ei,
1452 1318 1525 1368 quem

159 1358 255 1431 fflurirni
274 1385 372 1434 semper
389 1373 454 1428 leci,
480 1374 516 1420 nti
539 1375 632 1436 scripta
650 1389 708 1422 mea
725 1376 751 1421 in
769 1375 894 1437 publicum
914 1376 982 1424 edita
1000 1377 1085 1424 testari
1104 1381 1235 1438 poterunt,
1260 1376 1322 1425 meis
1345 1376 1465 1439 ingratis,
1486 1375 1525 1432 pti

160 1438 244 1496 rideo,
263 1441 341 1490 literis
359 1458 408 1491 non
428 1457 469 1491 ero
488 1444 612 1492 molestus.
1205 1463 1210 1474 “

229 1510 336 1562 Placent
354 1514 414 1569 tibi,
439 1527 503 1577 quae
530 1515 563 1563 ad
587 1515 654 1562 illum
673 1521 699 1562 et
723 1521 749 1563 te
768 1515 798 1563 de
817 1531 843 1564 re
863 1517 1029 1567 astronomica
1047 1517 1140 1579 scripsi.
1178 1517 1253 1580 Atqui
1272 1530 1305 1565 ea
1322 1529 1350 1564 se
1368 1515 1403 1563 sic
1422 1515 1522 1564 omniuo

160 1581 265 1636 haberm
293 1591 360 1632 certo
379 1584 532 1647 exploratum
551 1586 648 1641 babeo,
674 1585 799 1650 multoque
823 1587 894 1649 plura
913 1593 938 1635 et
955 1587 993 1636 his
1011 1590 1107 1648 majora
1126 1585 1207 1635 adhuc
1226 1587 1340 1635 abstrusa
1363 1599 1432 1642 esse,
1457 1598 1523 1649 quaa

161 1658 345 1702 antecessorum
369 1662 423 1703 tam
455 1663 567 1705 veterum
593 1671 666 1720 quam
691 1659 854 1706 recentiorum
878 1658 1031 1721 diligentiam
1050 1656 1182 1706 eluserunt.
1228 1657 1338 1713 Suades,
1365 1657 1414 1704 imo
1439 1655 1523 1705 multis

161 1725 306 1777 necuim.
326 1740 387 1790 quas
407 1741 452 1791 ego
471 1742 521 1775 nou
541 1728 657 1790 improbo,
677 1728 825 1790 persuadere
845 1731 950 1783 conaris.
969 1736 997 1775 ut
1009 1728 1191 1777 observationes
1205 1741 1274 1776 meas
1294 1727 1414 1775 coelestes
1432 1725 1524 1790 publici

159 1794 217 1854 iuris
237 1794 348 1850 faciam,
369 1797 432 1860 qnod
452 1798 549 1860 quidem
568 1812 612 1845 suo
630 1806 739 1861 tempore
758 1808 885 1861 praestare
904 1814 953 1847 uon
973 1798 1130 1853 detrectabo‚
1150 1813 1206 1847 cum
1224 1797 1277 1853 his,
1297 1811 1360 1862 quae
1380 1804 1408 1845 tu
1426 1796 1523 1846 affatim

161 1863 270 1924 adducis,
290 1874 344 1915 tum
362 1868 417 1916 aliis
436 1869 466 1916 de
486 1869 575 1917 causis.
610 1868 700 1917 Verum
719 1877 771 1916 tam
791 1871 839 1918 cito
860 1870 884 1919 id
903 1870 1008 1929 efficere,
1029 1875 1163 1933 antequam
1181 1869 1297 1932 pleraque
1318 1883 1347 1916 ex
1365 1869 1404 1922 iis,
1423 1881 1488 1931 quae
1506 1880 1524 1915 a

160 1949 198 1983 rue
216 1937 243 1984 in
263 1940 435 1987 astronomicis
453 1940 596 2010 instaurata
613 1946 671 1988 snut
690 1948 764 2003 atque
782 1940 951 1990 solertioribus
971 1955 1000 1989 ex
1018 1940 1103 1988 iisdem
1123 1940 1332 1988 observationibus
1351 1937 1469 1992 tundata,
1496 1939 1523 1986 iu

162 2006 239 2055 lucem
258 2008 403 2070 prodierint,
422 2025 472 2057 non
492 2011 630 2059 consultum
650 2011 727 2066 duco;
747 2026 806 2059 nam
818 2019 917 2074 praeter
929 2012 981 2059 alia
998 2010 1045 2059 hoc
1063 2012 1150 2073 ipsum,
1169 2010 1233 2073 quod
1252 2016 1279 2057 tn
1299 2009 1329 2058 de
1347 2008 1523 2070 hypothesibus

160 2079 219 2125 mais
236 2081 376 2142 praereptis
395 2091 421 2128 et
440 2081 470 2129 de
490 2081 606 2144 Cypriani
626 2078 754 2142 (Leoritii)
775 2082 985 2144 Ephemeridibus‚
1006 2083 1060 2130 aliis
1078 2082 1159 2144 quoad
1178 2087 1273 2144 partem
1292 2079 1415 2129 attributis
1434 2085 1461 2127 et
1478 2078 1521 2128 de·

160 2151 277 2209 praratis.
296 2151 381 2206 raiers,
401 2158 478 2199 terret
497 2160 570 2214 atque
589 2153 725 2200 dissuadet.
755 2152 903 2202 Obtinebitis
925 2161 1011 2202 tanmn
1035 2152 1167 2216 aliquando
1186 2152 1285 2200 favente
1304 2150 1405 2200 coelesti
1423 2151 1524 2199 numine

162 2232 204 2274 ea,
223 2234 289 2284 qnae
311 2235 384 2270 ame
403 2221 511 2284 plurimis
532 2224 603 2271 annis
621 2225 646 2270 in
666 2224 812 2271 coelestibus
831 2223 951 2273 denotata
969 2231 1041 2278 sunt,
1060 2238 1110 2271 non
1129 2221 1226 2285 quidem
1245 2228 1297 2270 tam
1315 2234 1407 2269 manca
1426 2227 1451 2268 et
1469 2232 1522 2268 mu·

162 2289 219 2344 tila,
239 2306 273 2339 ne
292 2292 375 2340 dicam
393 2294 505 2348 incerta,
524 2300 597 2356 prout
615 2308 647 2342 ea
665 2299 734 2349 sunt,
763 2308 827 2357 quae
845 2294 956 2357 pauculis
975 2295 1067 2344 chartis
1085 2292 1212 2341 mandarit
1231 2291 1363 2341 Wernerua
1387 2290 1425 2338 r'el
1443 2291 1524 2353 potius

161 2359 214 2409 Joh.
234 2359 378 2412 Sehbnerns
398 2359 468 2423 (nam
487 2364 598 2413 Werneri
617 2365 748 2413 observata
767 2365 835 2413 nulla
853 2366 917 2420 ridi;
937 2367 1004 2413 tusi
1023 2377 1086 2428 quae
1104 2363 1182 2412 habes
1202 2359 1377 2423 communica),
1396 2375 1412 2410 a
1430 2359 1522 2426 Regio·

161 2439 279 2481 montano
298 2442 325 2483 et
344 2433 479 2482 Gnalthero
497 2435 595 2492 relicta,
614 2435 658 2483 sed
677 2443 767 2484 exacta
785 2436 879 2499 sibique
899 2436 1049 2491 constantia,
1072 2441 1145 2498 atque
1165 2435 1190 2482 in
1210 2439 1284 2482 tauta
1301 2433 1373 2482 simul
1393 2433 1477 2495 copia,
1495 2435 1538 2479 ut·

161 2504 198 2550 ria
215 2517 310 2567 magno
329 2505 434 2568 quodam
452 2505 574 2554 volumine
592 2507 726 2568 constringi
745 2512 846 2569 queant.

148 2602 160 2607 -
228 2575 374 2640 adiungam
392 2584 491 2638 praeter
508 2575 595 2624 librum
614 2577 839 2640 Epistularum,
865 2578 895 2625 de
914 2592 961 2640 qno
980 2591 1067 2639 supra,
1087 2574 1279 2624 Mechauica
1296 2580 1382 2622 nostra
1399 2571 1448 2622 huc
1466 2585 1521 2636 spe·

162 2647 265 2701 atatis,
284 2661 350 2709 quae
368 2648 542 2700 instrumenta,
560 2648 646 2710 quibus
665 2647 730 2695 ultra
750 2645 784 2694 20
803 2662 882 2696 annos
900 2662 959 2696 usus
971 2662 1044 2704 sum,
1066 2646 1273 2710 complectuntur,
1293 2644 1314 2693 si
1333 2643 1460 2693 commode
1478 2643 1524 2692 tibi

163 2712 243 2780 Praga
262 2717 353 2766 adferri
370 2725 495 2780 poterunt.
524 2718 561 2766 Ex
580 2718 694 2781 Epistolis
713 2726 813 2781 praeter
831 2718 882 2767 alia
900 2719 965 2782 prins
978 2720 1105 2767 insinuata
1121 2717 1263 2780 perspicies,
1283 2728 1372 2763 aneae
1385 2721 1437 2763 tam
1454 2714 1524 2778 parti

168 2790 283 2836 momenti
302 2795 378 2852 atque
397 2789 496 2836 inutiles
514 2791 577 2845 sint,
597 2789 671 2838 veluti
691 2803 750 2851 prae
770 2790 845 2838 animi
864 2791 1010 2852 impotentia
1028 2794 1177 2838 occaecatus
1195 2787 1237 2834 ille
1256 2799 1343 2834 censor
1360 2786 1426 2840 ruit,
1446 2792 1472 2833 et
1490 2797 1524 2834 au

169 2856 353 2908 laudatissimae
371 2861 505 2908 memoriae
523 2859 679 2923 Landgrario
699 2860 829 2909 Wilhelrno
847 2861 972 2923 quidpiam
991 2861 1118 2924 derogent,
1137 2858 1213 2906 veluti
1230 2855 1295 2904 idem
1314 2856 1476 2918 impudenter,
1494 2861 1525 2905 ut

168 2927 213 2975 lilio
230 2931 284 2990 ejus
303 2945 344 2978 me
361 2932 466 2978 inrisum
489 2931 618 2987 redderet,
644 2938 797 2980 commentus
820 2937 865 2979 est.
904 2931 941 2979 Ex
959 2929 1112 2979 Machanicis
1138 2929 1253 2990 colliges,
1279 2932 1372 2989 quanto
1398 2925 1523 2974 molimine

169 3001 330 3049 monomiae
347 3002 582 3063 redintegrationem
602 3015 733 3065 aggressus
752 3004 806 3058 sim,
825 3007 966 3065 quantaque
984 3003 1010 3050 in
1028 3001 1066 3048 his
1088 3014 1146 3048 usus
1163 2997 1294 3060 diligentia
1311 2997 1459 3060 quantisque
1476 2997 1522 3043 iru-

168 3071 253 3129 ptusis.
289 3071 406 3120 Invenies
425 3074 500 3119 etiam
519 3072 609 3121 ibidem
629 3075 696 3121 circa
713 3074 871 3135 posteriorem
890 3078 985 3134 partem
1005 3071 1216 3135 consignationem
1236 3081 1333 3123 eorum,
1352 3081 1416 3130 quae
1434 3065 1535 3116 hacce-t

167 3143 245 3189 nnsis
258 3141 305 3191 hoc
324 3157 417 3206 genere
435 3143 570 3191 studiorum
584 3144 716 3199 exantlavi,
736 3158 848 3207 quaeque
867 3146 892 3191 in
904 3149 1036 3205 posterum,
1057 3143 1182 3203 aspirante
1197 3138 1339 3188 coelestium
1353 3137 1447 3201 opifice,
1466 3150 1521 3200 per·

169 3213 271 3261 “tenda
287 3220 396 3269 restant,
415 3219 468 3261 tum
487 3228 581 3277 quoque
600 3213 683 3262 literas
702 3215 757 3262 illas
777 3214 895 3263 laudatae
914 3214 1047 3262 memoriae
1060 3212 1093 3260 D.
1107 3211 1196 3261 Jacobi
1210 3209 1287 3260 Curtii
1301 3216 1328 3258 et
1340 3208 1444 3273 Magiui,
1464 3220 1526 3271 qna·

170 3293 219 3329 nar
236 3291 313 3334 antea
331 3285 482 3333 mentionem
502 3286 557 3333 ieci.
587 3284 709 3334 Misissem
723 3285 886 3334 illuminatum
907 3279 1070 3344 (ntivocant)
1089 3282 1222 3345 exemplar,
1242 3295 1289 3345 qno
1309 3281 1426 3357 promtius
1445 3279 1529 3328 omnia
1578 3314 1583 3322 .

176 3348 332 3411 dlttemeres,
351 3355 396 3404 sed
414 3369 480 3403 nunc
499 3370 548 3403 nou
563 3357 682 3418 suppetit

235 3423 299 3476 ilinc
319 3425 374 3474 adit
392 3424 477 3488 Tycho
495 3426 654 3475 Prodromum
675 3426 788 3490 aliaque,
808 3440 872 3489 quae
891 3425 1007 3489 leguntur
1025 3437 1082 3488 pag.
1103 3419 1137 3471 16
1157 3428 1184 3471 et
1201 3419 1243 3469 47.

235 3493 263 3544 ln
275 3496 469 3559 .„Postscripto“
488 3496 553 3546 haec
571 3498 654 3545 addit:
680 3497 706 3546 Si
725 3512 752 3546 se
771 3498 869 3546 occasio
883 3496 1013 3545 commoda
1025 3495 1148 3551 obtulerit,
1168 3508 1235 3557 rogo,
1255 3499 1284 3541 nt
1296 3490 1455 3541 Maestlinum
1472 3503 1528 3539 meo

183 3564 262 3615 lituae
279 3582 386 3616 moneas
406 3568 437 3616 de
455 3568 585 3630 eclipsibus
605 3568 697 3617 abillo
717 3569 851 3617 observatis
881 3582 937 3616 cum
956 3567 1017 3616 meis
1046 3565 1200 3615 conterendis
1224 3564 1254 3612 ob
1272 3563 1462 3612 meridianorum
1482 3560 1528 3609 dli·

183 3628 292 3687 ltttntiam
312 3639 456 3688 eruendam.
485 3638 551 3686 Dum
572 3640 636 3687 enim
655 3639 738 3702 relego
758 3638 895 3701 exemplum
914 3638 1042 3687 literarum
1056 3637 1088 3685 ad
1102 3635 1263 3684 Maestlinum
1282 3631 1317 3697 (p.
1332 3629 1366 3681 44
1379 3627 1437 3695 sq),
1456 3631 1528 3679 rideo

185 3713 214 3750 Νι
226 3707 291 3759 'sthic
309 3711 463 3764 mentionem
480 3709 569 3759 iecisse
589 3710 685 3774 eclipsis
704 3709 780 3768 Solis,
800 3723 864 3773 quae
884 3709 923 3758 die
943 3707 984 3755 25.
999 3708 1069 3756 Febr.
1091 3709 1149 3755 anni
1169 3704 1211 3754 98.
1232 3706 1350 3769 contigit,
1368 3702 1424 3758 nbi,
1444 3702 1528 3751 nescio

186 3783 221 3830 lli
232 3778 332 3837 iumria,
353 3780 424 3844 digiti
443 3779 549 3843 ecliptici
569 3782 720 3830 denotantur
734 3778 820 3841 10¹1„
850 3781 914 3828 torte
933 3779 997 3843 quod
1016 3793 1060 3841 per
1078 3777 1184 3841 aliquem
1203 3791 1233 3825 ex
1251 3777 1313 3824 meis
1331 3773 1456 3829 studiosis,
1476 3770 1527 3822 cal·

188 3841 330 3899 tiilunruinris
348 3852 498 3900 festinanter
517 3857 709 3915 exsequentem,
734 3854 769 3901 sic
787 3864 916 3914 perperam
934 3851 1028 3913 reperi;
1048 3864 1104 3898 cnm
1122 3849 1201 3897 verior
1218 3847 1282 3895 ratio
1301 3861 1330 3894 ex
1348 3845 1410 3892 meis
1429 3843 1528 3900 tabulis,

112 3976 114 3981 ,
188 3922 240 3969 uest
261 3922 367 3984 mmet
389 3928 478 3985 postea
501 3922 639 3987 disquisiri,
664 3923 783 3986 praebeat
801 3922 891 3986 digitos
911 3918 977 3981 ei..
1004 3934 1054 3984 qua
1073 3921 1148 3967 etiam
1167 3917 1308 3982 quantitate
1327 3914 1368 3965 Sol
1389 3913 1531 3964 deficeres

112 3986 115 4041 Ϊ
188 3986 269 4040 eaodem
295 4007 326 4042 ex
343 3994 407 4042 meis
426 3993 577 4058 UranIburgi
596 3993 668 4042 isthic
687 3992 728 4054 (ut
747 3990 762 4039 4
782 3993 933 4041 residuorum
951 3993 1178 4044 instrumentorum,
1197 4001 1261 4052 quae
1280 4000 1339 4050 prae
1357 3984 1531 4049 magnitudine

112 4053 114 4081 ³
189 4050 248 4108 lletti
263 4069 314 4112 tam
334 4064 384 4112 cito
402 4064 547 4127 nequibant,
567 4079 652 4113 curam
671 4060 785 4121 haberet)
805 4063 893 4112 relicto
913 4062 1026 4118 studioso
1042 4059 1207 4123 deprehensus
1227 4064 1273 4114 est,
1293 4063 1319 4106 et
1337 4064 1449 4120 tempora
1467 4055 1530 4106 alias

189 4134 346 4199 illumillam
365 4137 545 4199 aequatoriam,
566 4133 599 4182 18
616 4135 706 4199 pedum
726 4137 750 4182 in
770 4135 899 4190 diametro,
920 4148 936 4183 a
953 4133 1071 4196 principio
1085 4145 1162 4193 usque
1176 4129 1296 4179 adfinem
1316 4126 1375 4188 (init
1394 4128 1459 4177 enim
1476 4132 1529 4176 toto

189 4193 241 4248 aa,
255 4211 363 4268 tempore
382 4202 508 4266 serenum)
527 4219 599 4255 meae
617 4206 767 4255 restitutioni
788 4206 896 4268 apprime
915 4204 1078 4268 congruentia
1098 4200 1200 4250 coelitus
1224 4200 1345 4248 denotata
1368 4204 1438 4258 sunt,
1464 4211 1529 4263 quae

189 4274 241 4318 litut
255 4276 413 4336 ejuscemodi,
432 4283 460 4324 ut
479 4277 611 4339 deliquium
630 4278 751 4340 inciperet
769 4277 841 4325 isthic
860 4277 885 4324 h.
907 4273 947 4322 1⁰.
968 4272 1018 4330 10‘,
1037 4273 1111 4321 finem
1129 4271 1233 4320 haberet
1251 4270 1277 4319 h.
1299 4269 1339 4318 12.
1356 4266 1406 4327 te‘,
1426 4269 1529 4351 ideoque
1566 4273 1569 4281 '

189 4338 272 4412 Μιιιι
288 4349 408 4396 existeret
425 4346 449 4395 h.
471 4346 581 4395 11.12‘.
619 4347 691 4396 Haec
720 4347 752 4395 ad
771 4346 948 4400 Maestlinum,
975 4344 1072 4408 quando
1097 4343 1131 4391 illi
1157 4343 1298 4405 scripseris,
1324 4341 1414 4390 relerre
1439 4345 1531 4403 potens

189 4417 289 4479 utruque
307 4432 397 4482 rogare
416 4425 491 4482 atque
510 4419 627 4475 efficere,
651 4425 680 4466 nt
698 4418 729 4467 ab
749 4419 801 4480 ipso
820 4417 938 4480 eclipses,
959 4421 1010 4464 tam
1030 4414 1157 4473 Lunares,
1177 4427 1252 4477 qnam
1272 4411 1385 4468 solares,
1411 4414 1529 4475 quotquot

190 4471 284 4536 ὴΙιιιιιιιι
301 4489 453 4545 observarit,
472 4504 516 4552 per
534 4496 574 4546 te,
593 4489 712 4553 siquidem
731 4487 771 4537 ille
789 4487 849 4537 mihi
868 4487 1001 4536 rescribere
1020 4485 1095 4542 nolit,
1115 4485 1249 4533 obtineam.
1403 4551 1409 4563 ⁴
1430 4551 1436 4564 .

238 4553 324 4622 lleperi
341 4561 407 4608 inter
425 4561 524 4610 chartas
542 4573 612 4610 meas
633 4559 771 4622 exemplum
792 4559 919 4608 literarum
941 4557 1106 4612 Crameri,
1133 4556 1163 4604 de
1182 4569 1229 4618 qno
1247 4555 1314 4618 prins
1336 4565 1451 4606 memini,
1475 4551 1529 4610 jam

189 4615 268 4687 udum,
294 4633 378 4680 nescio
396 4632 422 4680 in
440 4645 501 4695 quos
519 4646 591 4688 usus,
618 4631 780 4694 descriptum,
809 4630 875 4694 quod
900 4628 969 4678 hisce
988 4628 1069 4685 addo,
1097 4632 1123 4676 et
1147 4625 1218 4674 simul
1247 4622 1383 4685 exemplum
1410 4617 1530 4683 epistolae

188 4693 291 4753 ‘lulum
308 4701 346 4751 li.
364 4701 486 4752 Johauuis
506 4702 712 4757 Christierni,
735 4701 817 4758 Dani,
843 4713 910 4751 nunc
928 4699 1044 4764 Lugduni
1062 4696 1214 4748 Batavorum
1233 4694 1369 4743 studiorum
1388 4698 1466 4742 censa
1484 4689 1528 4739 de-

239 4782 320 4835 tepus
334 4789 405 4839 oper·
417 4789 435 4832 1.
1276 4781 1309 4832 15
