3366 5482
158 271 224 339 303
579 270 680 320 nram
697 267 801 332 mpori
818 267 968 331 suamque
985 273 1090 317 nume

160 431 245 494 basin
269 430 300 491 iu
324 428 411 508 justa
434 425 635 505 longitudine,
670 425 739 505 qnia
763 425 849 497 (dato
874 425 1038 505 quadrato)
1064 433 1149 487 certa
1179 425 1245 504 ejus
1278 431 1329 485 est
1356 422 1525 503 longitudo.

157 521 207 583 lta
228 521 317 600 plane
342 517 371 578 iu
395 517 451 577 hoc
474 514 609 593 negotio,
636 513 661 574 si
687 515 816 574 facerem
831 532 921 574 uuum
946 532 983 573 ex
1011 511 1050 574 12
1076 513 1253 594 aequalibus
1277 512 1384 586 cubis,
1418 511 1527 574 cubum

159 608 243 670 cubis
268 624 398 686 aequare
421 624 478 666 uon
503 623 634 683 possum.
678 600 912 664 Consideremus
937 621 1041 663 casum
1066 602 1095 662 in
1120 603 1248 664 cossica.
1286 600 1406 662 Jubear
1430 618 1526 681 quae·

159 715 224 760 rere
248 693 268 758 2
292 695 408 756 medias
431 693 571 755 continue
585 691 826 771 proportionales
851 691 930 751 inter·
954 689 973 752 2
999 700 1031 750 et
1054 687 1252 753 3extremas.
1293 688 1431 769 Oportet
1454 707 1527 768 ergo

158 786 238 847 tales
262 785 338 846 duas
361 782 505 853 invenire,
529 791 572 852 ut,
596 781 666 860 quia
689 776 784 841 2><3
803 773 886 852 =6,
912 779 1009 840 altera
1033 779 1061 839 in
1087 781 1215 840 alteram
1239 780 1346 841 itidem
1362 777 1461 839 faciat
1484 775 1526 851 o;

160 882 192 936 et
214 882 248 936 ut
269 872 351 953 prior
373 871 491 932 illarum
525 888 591 930 cum
620 866 640 931 3
663 877 781 929 tanturn
808 868 915 943 saciat,
950 875 1092 946 quantum
1122 869 1301 947 quadratum
1330 866 1527 945 posterioria

74 1012 76 1016 Α
119 1023 126 1034 ,
160 963 270 1036 tertio,
309 968 343 1020 ut
375 960 450 1020 haec
483 977 549 1019 curu
581 956 601 1019 2
635 965 753 1020 tanturn
792 957 886 1017 faciat
919 965 1064 1036 quantum
1103 957 1284 1036 quadratum
1316 955 1428 1034 prioris
1464 956 1527 1037 (xp

163 1119 201 1149 =
215 1089 235 1156 6
241 1112 251 1169 ;
276 1090 326 1155 31
338 1117 376 1146 =
389 1086 439 1173 y²;
464 1087 505 1172 ty
518 1114 556 1142 =
568 1084 619 1162 x²;
643 1109 663 1149 x
676 1113 715 1142 =
734 1040 840 1162 list).
878 1088 993 1151 Jubear
1016 1090 1107 1170 igitur
1128 1108 1272 1171 quaerere
1288 1086 1424 1150 radicem
1439 1085 1526 1148 cubi-

161 1202 228 1247 oam
251 1182 287 1242 de
315 1178 364 1255 12,
389 1179 466 1259 quod
491 1179 554 1240 fieri
574 1197 631 1238 uon
655 1185 773 1257 potest;
811 1178 1001 1239 arithmetice
1024 1199 1097 1252 non,
1133 1181 1187 1240 hoc
1213 1178 1292 1240 euim
1323 1183 1374 1238 est
1399 1175 1428 1236 iu
1453 1193 1552 1268 con-¹

60 1293 65 1300 ’
162 1272 260 1344 sesso;
303 1268 486 1349 geometrice
510 1287 585 1340 nou,
621 1266 788 1345 quianon,
819 1268 899 1328 sicut
924 1267 961 1328 ad
987 1268 1142 1346 quodlibet
1165 1266 1309 1341 solidum,
1349 1264 1434 1325 latus
1459 1262 1527 1325 cubi

162 1360 287 1440 aequale
312 1357 456 1420 constitui
479 1363 592 1434 potest.
639 1355 758 1415 Dantur
783 1355 861 1415 enim
887 1355 934 1417 hic
963 1353 1002 1416 12
1023 1356 1099 1429 cubi,
1125 1375 1247 1436 quornm
1272 1354 1463 1432 singulorum
1478 1353 1525 1414 la·

161 1457 212 1511 tus
236 1456 284 1509 est
311 1445 338 1508 1.
387 1444 421 1506 Si
446 1446 577 1505 iacerem
601 1462 639 1503 ex
666 1440 705 1504 ‘12
729 1443 906 1522 aequalibus
930 1444 1015 1505 cubis
1030 1464 1118 1505 uuum
1135 1438 1250 1518 cubum,
1276 1443 1349 1516 scio,
1376 1459 1424 1501 me
1450 1443 1526 1503 duas

164 1536 280 1599 medias
303 1531 546 1613 proportionales
571 1533 727 1593 facturum.
774 1531 816 1592 Et
840 1542 948 1594 natura
972 1532 1039 1610 ipsa
1067 1534 1143 1594 daus
1168 1542 1200 1595 et
1225 1531 1395 1594 concedens
1419 1531 1527 1593 cubum

165 1625 248 1687 cubis
275 1621 314 1685 12
340 1623 505 1702 aequalem,
532 1619 668 1681 admittit
691 1630 723 1681 et
746 1619 766 1682 2
795 1621 933 1682 continue
956 1623 1212 1701 proportionales;
1247 1622 1317 1682 illae
1342 1628 1447 1681 tamen
1471 1638 1525 1680 ue·

164 1713 306 1787 sciuntur,
332 1710 506 1792 quantisper
530 1708 633 1788 nequit
657 1708 695 1769 ab
720 1709 874 1770 intellectu
900 1719 1004 1771 nostro
1028 1711 1091 1772 fieri
1115 1711 1208 1772 cubus
1233 1709 1317 1772 cubis
1345 1705 1385 1769 12
1411 1727 1526 1789 aeque·

164 1802 211 1877 lis,
236 1802 283 1862 vel
299 1798 447 1880 quotlibet
462 1798 538 1860 aliis.
578 1799 612 1859 lu
627 1797 683 1857 hoc
703 1816 774 1878 ergo
789 1798 948 1859 discrimen
969 1807 1024 1872 est,
1051 1800 1130 1878 quod
1145 1800 1322 1879 quadratum
1344 1797 1464 1858 duobus
1478 1793 1527 1857 vel

163 1890 313 1972 quotlibet
346 1888 413 1949 aliis
442 1888 566 1966 aequale
597 1887 696 1948 iacere
726 1905 864 1965 possum,
899 1888 1006 1948 cubum
1036 1889 1120 1954 cubis
1152 1907 1281 1968 aequare
1307 1905 1367 1947 nou
1391 1903 1526 1964 possum.

163 1978 241 2060 quod
260 1978 324 2057 jam
348 1977 462 2056 pridem
485 1976 590 2055 probo.
637 1974 704 2036 Hoc
735 1975 885 2055 interjeoi,
920 1995 966 2035 me
997 1977 1094 2054 ipsum
1124 1996 1267 2040 exercens
1299 1973 1525 2036 inscribendo.

162 2066 276 2129 Restat
300 2065 370 2127 mihi
394 2064 531 2144 probare,
558 2082 593 2122 ue
619 2064 768 2142 quadrata
791 2064 911 2143 quidem
935 2064 1039 2126 talium
1064 2065 1188 2126 duarum
1208 2064 1397 2144 sciriposse.
1438 2060 1526 2134 Qua·

162 2156 252 2217 drata
275 2152 494 2233 incognitarum
517 2170 628 2231 quaero
650 2171 704 2231 per
719 2153 944 2231 proportionem
959 2154 1130 2232 planorum,
1156 2154 1226 2233 quia
1249 2152 1322 2226 scio,
1348 2150 1429 2232 quod
1453 2168 1527 2230 pro-

161 2243 260 2325 portio
284 2243 439 2322 planorum
471 2241 562 2320 dupla
592 2240 633 2301 sit
656 2241 858 2320 proportionis
884 2242 1038 2303 linearum.
1087 2242 1129 2304 Ut
1153 2242 1232 2304 sicut
1255 2242 1354 2321 prima
1377 2249 1453 2301 uota
1477 2241 1526 2314 (a)

161 2332 201 2393 ad
220 2331 343 2417 tertiam
363 2332 419 2404 (c),
444 2328 487 2390 sic
507 2329 685 2408 quadratum
700 2330 928 2408 praecognitum
944 2324 1009 2404 (ai)
1030 2331 1067 2391 ad
1085 2331 1262 2410 quadratum
1278 2329 1431 2391 secundae
1447 2323 1525 2403 (δ’).

160 2420 204 2482 Et
227 2419 347 2481 sicutb
376 2419 414 2479 ad
445 2418 464 2478 d
493 2418 536 2479 sic
567 2411 604 2478 h²
632 2417 669 2477 ad
694 2412 737 2479 0².
786 2418 883 2479 Vides
907 2419 1012 2498 igitur,
1046 2439 1081 2479 eo
1107 2418 1171 2498 ipso
1197 2421 1275 2500 quod
1299 2418 1420 2480 mediae
1445 2425 1524 2490 suut,

160 2527 332 2571 mensuram
365 2507 577 2586 quadratorum
610 2506 674 2566 fieri
710 2507 807 2567 lineas
840 2507 1008 2586 incognitas
1042 2507 1140 2585 ipsas,
1180 2528 1256 2588 quae
1290 2507 1523 2588 quaerebantur.

158 2596 239 2662 Nam
263 2596 333 2676 quia
356 2596 478 2674 duplaru
501 2595 730 2674 proportionem
755 2596 820 2674 ejus
836 2595 990 2666 habemus,
1016 2597 1068 2657 illa
1093 2597 1182 2658 aliter
1206 2599 1234 2658 iu
1259 2593 1280 2658 4
1305 2595 1444 2656 terminis
1468 2613 1524 2655 ne·

160 2687 225 2766 quit
257 2684 360 2746 haberi
393 2704 481 2763 quam
514 2693 548 2745 ut
580 2704 598 2743 a
626 2684 665 2744 ad
694 2704 709 2743 o
739 2684 782 2744 sic
811 2680 847 2744 a²
866 2685 905 2745 ad
934 2681 980 2759 b²,
1015 2692 1047 2745 et
1073 2693 1107 2745 ut
1131 2686 1149 2747 b
1173 2686 1255 2747 add
1288 2685 1330 2745 sic
1355 2678 1393 2745 b²
1417 2683 1458 2745 ad
1480 2676 1524 2745 οἵ·

159 2774 203 2836 Et
234 2772 264 2834 iu
288 2773 472 2834 universum:
511 2772 677 2852 quicunque
712 2773 791 2833 modi
826 2782 895 2834 sunt
927 2773 1129 2851 investigandi
1163 2775 1256 2853 plana
1284 2767 1313 2834 in
1343 2768 1524 2834 Sterminis

161 2861 301 2924 contiuuo
331 2861 621 2941 proportionalibus,
656 2879 759 2922 omues
789 2871 912 2923 cessant
945 2871 977 2923 et
1000 2861 1075 2923 irriti
1100 2872 1171 2924 sunt
1202 2863 1231 2924 in
1261 2858 1458 2935 herminis,
1491 2878 1526 2921 eo

160 2952 242 3032 ipso,
277 2951 353 3030 quod
379 2958 426 3012 ter
449 2969 506 3011 uon
532 2958 579 3010 est
603 2959 718 3029 quater.
766 2950 842 3011 Esto
872 2951 965 3026 enirn,
998 2959 1030 3012 ut
1061 2951 1126 3030 quis
1156 2959 1259 3031 putet,
1293 2969 1350 3010 uon
1376 2950 1526 3030 quadrata

160 3039 275 3120 prima,
309 3040 363 3100 sed
392 3039 524 3100 secunda
552 3057 619 3098 esse
650 3038 778 3101 invicem
808 3048 841 3100 ut
871 3059 1010 3101 uumerus
1040 3040 1079 3100 ad
1111 3059 1266 3102 numerum
1300 3041 1350 3111 (ut
1378 3039 1404 3101 si
1434 3036 1455 3100 2
1484 3037 1525 3098 sit

160 3128 266 3199 radix,
292 3124 364 3189 2.2
380 3123 451 3188 :d
475 3134 524 3188 est
547 3127 725 3206 quadratum
748 3127 891 3206 primurn,
921 3125 1045 3191 ld:
1062 3123 1101 3190 16
1126 3129 1320 3202 secundum),
1350 3135 1422 3189 tuuc
1453 3145 1524 3206 ergo

162 3225 195 3278 ut
226 3215 325 3295 prima
358 3235 396 3275 ex
428 3215 702 3294 proportionalibus
736 3217 875 3277 continue
912 3218 950 3278 ad
983 3217 1134 3297 quintam,
1169 3218 1215 3291 sic,
1245 3217 1427 3298 quadratum
1458 3215 1523 3294 pri·

164 3324 231 3366 mae
256 3304 296 3365 ad
321 3304 500 3385 quadratum
524 3305 672 3366 secundae
682 3322 692 3378 ;
722 3305 775 3365 scd
805 3305 909 3385 quinta
938 3314 986 3367 est
1010 3326 1068 3367 uua
1092 3326 1129 3366 ex
1153 3306 1258 3368 mediis
1282 3307 1362 3368 iuter
1380 3313 1525 3385 ,quartam

161 3402 192 3456 et
216 3393 376 3472 septimam
400 3394 432 3467 [a
442 3392 503 3467 (2),
529 3393 557 3468 b,
583 3413 609 3467 c,
634 3389 725 3467 d(3),
751 3413 776 3465 e,
802 3394 867 3473 f,g,
893 3414 964 3473 ergo
985 3395 1130 3474 septimus
1151 3390 1233 3478 ΔΓΜ,
1264 3395 1335 3475 quia
1357 3395 1523 3475 biquadra-

162 3491 259 3544 torum
284 3481 361 3544 ratio
378 3483 544 3562 quadrupla
567 3489 616 3543 est
630 3481 755 3543 rationis
772 3484 897 3545 laterum
923 3492 962 3559 et,
989 3492 1021 3545 ut
1036 3484 1115 3546 ratio
1140 3505 1158 3546 a
1183 3486 1220 3547 ad
1246 3505 1261 3545 e
1286 3484 1330 3546 sio
1355 3476 1391 3546 a‘
1415 3481 1456 3545 ad
1477 3475 1522 3544 b‘.

162 3570 197 3633 Si
221 3589 291 3650 ergo
317 3570 497 3649 biquadrata
522 3564 557 3631 a*
580 3581 611 3631 et
635 3564 671 3631 b*
694 3579 772 3645 suut,
799 3579 832 3633 ut
855 3572 920 3634 vult
943 3572 1084 3651 objectio,
1110 3574 1167 3634 duo
1188 3574 1311 3648 numeri,
1337 3581 1427 3635 erunt
1450 3594 1469 3632 a
1493 3580 1523 3632 et

161 3659 306 3721 nitidem
329 3660 454 3721 numeri.
503 3659 609 3721 Sede
643 3678 699 3720 uon
726 3669 774 3720 est
798 3679 951 3729 numerus,
988 3661 1058 3740 quia
1081 3659 1100 3724 3
1126 3662 1164 3723 ad
1188 3659 1249 3746 d'J,
1279 3681 1338 3723 nou
1366 3669 1401 3723 ut
1430 3661 1522 3724 cubus

162 3749 201 3809 ad
225 3748 350 3822 cubum;
383 3748 416 3822 b,
442 3768 457 3808 c
481 3767 538 3810 nou
564 3756 634 3809 suut
657 3748 784 3823 numeri,
811 3768 877 3810 cum
902 3771 934 3824 a,
962 3751 980 3811 d
1005 3751 1071 3810 cubi
1095 3769 1155 3811 uon
1180 3751 1255 3824 sint;
1287 3751 1422 3830 ipsorum
1446 3770 1522 3831 qua-

161 3836 251 3900 drata
274 3837 365 3898 etiam
389 3855 446 3897 non
462 3845 533 3897 sunt
556 3836 679 3908 numeri,
704 3837 774 3916 quia
798 3837 842 3899 sic
868 3837 896 3912 b,
923 3859 937 3899 c
962 3839 1018 3917 ipsi
1045 3840 1156 3901 suerint
1178 3839 1303 3914 numeri,
1328 3859 1397 3902 cum
1421 3847 1523 3902 tamen

105 3952 108 3956 ·
161 3927 190 4001 d,
208 3945 235 4005 ·g
259 3943 317 3986 uon
342 3935 412 3987 suut
436 3925 542 3987 cubici.
590 3926 655 3987 Soli
680 3926 747 3987 cubi
772 3927 808 3987 de
832 3926 861 3998 b,
885 3947 900 3987 c
925 3936 994 3988 suut
1018 3927 1141 4003 numeri,
1168 3929 1238 4009 quia
1252 3927 1353 3990 media
1376 3929 1436 3990 duo
1450 3946 1520 4008 pro-

160 4014 342 4093 portioualia
375 4014 454 4076 inter
486 4011 506 4076 2
539 4013 577 4074 ad
611 4015 736 4076 invicem
779 4015 871 4076 cubos
905 4015 972 4095 ipsa
1006 4016 1125 4096 quidem
1158 4017 1270 4079 numeri
1301 4036 1369 4079 esse
1400 4017 1521 4080 debent.

162 4101 281 4164 Scimus
307 4121 387 4182 ergo,
414 4104 492 4183 quod
517 4103 534 4163 b
560 4102 601 4164 sit
624 4103 709 4164 radix
730 4104 835 4165 cubica
859 4105 895 4164 de
915 4103 962 4180 12,
989 4126 1004 4165 c
1028 4105 1114 4166 radix
1139 4107 1245 4168 cubica
1264 4107 1300 4167 de
1324 4103 1380 4180 183
1406 4106 1438 4168 id
1453 4124 1522 4166 vero

162 4198 210 4252 est
233 4191 358 4252 nescire.
406 4193 452 4253 Ac
477 4210 543 4253 cum
568 4210 626 4252 uon
652 4192 712 4252 siut
735 4193 821 4270 plura
845 4193 1025 4272 quantitatis
1049 4213 1176 4272 genera,
1201 4195 1258 4257 nisi
1282 4216 1319 4257 ex
1343 4195 1392 4257 his
1416 4195 1521 4267 mixta,

162 4279 316 4353 concludo,
342 4280 451 4343 nesciri
476 4280 584 4343 debere
609 4280 717 4353 omnia,
743 4300 820 4360 quae
844 4290 915 4342 suut
935 4283 1058 4343 duarum
1073 4284 1237 4345 mediarum
1263 4283 1435 4358 (continue)
1451 4303 1521 4364 pro-

161 4366 389 4450 portionalium,
415 4378 536 4449 praeter
560 4369 667 4444 cubos,
699 4388 808 4450 eosque
833 4372 950 4432 nomine
975 4379 1102 4433 tantum.
1150 4371 1266 4434 Latent
1289 4373 1380 4436 eain
1405 4375 1522 4439 ratione

160 4456 319 4519 infinitatis
343 4457 427 4519 etin
451 4477 488 4519 ea
511 4477 596 4520 suam
620 4458 733 4520 babent
756 4458 984 4521 subsistentiam
992 4480 1000 4534 ;
1026 4479 1083 4539 quo
1107 4461 1205 4541 magis
1225 4462 1345 4538 mirum,
1365 4463 1523 4529 terminari

162 4545 275 4628 aliquid
304 4566 323 4606 a
351 4565 410 4608 uon
435 4547 606 4635 terminato.
654 4545 759 4629 ltaque
783 4548 928 4628 ignoratis
952 4549 1119 4610 rationibus
1143 4551 1316 4631 septanguli
1345 4552 1446 4639 fugiet
1467 4555 1522 4618 hoc

160 4634 348 4698 intellectum
378 4645 526 4711 nostrum,
561 4655 653 4718 quare
677 4645 709 4698 et
732 4636 918 4699 intellectum
947 4645 1073 4700 naturae
1107 4639 1188 4712 (dico
1213 4640 1295 4702 illam
1318 4640 1381 4703 vim
1405 4644 1521 4706 auimo·

69 4752 73 4757 ·
162 4739 227 4786 rum
250 4732 283 4786 et
302 4725 473 4804 formarum,
500 4744 560 4808 qua
582 4743 701 4788 suorum
725 4744 881 4806 corporum
903 4727 1037 4789 membra
1060 4745 1178 4809 semper
1201 4729 1307 4793 eodem
1330 4732 1421 4796 modo
1445 4734 1521 4816 figu-
