3366 5482
700 282 732 331 n
750 282 822 331 mou·
841 282 1004 349 astrologicis.
1467 290 1531 353 353

157 442 299 525 planetas
324 442 365 502 ad
389 448 497 502 ortum
520 442 568 503 rel
591 458 732 501 occasum
756 440 926 521 dirigendos
949 459 1004 520 por
1020 462 1092 505 suas
1117 444 1302 519 latitudines,
1329 449 1530 511 consideratis

160 620 236 681 alios
261 619 493 697 significatores
518 618 644 689 attinet,
673 624 707 677 ut
730 618 860 690 Lunam,
889 618 955 697 jam
985 620 1067 679 aliud
1096 639 1133 681 en
1157 620 1398 697 Repiornontano
1423 626 1527 685 dicen-

161 710 245 780 dum,
271 706 356 768 aliud
381 706 469 769 milri.
509 704 767 785 Regiomontanus
791 726 844 787 per
859 706 1102 785 significatorum,
1128 710 1245 787 quando
1261 710 1287 769 is
1311 710 1403 771 habet
1421 714 1526 773 latitu-

160 798 279 867 dinem,
314 795 401 857 ducit
424 795 571 857 circulum
593 794 767 874 positionis,
801 814 925 875 eumque
949 796 1089 857 circulum
1113 798 1230 858 omnino
1255 802 1464 861 accommodat
1488 802 1527 861 ad

164 884 382 965 significatoris
417 883 620 945 latitudinem.
667 883 741 943 lnde
774 884 985 963 promissorem
1019 886 1057 946 ad
1090 886 1167 947 huno
1195 886 1334 947 circulum
1365 889 1525 966 positionis

160 974 286 1035 adducit
309 992 416 1033 rursus
439 990 497 1051 per
520 992 605 1033 suam
628 972 820 1051 promissoris
845 974 996 1052 propriam
1021 974 1218 1047 latitudinem,
1244 976 1417 1038 considerat
1436 978 1525 1047 cninr,

159 1082 225 1125 cum
250 1081 312 1145 qno
336 1060 435 1140 gradu
466 1060 584 1122 zodiaci
613 1060 779 1140 promissor
802 1062 905 1122 veniat
934 1062 961 1123 in
991 1062 1068 1123 hunc
1099 1063 1241 1124 circulum
1265 1066 1434 1143 positionis.
1483 1066 1524 1125 lIt

160 1154 214 1213 hoc
243 1153 284 1213 de
309 1169 437 1230 corpore
468 1149 676 1228 promissoris,
709 1150 757 1210 vel
781 1150 845 1229 ejns
869 1152 1009 1229 opposito
1033 1152 1132 1223 raclio,
1167 1153 1215 1231 qui
1249 1164 1389 1215 censetor
1415 1154 1525 1215 lrabcro

160 1241 355 1303 latitudinem
378 1240 552 1319 oppositam
575 1238 653 1299 citra
675 1240 922 1300 controversiam.
969 1238 1036 1319 Ego
1066 1259 1137 1300 vero
1165 1242 1285 1319 qnando
1310 1243 1427 1303 invenio
1461 1244 1523 1303 Ln-

159 1350 227 1391 uam
253 1328 507 1408 significatricem
540 1325 568 1387 in
592 1328 812 1405 septentrione,
846 1328 975 1389 Martem
999 1328 1211 1407 promissorem
1232 1340 1331 1390 autem
1357 1330 1386 1390 in
1411 1340 1523 1406 austro,

159 1420 223 1481 dico
248 1418 453 1479 directionem
484 1434 553 1477 esse
585 1416 717 1489 tatuam;
751 1416 847 1495 dirigo
876 1416 984 1495 qnippe
1013 1437 1069 1477 non
1099 1435 1152 1495 per
1185 1417 1313 1479 circulos
1341 1419 1524 1497 positionum

159 1520 357 1569 transeuntes
380 1524 437 1585 per
459 1504 692 1583 significatorem
717 1505 773 1565 nisi
798 1506 826 1565 in
850 1504 1002 1565 horizonte
1027 1504 1246 1577 etrneridiano,
1271 1506 1318 1585 qui
1344 1508 1401 1584 ipsi
1426 1509 1522 1587 signi-

158 1598 298 1659 ficatures
323 1608 413 1667 sunt;
443 1607 476 1653 et
497 1607 569 1671 puto
593 1593 652 1653 sim
673 1593 860 1673 significandi
884 1593 982 1653 inesse
1007 1594 1080 1654 solis
1104 1594 1277 1671 corporibus
1298 1594 1379 1656 Solis
1404 1604 1435 1657 et
1460 1598 1522 1657 lu-

158 1704 223 1747 nae.
270 1682 537 1763 Regionrontanus
561 1700 632 1743 sero
656 1682 795 1744 diffundit
814 1682 892 1743 hano
915 1681 975 1743 vim
997 1700 1052 1761 per
1069 1682 1210 1744 circulum
1225 1682 1393 1761 positionis,
1419 1693 1520 1745 trans-

163 1785 280 1834 euntem
300 1790 357 1851 per
380 1772 458 1832 haec
483 1788 620 1849 corpora.

250 1860 321 1921 Jarn
343 1858 426 1939 qnod
450 1859 563 1920 attinet
584 1868 727 1938 aspectus
750 1858 974 1939 promissorum,
999 1860 1107 1937 triplex
1132 1867 1180 1919 est
1195 1859 1300 1919 modus
1324 1859 1521 1921 consideran-

163 1950 216 2011 dae
238 1948 422 2011 latitudinis.
468 1950 534 2008 Aut
556 1948 634 2009 enirn
656 1948 786 2009 circulus
800 1966 926 2027 magnus
950 1955 1053 2029 potest
1076 1947 1206 2007 transire
1221 1966 1275 2025 per
1289 1948 1521 2025 significatorcm

163 2050 189 2100 et
210 2038 440 2118 promissorem,
471 2046 503 2097 et
527 2036 556 2095 in
579 2055 616 2097 eo
646 2036 768 2098 extendi
793 2046 950 2117 aspectus;
984 2043 1037 2096 aut
1064 2036 1192 2097 circulus
1215 2054 1340 2113 magnus
1369 2038 1520 2098 transiens

165 2148 210 2207 per
230 2126 453 2207 promissorem
477 2138 563 2186 secat
586 2126 756 2205 eclipticam
781 2126 810 2185 in
835 2126 908 2186 locis
928 2146 947 2185 a
970 2125 1151 2205 promissore
1176 2124 1359 2185 distantibus
1384 2127 1521 2205 utrinque

168 2216 328 2296 quadrante
352 2214 537 2293 exhibetque
560 2213 662 2276 radios
686 2223 869 2295 aspectuum.
915 2214 980 2275 Aut
1003 2213 1129 2293 denique
1153 2223 1256 2274 ocntro
1281 2214 1380 2292 posito
1405 2216 1433 2275 in
1449 2234 1518 2275 cor-

167 2322 229 2383 pore
249 2302 451 2384 promissoris
475 2314 507 2363 et
530 2302 739 2381 amplitudine,
765 2313 907 2383 quantam
929 2302 1065 2381 postulat
1079 2312 1231 2382 aspectus,
1256 2302 1403 2363 ducuntur
1417 2303 1521 2364 circuli

171 2410 298 2454 secantes
324 2392 500 2471 eclipticam
536 2403 569 2451 et
600 2392 797 2453 ostendentes
826 2402 968 2471 punctum
991 2390 1164 2469 eclipticas,
1199 2391 1227 2450 iu
1252 2410 1309 2469 quo
1343 2392 1521 2453 terminatur

174 2496 321 2561 repetam
349 2482 448 2561 primo
472 2480 560 2541 modo
584 2498 640 2541 non
660 2480 781 2541 memini
805 2498 980 2560 quemquam
1005 2480 1057 2541 uti.
1104 2478 1147 2540 Et
1171 2488 1269 2539 tamen
1294 2480 1363 2541 milri
1388 2480 1519 2543 nonnihil

176 2570 340 2641 rer'sinilis,
364 2583 438 2629 tunc
462 2570 581 2648 quando
604 2570 790 2648 significator
812 2568 905 2629 habet
929 2568 1128 2641 latitudinem,
1154 2576 1187 2629 ut
1210 2568 1235 2628 si
1257 2568 1343 2629 loona
1366 2570 1406 2629 sit
1420 2570 1517 2647 signi-

179 2658 285 2719 ficauit
333 2656 494 2719 Secundus
519 2658 623 2718 modus
646 2668 695 2719 est
709 2657 952 2737 Regiomontani,
977 2658 1055 2735 apud
1075 2676 1162 2737 quem
1186 2657 1305 2719 sextilis
1328 2676 1446 2739 semper
1461 2660 1517 2719 lra-

181 2745 218 2807 t-:t
239 2746 393 2807 dimidiam
417 2745 588 2807 latitudiuis
611 2748 692 2825 ejus,
715 2766 804 2827 quam
828 2746 921 2807 habet
943 2764 1051 2824 corpus
1074 2746 1281 2825 promissoris,
1309 2746 1404 2807 trinus
1429 2748 1518 2808 dimi-

184 2834 245 2897 d'un
265 2834 435 2897 latitudinis
460 2836 627 2915 oppositae,
652 2836 817 2915 quadratus
837 2835 1026 2896 latitudinem
1043 2835 1165 2895 nullam.
1213 2834 1333 2894 Tertius
1354 2836 1424 2896 rnilri
1444 2856 1516 2915 prn-

184 2922 254 2985 latur
273 2940 359 2995 tunc,
386 2926 506 3003 qnando
530 2924 649 2985 horizon
673 2924 721 2985 rel
745 2924 928 2985 meridianus
956 2932 1005 2983 est
1037 2923 1231 3001 significator.
1278 2922 1340 2983 Sed
1365 2924 1434 2984 milri
1460 2924 1518 3002 ipsi

186 3028 229 3071 tou
247 3012 418 3073 satisfacio:
445 3012 514 3091 quin
537 3014 637 3091 potius
661 3024 732 3073 tunc
756 3014 784 3073 in
810 3011 1067 3091 speculationibus
1090 3010 1223 3092 physicis
1243 3012 1429 3089 suspiciones
1444 3032 1517 3074 con·

188 3098 255 3179 cipio,
283 3102 389 3181 qnasi
420 3118 516 3161 rana
548 3102 598 3163 sit
625 3120 756 3179 magna
782 3120 869 3183 pars
903 3100 1156 3161 directionum.
1203 3098 1335 3159 l’rirnunr
1366 3102 1459 3173 renim,
1493 3101 1518 3162 si

189 3186 255 3249 luna
266 3206 313 3251 eet
327 3190 536 3269 significatrix.
548 3192 703 3269 ‚quomodo
717 3190 746 3251 in
762 3208 798 3251 eo
812 3190 924 3251 circulo
944 3206 1053 3267 magno
1071 3188 1180 3250 dicitur
1193 3189 1294 3248 venire
1309 3189 1348 3249 ad
1363 3200 1518 3268 aspectum

188 3276 314 3353 planetae.
338 3280 370 3339 iu
395 3296 452 3358 quo
475 3298 534 3339 non
558 3280 692 3340 incedit?
717 3280 759 3340 At
780 3280 808 3339 in
824 3279 905 3339 nullo
921 3278 1009 3339 trium
1026 3278 1164 3356 superius
1187 3276 1403 3339 recensitorum
1420 3280 1519 3340 circu-

189 3362 291 3427 lomn'
282 3366 406 3427 recedit.
450 3366 658 3447 resurgitur
679 3368 785 3429 modus
809 3377 934 3447 quartus
959 3366 1122 3446 quaerendi
1147 3366 1224 3426 hunc
1238 3365 1424 3437 orrculrnn
1417 3390 1444 3427 rn
1461 3386 1518 3447 qno

188 3470 305 3533 reptem
329 3456 421 3527 mest,
445 3456 527 3515 eris
550 3458 642 3517 etiarn
665 3457 826 3537 perplexus
849 3469 882 3517 et
900 3456 1069 3535 ambiguus
1117 3454 1278 3515 Ducendus
1299 3456 1408 3535 qnippe
1433 3464 1466 3517 ut
1490 3456 1518 3515 in

188 3544 254 3605 ndo
278 3544 368 3606 sees
402 3546 514 3605 eirtmn
546 3546 758 3625 promissorem
782 3546 924 3619 circulus,
956 3546 1050 3605 donec
1074 3553 1158 3605 secet
1186 3543 1266 3603 siam
1290 3544 1393 3604 lonae
1422 3545 1519 3621 signi-

188 3630 303 3695 lnuiels
328 3634 499 3735 petrinam.
544 3636 641 3713 Atqui
664 3652 812 3736 quaenam
835 3635 910 3695 haec
925 3633 1039 3695 siarum
1053 3632 1174 3733 propria
1190 3632 1314 3693 Lunae?
1360 3633 1427 3694 Non
1444 3633 1518 3694 diri-

189 3720 245 3797 eittr
266 3724 412 3801 [παῖε
413 3722 562 3783 :itinera
584 3724 690 3785 diurna
713 3724 846 3803 propria,
875 3723 930 3783 sed
953 3742 1006 3801 per
1030 3722 1138 3782 itinera
1167 3720 1272 3781 diurna
1296 3720 1388 3783 Solis
1436 3721 1517 3801 lrgo

188 3786 241 3871 irre
262 3832 310 3871 τ·,ι
335 3769 440 3871 Lunae
465 3812 646 3873 assumenda
669 3814 728 3873 erit
752 3811 868 3885 fictitia,
893 3811 918 3873 si
943 3830 1048 3911 nempe
1072 3830 1195 3871 manens
1220 3810 1248 3870 in
1273 3810 1378 3871 eadent
1403 3830 1422 3870 a
1445 3808 1517 3871 Solo

146 3952 152 3969 ,
189 3894 308 3961 danea
333 3918 398 3961 taz
422 3898 496 3961 Sole
519 3902 697 3961 dammim.
744 3902 827 3962 Tunc
855 3918 927 3980 ergo
956 3900 1037 3979 prius
1066 3906 1150 3959 esset
1137 3899 1325 3959 tducendus
1354 3900 1518 3977 parallelus

189 3988 318 4067 edeam
348 4006 404 4067 pe:
428 4008 536 4069 erepta*
564 3990 793 4069 significatoris,
828 3990 934 4050 deinde
958 3996 992 4050 ut
1019 3988 1101 4067 prius
1131 3987 1264 4048 secanda
1288 3988 1361 4047 lracc
1387 3988 1451 4061 ria,
1484 3998 1518 4049 ut

190 4080 258 4137 tetru-
280 4078 376 4139 tm
400 4078 587 4151 esa-esea,
612 4078 661 4139 ubi
683 4080 862 4141 terminatur
892 4088 1046 4158 aspectus.
1092 4076 1186 4157 Atqui
1216 4095 1320 4155 parum
1347 4076 1517 4137 verisimili-

190 4164 274 4227 udas
297 4169 377 4229 inest
401 4168 431 4227 i:
456 4166 515 4227 ’ωε
536 4168 635 4227 msto.
679 4164 780 4237 Quam
803 4168 892 4241 enim,
916 4184 1039 4246 quaeso,
1064 4166 1123 4226 vim
1140 4164 1275 4226 obtineat
1292 4166 1340 4225 via
1357 4166 1515 4243 quaedam,

190 4264 225 4325 itt
245 4276 326 4335 ’,τιτι
348 4256 437 4319 Lm
460 4276 520 4317 ren
544 4256 670 4329 izeedit,
704 4258 758 4317 sed
782 4258 919 4317 incedere
943 4256 1087 4333 lingitur?
1134 4256 1235 4333 dtque
1259 4255 1315 4315 hac
1340 4272 1411 4314 cons
1398 4256 1517 4315 idera-

122 4402 127 4411 ,
189 4338 533 4411 &neumnensium
548 4344 662 4417 Lunae,
686 4344 1155 4425 utsigniticatricisdirigendae,
1180 4354 1352 4423 suspectum
1371 4341 1518 4403 redditur.

122 4424 125 4437 '
189 4422 409 4513 leronem-,2
438 4434 745 4497 hms-rlrrnzontr
760 4434 986 4503 etmrrdrano
1010 4442 1073 4494 tum
1089 4432 1321 4511 innormatum
1336 4432 1518 4509 portionum

188 4514 280 4583 daur
302 4522 503 4591 minat:
470 4540 568 4593 estus,
592 4538 727 4585 autnon
749 4542 840 4603 pose
863 4530 1006 4603 aspertus
1030 4522 1243 4599 promissorum
1264 4540 1331 4578 esse
1347 4519 1518 4598 promisso-

188 4620 229 4679 Μ.
248 4628 298 4673 aut
317 4626 453 4673 nm
476 4612 585 4691 rep-'si
607 4611 751 4713 usurparis
775 4611 944 4691 longissimi
968 4610 1007 4671 ad
1027 4628 1115 4671 unam
1135 4610 1340 4678 directionem,
1367 4608 1425 4665 irno
1441 4625 1518 4685 qua-

187 4690 283 4761 darn
313 4702 534 4771 affirm,
566 4720 619 4763 sea
646 4702 710 4781 ejus
737 4700 932 4763 directionem
955 4698 1074 4763 omnino
1102 4706 1279 4777 perpetuam
1307 4714 1385 4757 esse.
1433 4694 1513 4755 Nam

184 4798 242 4849 ΙΙ
260 4804 292 4851 at
312 4790 393 4851 »a
413 4806 587 4869 pauor
605 4788 721 4909 rad‘np
743 4790 892 4865 sextilem,
921 4788 1103 4871 quadratum
1122 4787 1175 4849 διο.
1199 4784 1312 4849 circulo
1334 4782 1517 4846 circumfun-

235 4890 435 4945 *ῖς-ι
1272 4888 1306 4941 23
