3366 5482
169 250 189 312 2
335 281 337 284 >
757 246 928 321 'Prooemium¹

168 412 216 483 iis,
239 429 314 491 quae
338 410 367 472 in
391 430 445 471 usu
469 419 547 487 sunt,
573 413 701 488 auxiliis,
726 431 803 474 nova
825 424 1019 493 paretarma,
1045 413 1150 493 quibus
1173 433 1207 474 se
1231 412 1365 475 omnibus
1389 409 1516 491 impedi-

168 517 276 578 mentis
301 519 482 596 superiorem
506 519 568 579 fore
588 527 700 598 sperat.
739 517 830 590 Quod
844 520 922 582 idern
938 519 1067 600 Kepleio
1082 520 1216 581 videmus
1231 520 1377 580 evenisse.
1416 517 1518 588 Videt,

168 632 350 703 quantopere
374 633 510 703 praestet
534 622 741 706 Copernicana
764 627 840 687 ratio
865 626 1076 700 Ptolemaicae‚
1102 647 1159 688 non
1182 628 1315 706 ignorat,
1340 644 1428 706 quam
1452 625 1518 685 foe-

167 731 264 792 cunda
287 750 417 792 errorum
441 739 538 792 mater
561 732 602 793 sit
625 733 808 814 astrologia..
838 735 883 795 At
904 734 984 813 illiue
1001 732 1238 813 Coperuicanam
1256 734 1401 794 rationem
1420 732 1516 792 desti·

168 844 264 898 tutam
287 837 370 898 videt
392 838 483 900 certis
508 842 699 918 argumentis,
726 840 793 901 hinc
817 839 1012 918 astrologiam
1033 841 1160 901 omnium
1180 848 1316 900 aetatum
1334 837 1516 899 auctoritate

67 995 69 998 .
167 942 296 1004 defendi.
335 941 417 1012 Quid
440 943 552 1023 igitur?
575 946 672 1019 cedet,
698 946 797 1021 credo,
823 946 867 1008 vir
890 966 1020 1008 summus
1040 955 1205 1027 temporum
1228 964 1383 1026 rerumque
1407 944 1515 1024 iniqui·

166 1050 246 1111 tati?
294 1051 354 1110 lmo
378 1068 448 1111 vero
473 1051 617 1113 fortitudo
641 1052 731 1113 animi
754 1071 811 1113 nou
841 1038 957 1131 defugit
985 1060 1153 1125 certamen,
1184 1053 1337 1131 sagacitas
1365 1051 1517 1113 ministrat

116 1182 120 1188 ’
166 1176 263 1231 arma,
293 1157 445 1219 indelessa
468 1157 616 1220 industria
638 1161 771 1238 miraque
796 1158 967 1220 constantia
990 1160 1028 1218 ad
1052 1178 1133 1233 eum,
1158 1178 1244 1240 quem
1269 1158 1399 1239 quaerit,
1429 1159 1515 1219 linem

165 1264 339 1341 perducunt.
366 1296 407 1305 -
432 1265 646 1345 At‘Keplerus
670 1285 738 1328 num
763 1285 793 1327 re
819 1285 890 1327 vera
918 1267 1019 1339 linem,
1051 1284 1136 1345 quem
1165 1265 1326 1344 quaesivit,
1358 1272 1515 1326 assecutus

166 1370 235 1431 est?
281 1370 458 1431 Mundorum
482 1371 637 1433 harmonia
659 1373 864 1453 praesagienti
889 1372 968 1435 illins
992 1373 1088 1433 auimo
1112 1372 1327 1433 obversabatur
1335 1391 1344 1445 ;
1371 1373 1409 1432 ad
1432 1371 1515 1432 illam

165 1477 403 1555 cognoscendam
429 1477 528 1539 divino
553 1474 816 1561 quodam'impetu
840 1478 996 1558 abreptus,
1029 1496 1196 1558 quanquam
1219 1478 1354 1539 omnibus
1379 1477 1515 1538 fortunae

164 1582 233 1644 telis
256 1583 379 1664 petitus,
404 1585 493 1647 stetit
517 1585 693 1665 impavidus,
719 1605 916 1667 aerumnaque
941 1595 972 1646 et
996 1583 1180 1663 aegritudine
1206 1584 1262 1644 t'uit
1284 1584 1427 1663 superior.
1474 1583 1517 1645 Et

163 1689 275 1751 abillo
301 1690 431 1770 quidem,
462 1693 539 1771 quod
564 1693 744 1772 quaerebat,
775 1692 894 1772 penitus
923 1691 1131 1771 cognoscendo
1160 1711 1248 1770 quam
1272 1697 1363 1772 prope
1387 1691 1514 1757 alluerit.

163 1804 315 1858 testantur
338 1806 400 1861 tres
425 1797 494 1859 illae
519 1799 556 1859 ab
581 1818 615 1859 eo
641 1799 779 1861 inventae
803 1799 884 1879 leges
903 1798 1098 1872 immortales,
1125 1798 1239 1877 quibus,
1264 1807 1297 1859 ut
1312 1798 1514 1870 fundamento,

162 1921 238 1982 quae
262 1912 383 1968 nostrae
408 1905 518 1966 aetatis
548 1915 609 1979 est,
638 1906 764 1986 physica
788 1915 818 1967 et
842 1906 1027 1968 astronomia
1050 1913 1256 1983 superstructa
1278 1914 1334 1966 est.
1364 1936 1403 1946 -
1428 1904 1513 1965 Pro-

161 2008 306 2070 dromus
326 2008 454 2090 quidem,
480 2011 551 2073 licet
569 2011 636 2073 illas
652 2013 737 2092 leges
755 2031 813 2073 non
829 2014 951 2086 referat,
976 2023 1086 2083 tamen,
1109 2012 1179 2090 quid
1193 2011 1270 2072 hunc
1287 2011 1514 2090 ,prodromum“

162 2122 447 2191 secuturumesset,
472 2117 634 2198 Keplerum
658 2119 756 2181 animo
776 2121 841 2199 jam
867 2127 927 2180 turn
951 2128 1143 2198 praeceptum
1162 2118 1312 2192 habuisse,
1338 2119 1426 2180 titulo
1451 2119 1515 2198 ipso

162 2222 285 2285 indicat.
332 2225 401 2304 Ipse
426 2233 526 2286 autern
551 2225 606 2286 hac
631 2225 667 2287 de
692 2246 723 2289 re
747 2227 821 2289 dicit
844 2228 874 2287 in
897 2235 969 2287 nota
993 2227 1032 2287 ad
1056 2227 1174 2288 titulum
1204 2226 1287 2295 libri,
1316 2225 1440 2287 editioni
1464 2245 1543 2285 se·-

161 2329 275 2393 cundae
290 2332 443 2410 praelixa:
470 2332 656 2412 „Postquam
671 2333 709 2393 ad
724 2331 931 2412 philosophiae
946 2331 1075 2392 studium
1091 2332 1216 2403 accessi,
1232 2351 1309 2392 anno
1325 2330 1436 2392 aetatis
1455 2327 1515 2406 18,

161 2456 190 2496 a.
207 2433 262 2498 ch.
282 2433 376 2512 1589,
401 2438 600 2500 versabantur
624 2438 653 2499 in
673 2438 809 2500 manibus
823 2439 992 2518 juventutis
1012 2438 1244 2500 exercitationes
1264 2437 1433 2499 exotericae
1452 2435 1515 2498 Jul.

162 2540 251 2605 Caes.
267 2540 433 2624 Scaligeri:
458 2545 543 2624 cujus
568 2563 623 2624 ego
648 2543 715 2605 libri
738 2543 896 2605 occasione
921 2544 1004 2624 coepi
1029 2542 1198 2605 successive
1223 2543 1308 2604 varia
1330 2542 1514 2605 comminisci

110 2693 112 2703 ,
161 2650 198 2712 de
221 2650 314 2713 variis
337 2651 573 2731 quaestionibus,
598 2659 632 2712 ut
655 2650 691 2711 de
716 2650 810 2723 coelo,
836 2651 872 2711 de
897 2650 1013 2723 animis,
1039 2650 1075 2711 de
1099 2650 1204 2730 geniis,
1230 2651 1266 2712 de
1287 2651 1453 2723 elementis,
1479 2650 1515 2710 de

161 2756 239 2836 ignis
259 2750 375 2832 natura}
402 2759 438 2819 de
463 2758 589 2819 fontium
613 2757 737 2837 origine,
763 2758 899 2820 defluxu
922 2765 953 2818 et
977 2759 1088 2818 refluxu
1112 2757 1213 2831 maris,
1238 2757 1275 2817 de
1299 2758 1392 2836 ligura
1415 2758 1515 2818 conti-

99 2870 103 2876 ’
160 2862 292 2925 nentium
320 2874 467 2925 terrarum
499 2864 767 2944 interfusoruruque
792 2865 916 2926 marium
941 2873 972 2926 et
995 2863 1113 2925 similia.
1156 2863 1269 2925 Verum
1293 2882 1358 2925 curn
1383 2864 1515 2925 inventio

159 2969 221 3033 ista
243 2971 446 3051 proportionis
470 2971 585 3035 orbium
608 2971 784 3060 coelestium
807 2971 879 3034 mihi
902 2971 1053 3033 videretur
1076 2971 1195 3040 eximia,
1220 2990 1277 3032 non
1298 2972 1515 3051 expectandum

72 3104 76 3112 ¹
158 3076 231 3138 mihi
254 3096 320 3139 sum
343 3087 441 3154 ratus,
466 3077 559 3139 donec
584 3097 687 3140 omnes
711 3086 837 3140 naturae
860 3085 963 3158 partes
986 3096 1184 3158 pervagarer‚
1208 3097 1261 3140 uec
1284 3078 1340 3140 hoc
1364 3078 1515 3140 inventum

158 3183 255 3246 obiter
279 3184 494 3264 evulgandum,
520 3185 688 3264 conjectum
713 3185 741 3247 in
765 3183 912 3247 cumulum
932 3185 1138 3265 quaestionum
1164 3194 1339 3261 ceterarum,
1363 3185 1422 3247 levi
1438 3205 1514 3265 qua-

160 3291 230 3352 dam
253 3291 468 3372 probabilitate
492 3292 650 3365 utentium.
698 3290 778 3363 Quin
800 3293 901 3372 potius
924 3293 963 3353 ab
986 3292 1074 3372 hujus
1102 3291 1216 3354 inventi
1246 3293 1375 3355 editione
1398 3293 1515 3355 initium

161 3398 406 3460 dissertationum
437 3417 569 3460 mearum
601 3400 700 3461 iacere
731 3399 864 3479 placuit:
899 3418 1048 3479 aususque
1078 3419 1143 3460 sum
1171 3401 1200 3461 in
1229 3400 1364 3462 omuibus
1392 3400 1515 3481 reliquis

159 3505 387 3586 quaestiouibus
412 3505 538 3568 similem
562 3525 683 3585 sperare
707 3525 897 3567 successum:
923 3506 977 3566 sed
1001 3507 1123 3580 frustra,
1148 3508 1263 3568 coelum
1288 3507 1375 3582 enim,
1399 3508 1514 3590 princi-

158 3613 240 3693 pium
258 3631 382 3692 operum
400 3612 467 3683 Dei,
492 3614 580 3693 longe
600 3613 852 3693 praestantiorem
876 3621 1012 3673 ornatum
1035 3612 1136 3687 habet,
1161 3632 1249 3692 quam
1265 3613 1379 3693 reliqua
1400 3614 1516 3676 minuta

159 3726 190 3780 et
204 3719 286 3781 vilia.
320 3720 427 3800 ltaque
447 3721 659 3801 prodromus
678 3718 797 3800 quidem
812 3720 950 3799 egregius
966 3719 1042 3780 fuit:
1067 3718 1272 3798 epidromus
1291 3739 1372 3794 vero,
1397 3721 1514 3800 qualem

160 3844 215 3904 ego
239 3835 310 3919 tunc
333 3845 556 3907 proposueram,
580 3826 679 3887 nullus
703 3834 751 3886 est
769 3833 906 3887 secutus:
932 3826 1001 3906 quia
1024 3825 1053 3885 in
1073 3825 1196 3905 reliquis
1216 3826 1438 3904 quaestionibus
1459 3848 1514 3889 ue-

159 3950 308 4012 quaquam
336 3932 407 3994 mihi
436 3951 530 4013 aequo
559 3931 793 3994 satisfaciebam.
841 3932 951 3993 Lector
980 3939 1079 3994 tamen
1109 3950 1200 4010 opera
1223 3951 1290 3994 mea
1313 3937 1515 3998 astronomica

158 4045 190 4100 et
219 4037 352 4119 inprimis
382 4039 474 4102 libros
498 4038 759 4112 Harmonicorum‚
791 4057 844 4118 pro
868 4037 995 4118 genuino
1024 4048 1055 4100 et
1083 4038 1201 4117 proprio
1225 4040 1378 4118 epidromo
1402 4042 1513 4106 habere

157 4147 271 4227 poterit
294 4147 382 4227 hujus
408 4147 518 4221 libelli;
543 4147 611 4227 quia
634 4147 739 4208 eadem
765 4144 900 4226 utrinque
923 4147 974 4208 via
996 4145 1138 4209 curritur:
1163 4164 1297 4226 quaeque
1321 4156 1392 4209 tunc
1415 4149 1512 4231 impe-

158 4257 223 4320 dita
242 4257 318 4319 satis
343 4266 417 4331 erat,
444 4257 527 4318 facta
549 4274 625 4315 nunc
649 4263 698 4316 est
721 4253 888 4328 tritissima,
910 4262 942 4315 et
957 4273 1033 4335 quae
1053 4261 1122 4313 tunc
1138 4252 1237 4314 brevis
1256 4273 1311 4316 nec
1331 4255 1370 4317 ad
1389 4272 1512 4336 scopum

160 4364 345 4445 pertingens,
369 4365 423 4426 illa
446 4376 477 4425 et
500 4362 691 4424 continuatur
715 4363 744 4422 in
758 4361 958 4437 Harmonicis,
983 4368 1015 4421 et
1037 4378 1138 4420 currus
1162 4359 1242 4422 circa
1265 4369 1377 4423 metam
1401 4364 1510 4442 agitur.

158 4471 242 4533 Talis
258 4471 315 4533 fuit
330 4472 515 4550 prodromus,
540 4469 694 4548 navigatio
714 4469 811 4550 prima
825 4468 957 4530 Americi
974 4465 1128 4545 Vespucii,
1152 4467 1230 4529 tales
1255 4468 1397 4548 epidromi
1420 4473 1510 4533 navi-

158 4579 297 4660 gationes
321 4576 484 4638 hodiernae
508 4596 623 4638 annuae
647 4575 676 4636 in
701 4575 903 4637 Ame1·icam.“

244 4685 292 4747 De
308 4684 395 4746 titulo
415 4682 614 4763 „Mysterinm
629 4680 934 4762 Cosmographicum“
956 4681 1029 4742 haec
1043 4681 1147 4743 eodem
1162 4682 1227 4744 loco
1244 4682 1348 4745 addit:
1374 4683 1512 4759 „Extant

157 4794 238 4874 apud
263 4792 432 4856 Germanos
455 4789 717 4870 cosmographiae,
748 4788 896 4848 Moustori
925 4787 1122 4869 aliorumque,
1154 4789 1203 4852 ubi
1232 4790 1268 4852 de
1295 4798 1362 4853 toto
1390 4793 1509 4873 quidem
