3366 5482
159 282 202 349 52
752 254 914 334 roseum

159 441 328 514 mutandus.
375 436 455 510 Quia
477 439 569 518 igitur
591 434 704 502 certum
726 460 819 521 penes
847 459 901 502 vos
937 440 1055 502 minime
1085 448 1165 514 erat,
1195 438 1438 501 inveteraturane
1470 434 1511 496 sit

158 530 235 593 haec
258 527 385 591 mutatio
409 545 464 589 neo
486 546 534 602 ne,
558 527 632 589 nihil
654 528 702 591 hic
725 538 847 604 temere,
868 529 944 591 nibil
963 549 1042 590 vana
1061 526 1189 610 quadam
1207 526 1417 611 desperatione
1440 542 1509 587 cor-

159 617 353 701 rumpendum
376 634 444 677 esse
467 616 632 696 putabatis,
657 619 735 697 quod
759 618 899 700 nequiret}
916 618 945 680 in
965 609 1117 699 posterum
1131 617 1262 680 restitui.
1290 615 1428 696 Denique
1442 631 1508 675 mo·

160 707 290 782 oebatis,
316 712 455 767 eventum
478 704 671 784 profectionis
695 726 780 769 meae
802 708 832 768 in
855 708 968 769 incerto
993 725 1070 777 esse,
1094 707 1216 788 fierique
1238 724 1342 786 posse,
1368 713 1401 765 ut
1424 699 1508 764 cua-

161 797 266 881 rybdin
285 795 385 856 vitans
408 793 438 855 in
459 791 593 874 Scyllam
612 793 749 857 incidam.
784 797 826 858 Et
839 797 913 859 haec
929 797 1047 877 quidem
1067 801 1321 876 argumentatum
1335 793 1508 855 valuerunt:

155 888 221 968 jam
242 892 404 967 postquam
425 901 465 951 ‚ex
487 871 544 942 lrac
568 902 667 947 annua
696 884 788 947 veluti
822 885 891 948 crisi
923 886 960 947 de
993 885 1145 949 turbamm
1176 884 1281 947 harum
1308 883 1391 946 exitu
1414 882 1510 964 deque

98 1035 102 1044 ,
161 974 295 1039 venturis
318 970 502 1052 temporibus
521 970 666 1050 judicium
685 973 784 1034 facere
803 974 911 1037 didicit
935 974 1173 1055 respondendnm
1191 981 1240 1036 eat
1257 971 1371 1053 aliquid
1390 971 1429 1034 ad
1452 986 1508 1049 op·

161 1065 279 1147 positas
302 1062 445 1144 rationes.
485 1057 573 1131 Quod
597 1061 712 1141 quidem
737 1063 853 1138 faciam,
880 1083 1003 1126 exorsus
1027 1065 1064 1125 ab
1084 1063 1198 1126 ultima.
1238 1060 1439 1142 Quaecunque
1463 1077 1509 1120 nre

162 1172 291 1234 namque
307 1152 426 1214 fortuna
440 1157 584 1229 sequatur
598 1150 658 1212 alio
676 1152 853 1231 proiectum,
878 1161 991 1215 certum
1013 1153 1119 1226 habeo,
1144 1152 1321 1214 atrociorem
1343 1169 1403 1212 non
1426 1149 1509 1209 intu-

162 1262 236 1319 ram,
260 1259 348 1323 quam
372 1258 447 1321 quae
471 1237 557 1299 nobis
580 1239 723 1318 impendit
747 1240 872 1303 durante
895 1242 951 1304 hao
973 1242 1059 1322 Reip.
1084 1250 1204 1304 nostrae
1228 1242 1332 1303 forma.
1378 1239 1512 1301 Ventum

164 1333 292 1412 estjam
305 1329 343 1392 ad
359 1329 450 1390 exilia
463 1327 590 1389 civium:
617 1347 692 1408 quae
715 1329 827 1390 indicta
850 1340 927 1405 sunt,
952 1331 1172 1411 repraesentari
1191 1330 1320 1392 nondum
1338 1333 1509 1409 coeperunt,

163 1431 322 1502 postquam
343 1416 470 1499 principi
493 1416 574 1478 cives
598 1417 818 1507 supplicarunt,
848 1439 1079 1502 responsumque
1108 1421 1251 1483 differtur.
1299 1416 1358 1490 Qui
1382 1436 1420 1478 ex
1442 1417 1513 1478 aula

163 1512 194 1573 in
217 1510 295 1571 hanc
318 1505 498 1568 mentionem
522 1505 674 1579 incidunt,
703 1509 843 1586 graviora
870 1510 1039 1571 minantur:
1074 1529 1195 1590 qnorum
1223 1527 1313 1570 voces
1341 1506 1367 1568 sl
1390 1506 1512 1568 oracula

63 1650 65 1654 ,
164 1600 234 1674 sint,
258 1613 408 1676 nunqnam
422 1594 633 1656 commissurus
649 1603 698 1655 est
709 1596 856 1676 princeps,
880 1605 915 1659 nt
936 1598 984 1659 vel
1008 1598 1181 1661 Lutherano
1205 1599 1288 1659 locus
1310 1597 1339 1658 in
1363 1596 1435 1658 nrbe
1459 1595 1510 1671 sit,

163 1689 211 1750 vel
244 1686 340 1749 libera
372 1682 513 1763 migranti
545 1691 683 1762 potestas
714 1685 877 1760 evehendi‚
911 1688 1130 1762 commutandi,
1160 1686 1306 1748 vendendi
1334 1683 1414 1747 bona
1446 1703 1510 1745 sua

165 1776 380 1855 Confingantor
404 1771 475 1845 doli,
501 1770 606 1852 quibus
629 1773 659 1834 in
683 1772 807 1835 crimina
823 1775 992 1855 majestatis
1012 1777 1199 1859 implicentur
1216 1776 1307 1851 cives,
1332 1784 1366 1836 nt
1388 1773 1511 1854 rapinae

164 1873 356 1948 praetextum
386 1861 521 1935 habeant¹
543 1860 691 1940 justitiae.
739 1861 884 1925 Carceres
912 1865 1005 1945 primo
1036 1866 1136 1947 parati
1168 1875 1271 1935 erunt,
1305 1872 1367 1926 tum
1398 1863 1511 1925 multae

163 1953 364 2035 pecuniariae,
390 1950 496 2031 quibus
519 1949 564 2010 illi
587 1951 787 2024 redimantnr;
812 1952 935 2031 deniqne
954 1953 1039 2016 bonis
1062 1953 1218 2034 dissipatis
1242 1953 1340 2016 exilia
1384 1953 1425 2014 Et
1445 1952 1510 2032 jam

165 2043 283 2124 quidem
307 2038 453 2123 incipiunt
475 2038 608 2116 irrogare
632 2039 743 2099 multas
766 2040 962 2118 pecuniarias.
1001 2042 1059 2114 Qui
1083 2045 1227 2105 infantem
1251 2044 1290 2105 ad
1313 2041 1396 2104 verbi
1420 2041 1509 2103 mini-

166 2142 261 2192 strum
284 2129 314 2190 in
338 2147 406 2189 arce
430 2125 531 2206 aliqua
549 2126 647 2187 vicina
666 2126 822 2206 degentem
842 2127 947 2202 defert,
973 2130 1114 2210 baptismi
1133 2152 1234 2207 cansa,
1260 2133 1309 2213 qui
1326 2130 1359 2194 S.
1376 2129 1509 2194 Coenam

165 2219 276 2301 accipit
298 2237 336 2280 ex
358 2214 547 2277 institutione
572 2211 700 2284 Christi,
732 2215 781 2293 qui
804 2217 959 2278 conciones
981 2219 1180 2301 Evangelicas
1204 2221 1288 2294 adit3
1316 2220 1511 2300 majestatem

164 2309 264 2371 laesit.
303 2305 363 2377 Qui
376 2304 529 2365 Psalmum
551 2302 630 2363 intra
652 2303 754 2363 urbem
778 2313 890 2379 cantat,
915 2307 962 2385 qui
985 2310 1133 2387 postillae,
1159 2311 1208 2391 qni
1232 2310 1354 2389 Biblia
1372 2309 1508 2371 Luthe-

164 2417 253 2461 rana
275 2395 382 2475 legit,
407 2393 488 2454 urbis
504 2391 654 2453 territorio
669 2400 799 2453 meretur
813 2393 916 2455 arceri.
955 2394 1013 2467 Qui
1031 2398 1059 2460 in
1083 2399 1253 2463 coemiterio
1276 2413 1415 2480 pompam
1438 2398 1510 2460 hor-

165 2496 247 2569 tatur
270 2485 309 2546 ad
336 2501 456 2563 preces,
485 2480 533 2563 qui
557 2480 694 2542 morienti
718 2481 950 2547 consolationem
973 2489 1121 2564 suggerit,
1150 2489 1326 2569 gravissime
1348 2499 1458 2569 peccat
1481 2493 1513 2548 et

165 2578 379 2654 nolonpoyuon
403 2578 461 2632 est.
497 2570 582 2633 Haec
606 2569 683 2630 enim
707 2569 805 2630 omnia
825 2573 940 2633 suntin
961 2574 1098 2637 decretis.
1136 2578 1256 2640 Nullum
1280 2577 1328 2639 hic
1351 2576 1511 2639 discrimen

166 2665 244 2727 iuter
258 2664 353 2725 civem
376 2668 408 2722 et
426 2658 594 2722 ministrnm
608 2658 834 2738 provincialium
853 2659 882 2719 in
902 2663 1089 2724 exsecutione
1108 2676 1254 2729 servatur.
1292 2666 1366 2728 Mihi
1389 2666 1419 2727 in
1443 2666 1511 2727 vin-

166 2753 278 2823 dictam
303 2748 446 2813 contemti
469 2749 626 2811 ministerii
650 2746 742 2809 urbici
762 2747 856 2809 multa
883 2745 922 2810 10
941 2750 1119 2813 thalerorum
1137 2755 1249 2817 indicta
1267 2764 1335 2817 est:
1359 2754 1513 2821 dimidium

165 2841 303 2922 precibus
317 2837 439 2913 redemi,
463 2838 613 2918 reliquum¹
631 2836 712 2917 prius
737 2846 803 2898 erat
824 2839 1046 2915 praestandum,
1072 2858 1158 2920 qnam
1180 2863 1299 2923 possem
1317 2845 1442 2906 filiolam
1463 2843 1511 2906 in-

167 2933 244 2994 ferre
268 2928 436 3010 sepulchro.
481 2927 586 3001 Alius,
612 2927 689 3006 qnod
712 2925 853 3007 populum
876 2935 943 2987 erat
965 2927 1139 2990 exhortatus
1162 2932 1191 2994 in
1214 2933 1400 3008 coemiterio,
1429 2933 1514 2995 nulla

165 3020 317 3083 mentione
340 3017 505 3079 invidiosae
530 3035 649 3085 causae,
673 3015 828 3076 teterrimo
853 3033 971 3076 carcere
995 3015 1154 3080 detinetur.
1200 3020 1322 3084 Summa
1344 3024 1419 3085 haec
1444 3031 1512 3084 est:

166 3131 203 3172 ea
228 3107 416 3190 jamdicta,
450 3105 586 3186 incepta,
620 3105 702 3166 facta
725 3112 794 3165 sunt
817 3124 836 3164 a
858 3103 1006 3183 principe,
1041 3112 1074 3166 nt
1096 3126 1153 3167 non
1174 3110 1273 3188 possit
1295 3112 1357 3173 sine
1382 3112 1513 3174 maximo

166 3198 212 3261 sni
240 3198 385 3276 despectu
413 3195 462 3257 vel
492 3214 581 3256 unum
604 3212 714 3255 annum
738 3193 790 3254 ulli
813 3191 896 3253 verbi
920 3192 1055 3256 ministro
1078 3195 1106 3256 iu
1131 3196 1224 3259 tribus
1247 3199 1328 3260 hisce
1351 3201 1515 3279 provinciis

167 3289 197 3351 in
217 3288 280 3349 nlla
294 3304 372 3360 arce,
398 3302 589 3364 quaecunque
609 3283 688 3362 jura,
713 3280 841 3360 publica,
866 3281 986 3362 privata
1001 3284 1213 3361 praetendente
1229 3286 1324 3350 locum
1338 3289 1515 3371 relinquere.

166 3379 214 3438 Ac
237 3374 296 3437 nisi
319 3373 538 3435 malesanornm
562 3371 709 3432 hominnm
733 3370 889 3432 conatibus
918 3371 1044 3432 resistat
1066 3374 1229 3435 Austriaca
1251 3375 1424 3449 clementia,
1449 3379 1516 3458 jam

167 3468 195 3527 in
220 3464 404 3545 quorundam
428 3462 535 3526 animis
560 3460 711 3522 delineata
734 3467 803 3520 sunt
827 3467 858 3522 et
881 3460 1034 3541 martyria,
1058 3480 1112 3522 nec
1135 3470 1317 3544 temperatur
1340 3466 1377 3526 ab
1401 3469 1516 3545 apertis

167 3552 458 3618 comminationibus.
503 3551 568 3614 Neo
593 3549 748 3630 quisquam
772 3547 905 3624 dubitat,
935 3549 1003 3629 quio
1027 3550 1053 3610 si
1077 3550 1209 3621 incives
1233 3561 1264 3613 et
1285 3553 1315 3616 in
1338 3543 1517 3636 metropolin

165 3645 269 3706 valeat
291 3643 367 3704 haec
390 3641 573 3722 persecutio,
598 3638 731 3717 singulas
755 3657 870 3718 qnoque
893 3637 1034 3701 nobilium
1057 3658 1157 3714 arces,
1181 3639 1319 3721 ipsosque
1343 3643 1419 3705 adeo
1443 3664 1517 3726 pro-

167 3752 260 3807 ceres,
285 3731 393 3792 nednm
415 3730 565 3791 ministros
588 3735 766 3808 perreptura
789 3727 839 3787 sit.
876 3726 979 3787 Habes
999 3727 1229 3790 delineationem
1243 3730 1371 3810 aliquam
1390 3743 1516 3797 nostra-

165 3822 241 3884 tium
264 3838 371 3883 rerum.
418 3817 484 3889 Qua
509 3838 566 3879 non
590 3816 694 3878 ultimo
718 3823 836 3877 tantum
860 3823 1049 3896 argumento,
1074 3817 1181 3879 sedet
1205 3819 1301 3880 medio
1324 3820 1518 3885 satisfactum

166 3918 249 3993 puto.
296 3909 390 3981 Nam,
421 3917 455 3969 ut
481 3927 558 3969 nunc
591 3905 708 3986 quidem
731 3904 843 3967 habent
872 3905 1004 3967 hnmana
1030 3905 1194 3984 praesidia,
1226 3907 1308 3969 nulla
1334 3928 1371 3970 ne
1394 3911 1519 3974 minima

167 3999 284 4080 quidem
308 4007 450 4081 spes'est
472 3996 501 4058 in
531 4014 692 4076 quoquam,
722 3994 780 4055 nisi
811 3993 841 4054 in
871 3993 971 4056 armis.
1018 3994 1068 4056 Ad
1095 4014 1179 4056 arma
1206 4005 1304 4058 autem
1333 3997 1398 4078 quis
1426 4009 1518 4078 putas

167 4089 291 4151 veniet?
335 4087 413 4151 Num
446 4085 589 4146 nobilitas
621 4091 726 4145 contra
756 4082 943 4163 principem?
988 4082 1161 4162 Disputatio
1194 4086 1308 4147 infinita
1340 4094 1398 4151 est.
1451 4088 1519 4153 Neo

167 4179 271 4253 video,
297 4195 373 4258 quae
396 4175 467 4237 milri
490 4175 610 4255 privata
633 4191 702 4253 spes
726 4172 756 4232 in
779 4171 900 4250 publica
923 4172 1096 4234 calamitate
1119 4175 1217 4253 possit
1240 4194 1314 4237 esse.
1357 4175 1520 4257 Nunquam

167 4269 254 4330 salva
275 4273 379 4346 potest
402 4284 468 4326 esse
497 4283 545 4325 res
574 4262 741 4324 domestica
766 4262 796 4322 in
826 4261 952 4339 publicis
985 4262 1233 4341 grassationibus.
1279 4263 1386 4326 Filiam
1417 4284 1518 4329 meam

168 4356 246 4438 qnod
270 4355 395 4428 attinet,
425 4353 542 4432 opinor,
573 4352 649 4413 hauc
673 4370 739 4412 esse
763 4369 861 4411 rernm
884 4351 1004 4426 sociem,
1036 4358 1071 4411 nt
1092 4350 1171 4412 hand
1194 4361 1318 4431 gravate
1342 4357 1518 4419 consensuri

167 4447 229 4508 siut
253 4445 316 4524 ejus
341 4450 456 4505 tutores
480 4461 546 4503 cum
569 4460 660 4502 uxore
683 4459 761 4514 mea,
785 4458 860 4520 quae
884 4440 966 4501 illam
990 4458 1089 4500 secum
1112 4438 1282 4503 abduceret.
1319 4444 1365 4504 At
1386 4443 1518 4507 officium

166 4552 273 4609 meum,
298 4531 384 4614 quale
404 4530 652 4592 fuerithaotenns
666 4529 730 4609 jam
754 4549 830 4590 anno
854 4536 1000 4603 vertente,
1025 4535 1097 4607 puto
1121 4537 1151 4590 te
1174 4530 1354 4611 perspicere.
1392 4531 1516 4600 Nemini

167 4624 232 4686 usui
256 4629 327 4684 sont
348 4639 440 4700 opera
461 4637 543 4692 mea;
567 4619 701 4700 quodque
723 4617 865 4680 salarium
884 4637 982 4680 meum
1000 4617 1134 4680 obtinere
1149 4637 1196 4681 me
1213 4619 1377 4700 patiuntur,
1401 4621 1517 4685 faciunt

166 4731 225 4774 non
248 4720 312 4774 tam
330 4729 383 4791 spe
399 4718 577 4789 sequuturae
592 4727 630 4770 ex
644 4726 691 4770 me
705 4706 856 4779 utilitatis,
880 4725 969 4787 quam
991 4705 1195 4771 misericordia
1217 4716 1248 4770 et
1270 4718 1351 4772 metu
1373 4709 1516 4774 sinistrae

168 4798 399 4869 existimationis
420 4816 513 4884 penes
535 4815 591 4861 ros
613 4797 644 4858 in
666 4795 800 4877 imperio.
836 4795 889 4858 Ad
911 4795 985 4858 haec
1008 4795 1035 4857 si
1055 4796 1086 4859 in
1105 4797 1208 4862 schola
1227 4797 1299 4862 mibi
1318 4797 1516 4868 laborandum
1544 4882 1547 4888 .
