3366 5482
627 241 660 292 as
676 215 748 293 ιιι
767 241 928 309 ιιιωιοςιι.
950 235 953 240 ’
1392 240 1458 311 329

126 412 159 451 ro
177 401 233 450 seni
252 398 378 464 demeplto
396 399 584 451 inclinationum
602 399 707 451 allectus
726 396 799 452 assei
838 403 877 452 Ad
896 414 960 468 qnae
977 403 1035 452 olim
1053 403 1125 453 vaide
1143 402 1326 463 inclinavimus,
1353 418 1386 454 aa
1403 411 1459 468 post

126 484 248 522 namus
268 478 294 522 et
312 484 467 529 aramentum
499 473 597 523 sordere
615 473 685 521 nobis
704 474 837 537 incipiunt,
856 490 905 523 non
925 473 1002 523 solum
1021 474 1051 523 ob
1069 474 1204 537 pleniorem
1221 476 1324 524 rationis
1342 489 1413 525 usum
1433 482 1458 525 et

126 539 181 604 alns'
195 542 333 604 judicium,
361 543 407 592 sed
424 544 532 593 maxime
551 545 581 594 ob
600 545 677 593 crusis
695 545 866 594 mutationem.
904 545 937 593 Et
961 545 1027 594 hanc
1045 545 1233 594 inclinationum
1251 546 1413 595 mutationem
1433 555 1459 596 et

126 610 266 664 Ιιιιιιιιιιι
293 630 344 664 ιιι
363 615 388 662 in
407 615 524 664 rationali
543 616 621 664 solum
639 614 751 671 homine,
779 617 822 665 sed
847 618 873 665 io
898 617 975 664 brutis
1002 630 1097 679 qnoque
1121 622 1206 678 aperte
1231 616 1456 666 animadvertimus.

126 698 183 740 trro,
202 685 223 732 ιι
242 685 417 736 inclinationes
435 685 460 733 in
481 688 562 734 animo
583 687 767 736 conformantur
793 703 809 735 a
827 687 943 736 natalitio
962 687 1058 744 sidere,
1079 702 1128 735 nou
1147 701 1163 735 a
1181 695 1387 750 temperamento,
1405 696 1458 737 tum

126 754 188 807 edici
207 769 238 805 ex
256 762 506 818 temperamentorum
526 759 666 822 cognitione
686 766 712 806 et
731 759 901 808 observatione
924 758 1018 807 nullum
1037 767 1131 807 certum
1147 759 1268 820 judicium
1296 759 1327 808 da
1352 759 1456 809 inclina·

126 827 205 877 nitus
224 828 359 876 sensititae
377 828 476 876 animae
495 829 602 890 prolerre
621 835 744 897 possunt..
770 830 804 878 At
823 829 912 879 medici
933 837 958 878 et
975 829 1110 892 philosophi
1130 830 1220 878 certina
1235 830 1352 892 judicant
1370 831 1401 879 da
1420 832 1458 879 iu-

126 898 274 949 instionibus
292 912 367 961 qnam
385 899 609 960 perspicacissimus
631 899 785 963 strategum
816 915 874 965 ergo
892 906 970 963 patet.
991 900 1165 949 inclinationes
1183 915 1232 950 uon
1252 900 1284 949 ab
1304 902 1389 957 astris,
1415 901 1459 950 sed

131 970 336 1032 temperamentis
355 984 417 1019 esse.
455 969 554 1019 Judicia
573 971 721 1019 modicomm
744 987 774 1020 ex
793 973 996 1034 temperamentis
1022 972 1084 1020 adeo
1108 973 1251 1021 constantia
1270 978 1295 1020 et
1314 973 1384 1034 qnasi
1403 986 1457 1035 per-

126 1045 177 1089 tus
187 1054 242 1090 esse
252 1056 302 1090 nou
310 1047 419 1104 possent,
433 1055 480 1090 nec
489 1056 585 1104 semper
596 1042 864 1105 necuhiqnavalarent.
878 1045 898 1090 si
908 1042 1081 1092 inclinationes
1097 1057 1146 1090 non
1160 1044 1252 1091 acrasi
1265 1042 1401 1097 humorum,
1415 1044 1459 1091 sad

132 1111 204 1160 coelo
222 1113 387 1174 provenirent.
425 1112 508 1161 Fieret
526 1112 596 1172 alite,
617 1120 644 1160 ιι
663 1115 739 1162 erasis
758 1116 863 1177 corporis
882 1128 957 1176 saepe
976 1121 1042 1161 esset
1060 1113 1235 1176 phlegmatica,
1255 1113 1383 1162 inclinatio
1402 1128 1458 1164 vero

126 1181 160 1232 cti
174 1187 230 1232 tota
241 1180 374 1232 Martialis.
413 1182 533 1232 Videmus
552 1199 647 1247 quoque
660 1186 685 1232 in
704 1185 776 1233 rebus
789 1185 932 1233 inanimatis
946 1186 1051 1233 crasium
1064 1185 1217 1233 diderentias
1233 1185 1385 1247 potissimum
1400 1200 1457 1234 con·
1553 1210 1556 1215 ·

126 1256 202 1303 'tuere
219 1254 307 1302 virium
327 1252 500 1311 differentiam,
520 1261 548 1302 ιι
569 1255 633 1304 aliae
652 1255 743 1304 herbae
761 1256 872 1304 habeant
891 1258 938 1303 vim
957 1255 1092 1320 digerendi,
1112 1254 1280 1313 mollificandi,
1306 1254 1458 1306 attrahendi.

126 1324 252 1383 ιιιιιιᾱι,
273 1324 338 1374 aliae
357 1325 533 1373 mundificandi
552 1332 718 1388 potestatem,
744 1327 809 1375 aliae
830 1327 1008 1380 calefaciendi,
1035 1327 1100 1374 aliae
1119 1325 1278 1389 refrigerandi
1302 1327 1365 1380 vim,
1388 1332 1460 1388 prout

126 1396 175 1445 tais
194 1395 292 1443 illarum
311 1395 428 1444 admittit.
467 1395 539 1455 Quod
557 1398 582 1445 in
600 1398 637 1445 his
656 1399 718 1445 vires
738 1412 767 1446 cx
787 1399 865 1452 crasi,
892 1397 917 1445 id
935 1399 961 1445 in
981 1398 1098 1446 animatis
1116 1397 1255 1459 corporibus
1274 1404 1333 1445 sunt
1350 1396 1456 1445 inclina·

126 1480 188 1516 tues.
227 1465 297 1515 Dicis
316 1482 425 1530 quoque,
456 1468 566 1515 animum
592 1483 619 1516 se
638 1469 730 1517 habers
759 1470 791 1518 ad
810 1469 928 1518 coelestia
953 1469 1016 1517 haec
1035 1470 1121 1528 παθη,
1149 1474 1177 1515 ιι
1196 1467 1280 1516 oculus
1306 1468 1338 1516 ad
1366 1467 1456 1522 lucam,

126 1537 164 1586 trie
184 1536 219 1586 ad
237 1550 325 1586 sonum
344 1541 379 1600 (p.
398 1534 475 1595 att).
513 1537 584 1587 Haec
603 1555 652 1588 uon
672 1540 778 1588 absurde
798 1540 954 1596 dictasunt,
982 1548 1075 1588 certam
1095 1540 1160 1587 enim
1186 1539 1337 1600 superiorum
1356 1538 1455 1587 relatio·

126 1623 155 1657 tn
175 1607 210 1657 ad
228 1608 344 1657 interiora
363 1623 417 1657 esse
436 1610 488 1671 ipse
508 1608 574 1658 clare
594 1611 670 1669 innui,
689 1611 733 1659 sed
752 1626 802 1659 non
822 1625 850 1659 ao
863 1611 944 1664 modo,
964 1626 1011 1673 quo
1030 1618 1056 1658 tu
1075 1609 1200 1673 intelligis,
1220 1624 1268 1657 non
1280 1609 1347 1673 'qnod
1361 1610 1457 1657 animus

126 1679 272 1728 iooelestes
290 1679 468 1729 inclinationes
486 1681 522 1728 sic
543 1694 569 1728 se
588 1680 697 1735 habeat,
723 1682 765 1730 sed
784 1681 848 1744 qnod
866 1682 955 1744 singuli
975 1682 1081 1743 corporis
1104 1681 1217 1728 humores
1237 1679 1399 1728 elementares
1418 1693 1457 1728 re·

126 1750 206 1799 iciant
224 1749 335 1814 singulos
353 1750 478 1813 planetas,
498 1757 526 1799 ut
544 1751 662 1800 videlicet
680 1751 696 1811 li
715 1753 844 1801 relativam
863 1754 910 1800 vim
938 1752 1032 1800 habeat
1058 1752 1090 1799 ad
1108 1752 1234 1800 humorem
1252 1750 1458 1800 melancholicum

126 1820 273 1877 citandum,
292 1821 484 1876 stimulandum,
503 1823 685 1886 vegetandum
705 1822 730 1883 (ς
751 1824 783 1872 ad
802 1823 937 1879 choleram,
959 1815 1035 1883 de
1053 1823 1207 1886 sangninem.

168 1891 200 1940 ln
219 1907 330 1946 summa,
351 1892 419 1948 dico,
438 1892 519 1941 nullas
538 1893 669 1956 qualitates
688 1896 850 1956 primas·ant
869 1894 991 1942 secundas
1009 1900 1107 1956 praeter
1130 1892 1281 1942 caliditatem
1302 1900 1327 1942 et
1345 1891 1457 1941 lucidita-

126 1978 166 2020 m,
186 1968 217 2011 nt
234 1977 282 2011 nec
301 1962 363 2012 ullas
382 1962 555 2013 inclinationes
575 1966 655 2013 inesse
674 1965 796 2027 planetis;
823 1966 858 2013 vis
878 1979 934 2013 vero
954 1964 1086 2027 vegetandi
1106 1964 1130 2011 in
1149 1964 1256 2026 planatis
1281 1979 1329 2011 non
1350 1969 1401 2014 tarn
1421 1971 1459 2011 est

126 2033 230 2089 turalis,
250 2047 324 2097 quam
342 2034 448 2083 relativa
467 2050 496 2083 er
515 2035 668 2084 ordinatione
688 2036 779 2084 divina.
799 2034 969 2098 (Keplerus
989 2037 1013 2083 in
1032 2035 1157 2098 margine:
1177 2034 1242 2082 Pons
1262 2032 1407 2094 asinorum)

168 2104 260 2155 Porro:
287 2105 307 2152 ιι
329 2105 503 2155 inclinationes
527 2107 558 2155 ah
582 2108 669 2161 astris,
697 2107 793 2156 malitia
811 2121 868 2155 vero
887 2121 970 2156 eorum
989 2106 1103 2160 aliunde,
1128 2112 1187 2154 tnnc
1207 2105 1239 2153 ad
1259 2105 1457 2155 constituendum

126 2182 194 2225 rmus
215 2175 245 2224 de
264 2175 465 2224 inclinationibus
481 2177 601 2238 judicium
625 2193 673 2226 non
693 2177 771 2227 solnm
798 2185 866 2227 astra
885 2177 1067 2227 consideranda
1085 2184 1169 2233 erunt,
1196 2176 1240 2224 sed
1268 2177 1344 2224 animi
1363 2191 1459 2241 quoquc

126 2247 232 2297 malitia
249 2248 330 2310 magis
348 2248 460 2296 minusue
482 2249 645 2298 contaminati
663 2249 782 2297 habitudo
803 2248 927 2313 astrologo
946 2247 1194 2311 praecognoscentia,
1215 2253 1240 2294 et
1259 2247 1330 2295 simul
1349 2248 1374 2295 in
1391 2248 1456 2309 judi·

126 2333 163 2368 rm
184 2317 329 2366 adhibenda
346 2319 400 2366 erit.
439 2318 531 2367 Verum
551 2319 688 2383 astrologus
704 2320 802 2381 judicat
821 2319 972 2370 solummodo
988 2322 1060 2380 juxta
1078 2320 1184 2381 positum
1204 2317 1265 2366 coeli
1285 2323 1311 2367 et
1329 2317 1457 2367 diversita-

126 2404 144 2438 n
168 2395 326 2452 aspectuum,
345 2395 416 2451 prout
434 2388 467 2437 illi
487 2397 532 2438 aut
551 2392 630 2452 asperi
650 2396 694 2438 aut
706 2392 814 2439 mitiores
833 2398 899 2439 sunt.
936 2390 1001 2454 Ergo
1015 2404 1044 2438 eo
1057 2390 1108 2452 ipsu
1127 2389 1239 2437 uolentes
1252 2388 1458 2438 volentesosten·

126 2465 158 2510 ut
179 2459 313 2523 muologi,
342 2460 474 2508 autsimul
494 2460 631 2509 bonitatem
650 2467 676 2510 et
694 2462 814 2509 malitiam
833 2476 889 2509 cum
907 2462 966 2523 ipsis
984 2460 1185 2510 inclinationibus
1208 2462 1233 2507 iu
1253 2460 1342 2508 animis
1361 2460 1455 2508 conior·

126 2531 168 2586 tri,
190 2537 236 2579 aut
255 2532 276 2578 si
294 2531 340 2580 hoc
360 2531 454 2585 nolunt,
474 2532 593 2580 incertum
613 2533 718 2594 ipsorum
733 2547 786 2581 esse
802 2533 921 2594 judicium
941 2530 1129 2594 (Keplerus:
1150 2528 1290 2590 omniuoli,
1309 2530 1348 2579 vel
1361 2532 1459 2579 omnino

127 2616 178 2652 am
197 2601 231 2649 ab
250 2603 323 2650 astris
344 2602 497 2666 originaliter
515 2602 689 2653 inclinationes
707 2619 756 2653 non
775 2603 878 2666 prodire.
918 2602 1047 2662 Quomodo
1066 2602 1132 2651 hunc
1151 2601 1242 2649 nodum
1262 2601 1379 2650 Gordium
1392 2616 1457 2650 com·

126 2672 170 2723 »da
189 2671 284 2721 solvere
303 2674 380 2735 possis
400 2679 444 2720 aut
462 2672 530 2728 velis,
550 2689 599 2721 non
619 2674 698 2729 video,
720 2689 775 2723 cum
795 2675 849 2736 ipsa
867 2674 959 2722 veritas
978 2675 1016 2721 sit.
1055 2672 1093 2721 Tu
1105 2674 1179 2737 igitur
1203 2679 1288 2735 aperte
1307 2679 1332 2720 et
1351 2673 1459 2737 ingenue

143 2743 216 2793 haec
235 2742 266 2791 de
285 2743 486 2793 inclinationibus
506 2751 655 2807 argumenta
674 2745 802 2807 responde.

168 2813 244 2874 Quod
263 2813 332 2870 dicis,
352 2813 458 2876 planetis
477 2829 526 2863 non
545 2817 626 2864 inesse
646 2816 783 2865 bonitatem
803 2822 847 2864 aut
864 2815 994 2871 malitiam,
1016 2813 1060 2862 sed
1073 2813 1239 2862 fortitudinem
1257 2818 1283 2860 et
1295 2812 1458 2866 debilitatem,

126 2885 229 2935 tearum
248 2892 274 2933 et
293 2885 417 2946 abjectum
437 2882 502 2944 (ride
521 2901 546 2947 p.
566 2882 642 2944 ³15).
664 2886 695 2934 ad
715 2887 740 2934 id
758 2889 794 2935 sic
813 2886 961 2949 respondeo:
990 2885 1157 2934 tortitudinem
1176 2885 1325 2932 stantionis
1344 2883 1457 2932 debilita-

126 2972 145 3005 n
165 2957 230 3019 ipsis
248 2955 330 3004 inesse
350 2971 398 3004 non
417 2971 489 3020 nego,
511 2970 575 3015 cum,
596 2958 691 3006 ratione
711 2958 845 3006 distantiae
865 2971 881 3005 a
899 2956 984 3006 Terra.
1004 2957 1066 3004 situs
1086 2963 1111 3003 et
1129 2955 1227 3003 luminis
1245 2951 1290 3004 dic.
1310 2956 1387 3003 etiam
1405 2968 1457 3002 ma·

126 3041 160 3076 ae
183 3032 227 3074 aut
246 3026 351 3075 minores
371 3028 433 3075 vires
451 3026 571 3075 habeant.
611 3026 672 3075 Cum
691 3043 747 3075 vero
765 3028 966 3081 inclinationem,
995 3027 1054 3074 item
1073 3024 1241 3074 tortitudinem
1260 3031 1286 3072 et
1305 3024 1458 3073 debilitatem

126 3098 205 3147 metis
225 3096 312 3146 tribuis
331 3099 425 3147 inesse.
454 3111 485 3145 an
504 3113 554 3145 non
574 3113 602 3147 eo
622 3100 675 3161 ipso
695 3113 821 3148 ercessnm
841 3105 866 3146 et
885 3097 1023 3153 delectum,
1053 3097 1093 3159 qui
1112 3096 1144 3145 ab
1163 3094 1251 3144 ethicis
1270 3110 1311 3156 pro
1330 3096 1395 3143 vitiis
1413 3093 1457 3142 ha·

126 3174 202 3224 ntur,
230 3168 303 3216 simul
321 3167 425 3217 innnesi
454 3165 629 3231 (Keplerus
648 3171 673 3218 in
693 3171 816 3233 margine:
837 3169 947 3217 deiectus
972 3174 1080 3217 nonest
1101 3166 1202 3215 malum.
1242 3164 1333 3214 Omnia
1350 3167 1416 3214 hona
1434 3167 1458 3213 in

126 3237 212 3296 tuta)
249 3238 346 3301 Jupiter
370 3245 395 3288 et
413 3238 500 3288 Venus
519 3240 692 3298 inclinationes
713 3241 837 3302 jucundas
861 3247 886 3288 et
910 3239 1024 3301 pulchras
1050 3246 1093 3288 tuo
1115 3237 1207 3301 iudicio
1227 3237 1300 3293 dant;
1327 3238 1348 3285 si
1367 3236 1459 3285 debiles

126 3311 199 3366 ιιιιι,
214 3311 290 3360 etiarn
304 3323 361 3358 suas
374 3310 548 3359 inclinationes
562 3311 676 3373 pulchras
690 3318 715 3359 et
728 3311 828 3370 debiles,
849 3311 887 3359 vol
900 3310 1037 3359 beneficam
1056 3310 1136 3373 potius
1150 3316 1265 3357 naturam
1284 3308 1387 3357 debilius
1400 3311 1460 3355 nato

126 3381 246 3430 trihnnnt.
285 3379 394 3429 Necesse
414 3395 474 3430 sane
494 3383 552 3437 erit,
583 3397 613 3430 ex
632 3384 681 3430 ista
699 3382 827 3430 debilitate
847 3382 971 3430 deiectum
998 3382 1054 3429 oriri
1072 3382 1097 3429 in
1119 3381 1217 3435 animo,
1244 3386 1269 3429 et
1288 3379 1346 3428 inde
1365 3391 1460 3442 quoque

126 3453 254 3500 moniam
272 3453 397 3500 octonum
418 3460 443 3500 et
461 3452 648 3501 inclinationum
668 3454 768 3502 turbari.
807 3452 849 3502 Sic
869 3452 899 3500 de
919 3451 1055 3506 excessui
1075 3458 1100 3501 et
1121 3450 1145 3510 d
1163 3450 1326 3512 judicandum
1345 3451 1399 3506 erit,
1419 3449 1459 3496 ubi

143 3521 261 3572 tortitudo
280 3523 305 3570 iu
325 3537 368 3570 sno
387 3522 575 3572 inclinationum
595 3539 686 3587 genere
704 3525 790 3572 vitium
808 3525 889 3586 pariet
907 3522 1089 3585 (Keplerus2
1110 3527 1137 3571 at
1155 3522 1264 3570 nondum
1284 3527 1323 3570 est
1340 3519 1455 3578 malitia).

126 3597 190 3650 tate,
215 3595 237 3642 si
255 3592 430 3642 inclinationes
449 3594 517 3644 coelo
537 3595 670 3650 adscribis,
698 3611 748 3643 non
775 3603 846 3657 potes
871 3609 920 3642 non
945 3596 1021 3642 etiarn
1039 3593 1173 3657 qualitates
1197 3591 1296 3640 illarum
1323 3592 1401 3640 bonas
1421 3591 1458 3639 rei

126 3661 179 3713 tias
198 3665 266 3714 coelo
286 3663 430 3713 attribuere.
466 3664 551 3714 Dicis:
580 3666 656 3721 torte,
682 3665 823 3728 pulchrum,
853 3666 991 3726 abjectum,
1016 3665 1095 3713 debile
1113 3671 1211 3713 tantum
1229 3662 1275 3729 illis
1295 3664 1390 3716 inesse,
1409 3676 1457 3710 non

126 3747 189 3783 num
208 3742 252 3784 ant
270 3734 375 3792 malnm;
397 3734 484 3791 andio;
504 3736 548 3784 sed
567 3736 624 3800 quid
644 3735 711 3784 aliud
731 3737 822 3786 idest.
842 3750 916 3800 quam
936 3736 1029 3798 reipsa
1048 3735 1138 3784 bonurn
1158 3743 1184 3784 at
1201 3733 1301 3792 malum,
1320 3732 1394 3796 idque
1414 3732 1457 3781 ali·

127 3805 197 3855 ando
213 3806 313 3859 fortius,
334 3805 467 3869 aliquando
487 3806 589 3855 debilius
608 3814 728 3856 statuere.
767 3806 846 3856 Video
865 3814 890 3855 te
909 3805 1031 3855 vocabula
1047 3812 1161 3864 mutare,
1180 3819 1230 3854 non
1249 3819 1305 3852 vero
1325 3817 1364 3851 res
1383 3804 1455 3872 ipsas.

126 3871 305 3939 leplerns:
334 3875 502 3926 Melancholia
526 3884 633 3927 nonest
661 3876 773 3938 lurtum)
810 3878 889 3933 Vide,
914 3879 948 3925 mi
977 3877 1071 3925 erudite
1090 3876 1212 3937 Keplere,
1239 3887 1313 3938 quam
1341 3874 1425 3937 procul
1444 3889 1461 3921 a

126 3947 211 3998 sitatis
229 3948 330 3997 bannita
348 3962 426 3996 norae
446 3954 505 3996 tuae
525 3948 707 4011 speculationes
728 3956 752 3998 te
772 3949 913 4004 abducant,
943 3949 1012 4013 etin
1030 3961 1094 4010 quae
1114 3948 1186 3996 devia
1205 3945 1331 3994 devenias.
1371 3944 1461 3994 Confer

126 4027 180 4068 tarn
198 4020 348 4068 ιιιιιιιιιιιιι
368 4033 423 4068 cum
442 4026 486 4068 tua
505 4027 531 4068 et
548 4020 648 4078 videbis,
669 4034 733 4083 qnae
751 4023 831 4069 minus
851 4019 961 4069 absurdis
984 4025 1069 4067 utatur
1087 4017 1230 4066 rationibus.
1278 4013 1461 4080 (Keplerusz

126 4089 222 4139 rinna
240 4091 266 4138 in
285 4089 476 4139 melancholiam
495 4090 595 4140 coniers
615 4098 659 4140 aut
676 4106 773 4140 mecum
792 4092 884 4141 sentis:
904 4091 940 4139 sic
959 4089 1102 4139 excusanda
1120 4088 1217 4137 scelera
1236 4084 1461 4150 temperamentis.)

126 4160 177 4223 ipio
195 4166 280 4210 tamen
299 4174 329 4209 ex
348 4166 373 4210 te
392 4161 494 4209 meliora
513 4161 608 4218 audire,
627 4163 648 4210 si
665 4163 691 4210 in
705 4168 801 4224 promtu
814 4163 912 4211 luerint.
950 4161 1002 4209 Imo
1016 4166 1040 4208 te
1055 4159 1179 4215 adhortor,
1199 4166 1227 4209 ιι
1237 4159 1270 4208 ad
1284 4159 1460 4209 excutiendum

126 4230 210 4281 'itatis
226 4233 311 4297 ignem
330 4246 428 4281 omnem
447 4231 600 4296 diligentiam
619 4232 746 4289 adhibeas,
773 4239 799 4281 et
817 4233 905 4281 validis
924 4231 1102 4280 contrariorum
1121 4236 1323 4295 argumentorum
1341 4231 1460 4280 ιιιιιιιιι

126 4307 200 4353 *trae
223 4302 363 4353 autentica
381 4317 464 4351 muros
482 4317 623 4368 oppugnes,
644 4310 670 4354 ot
687 4305 708 4352 si
726 4311 798 4367 potes
817 4303 928 4366 dejicias.
966 4302 1019 4366 Ego
1039 4302 1137 4350 verimti
1155 4301 1261 4351 libenter
1281 4302 1377 4353 cedam.

189 4372 391 4451 Keplerus:
418 4373 463 4434 De
487 4373 800 4436 inclinationibus
825 4373 987 4435 confudisti
1013 4392 1058 4433 tue
1082 4373 1161 4434 iuter
1183 4374 1353 4450 legendum.
1391 4370 1459 4431 Ve-

126 4471 157 4521 ln
177 4461 342 4539 respiceres
367 4462 405 4522 ad
432 4482 516 4523 meas
541 4463 645 4524 literas
669 4464 800 4542 priores,
831 4462 900 4543 quid
925 4461 1044 4522 omuino
1069 4461 1250 4539 scripserim.
1298 4461 1377 4521 Nam
1403 4460 1457 4519 hoc

126 4543 226 4623 utem,
252 4549 330 4629 qnod
355 4560 387 4611 tu
412 4550 537 4621 refutas,
561 4552 650 4630 plane
674 4571 731 4612 nou
757 4551 875 4631 scripsi.
924 4549 1009 4622 Dixi,
1045 4549 1257 4610 inclinationes
1287 4546 1457 4627 implantari

126 4632 161 4695 tsi
181 4638 296 4701 animae
321 4656 359 4699 ex
383 4649 532 4700 astrorum
556 4659 738 4714 commensu,
765 4642 820 4701 hoe
837 4648 892 4712 est,
919 4638 1049 4699 animum
1065 4638 1162 4717 ipsum
1186 4635 1316 4698 transire
1335 4635 1364 4696 in
1381 4633 1454 4696 cha·

126 4726 436 4802 autenticorum
462 4734 565 4793 notam
589 4727 632 4792 tui
656 4729 802 4795 thematis
825 4736 857 4790 et
880 4727 909 4788 in
934 4734 965 4793 te
989 4727 1091 4803 fluere,
1117 4724 1224 4787 deinde
1249 4723 1459 4786 inclinationes
