3366 5482
733 219 817 271 noas
835 222 949 317 aarum.
1462 221 1524 288 199

161 379 262 448 triplex
277 381 315 432 ad
329 397 421 435 unum
451 381 536 433 Verbi
549 380 659 451 grstia:
681 384 790 451 quando
805 398 881 436 sumo
897 398 989 435 arcum
1008 384 1102 454 ρηιον,
1121 377 1198 441 ιιιἸ
1196 413 1219 447 ι,
1242 386 1319 453 cujus
1340 386 1476 439 subtensa
1490 386 1527 438 sit

161 459 393 523 demonstrabilis,
417 452 492 512 sed¹
492 453 513 517 is
530 462 564 513 ad
578 456 743 515 residuum¹
742 459 831 518 »non
852 462 974 515 sitdicto
994 464 1071 515 modo
1092 463 1227 531 probatus
1249 469 1348 535 myos,-
1371 471 1437 518 tunc
1455 465 1527 518 tlunt

160 538 261 592 erfida
276 536 296 592 3
309 556 402 601 voces,
425 555 541 608 quarum
560 547 669 594 tantum
687 543 758 594 duae
778 548 938 594 consonant.
968 541 1037 594 Nam
1058 557 1123 610 pars
1145 537 1173 601 Ἰ.
1191 560 1251 596 cum
1266 550 1327 598 tota
1344 538 1376 602 Ἰ.
1393 549 1527 597 consonat

160 612 288 687 (propter
309 619 572 672 demonstrationem
594 622 744 673 subtensae
764 628 793 673 et
811 621 1032 674 enunciationem
1056 637 1136 674 arcus
1161 622 1333 690 possibilem,
1359 639 1430 692 quae
1450 632 1528 677 amat

160 693 273 761 nawa)
288 706 426 751 consonat
439 699 548 768 inquam
563 719 620 771 ιρις
633 701 682 753 δια
695 716 802 755 nouus.
830 701 883 753 Sed
898 700 1036 752 residuum
1054 696 1083 759 Ἰ.
1105 718 1165 753 cum
1183 694 1212 758 Ἰι
1235 720 1289 754 non
1312 709 1454 765 consonat,
1475 719 1526 756 nec

162 771 190 834 'la
206 794 271 831 cum
290 771 331 836 Ἰ..
360 779 414 831 Hic
428 795 478 846 pro
493 778 595 846 triplici
610 787 743 832 concentu
759 787 803 831 est
823 796 893 832 unus
913 781 1013 832 saltem
1029 787 1058 832 et
1072 782 1143 832 duae
1159 781 1370 849 discrepantiae.
1399 781 1526 836 Vicissim

159 857 365 911 constituantur
378 858 406 910 in
419 859 471 910 fide
486 865 581 925 partes
598 857 625 921 3,
648 861 674 921 4,
697 866 730 912 ιιι
750 875 854 911 summa
868 859 989 928 partium
1003 860 1042 913 sit
1056 859 1081 912 7.
1111 859 1164 912 Hic
1184 860 1249 928 quia
1264 867 1358 928 partes
1375 859 1392 913 3
1407 863 1441 912 ad
1457 861 1524 914 resi·

159 938 238 989 ἀιιιιιιι
253 937 281 997 4.
304 945 351 991 est
368 943 400 990 ut
420 937 447 990 in
467 937 600 991 divisione
615 938 820 1008 quadripartita
833 938 927 991 circuli
948 955 1027 991 arcus
1049 938 1066 991 3
1081 940 1228 992 subtensus
1244 940 1333 992 latere
1349 940 1524 1009 tetugonico

102 1065 103 1068 ,
160 1016 376 1080 demonstrabili,
400 1018 434 1069 ad
460 1022 547 1070 totum
570 1017 700 1070 circulum
720 1020 753 1071 4:
776 1017 836 1069 ideo
861 1017 945 1070 etiam
965 1034 1030 1085 pars
1051 1018 1111 1071 fidis
1126 1017 1143 1070 3
1159 1035 1219 1071 cum
1232 1018 1342 1072 residuo
1358 1020 1376 1071 4
1391 1027 1527 1073 consonat

160 1097 206 1151 δια
217 1111 372 1167 concepus.
400 1095 453 1149 Sed
468 1113 557 1166 neque
572 1095 590 1149 3
605 1114 693 1167 neque
709 1099 802 1150 4cu1n
817 1102 878 1149 tota
891 1096 943 1149 tide
960 1099 975 1149 7
996 1105 1138 1156 consonat,
1159 1098 1225 1167 quia
1243 1097 1339 1150 divisio
1355 1098 1449 1152 circuli
1463 1099 1492 1151 in
1507 1099 1523 1151 ‘1

159 1182 202 1229 est
213 1174 290 1229 inter
303 1175 441 1244 rejectas;
461 1192 522 1229 cum
543 1177 692 1229 subtensae
708 1183 849 1247 nequeant
863 1178 1052 1230 demonstrari.
1083 1177 1150 1229 Cum
1169 1194 1237 1248 ergo
1257 1177 1302 1231 hic
1316 1193 1425 1247 quoque
1439 1178 1525 1231 alter·

160 1261 223 1308 utra
235 1255 338 1308 saltem
352 1255 472 1308 conditio
487 1273 525 1309 ex
539 1272 627 1324 supra
639 1256 778 1325 requisitis
803 1256 883 1318 adsit,
910 1257 970 1308 ideo
991 1263 1020 1309 et
1038 1256 1083 1308 hic
1103 1264 1251 1309 concentus
1264 1257 1399 1325 simplex,
1424 1257 1526 1310 discor·

159 1335 256 1388 dantia
269 1334 385 1403 duplex.
414 1339 454 1387 At
467 1334 490 1387 si
505 1335 710 1388 constituantur
733 1335 761 1388 in
783 1336 835 1387 tide
857 1343 952 1403 partes
972 1334 1004 1398 2,
1028 1338 1058 1397 1,
1084 1342 1135 1388 aut
1155 1353 1333 1405 quaecunque
1348 1354 1384 1389 cx
1399 1343 1462 1390 octo
1477 1338 1524 1389 ad·

160 1414 263 1475 missis,
287 1415 337 1467 fiet
359 1423 508 1466 concentus
534 1414 636 1482 triplex
661 1415 747 1482 partis
770 1416 781 1466 l
806 1431 866 1467 cum
884 1415 993 1468 residuo
1016 1415 1032 1467 2
1051 1417 1100 1469 dm
1112 1432 1226 1478 πασων,
1251 1424 1281 1468 et
1299 1417 1441 1485 utriusque
1465 1432 1525 1468 cum

161 1499 219 1546 tota
233 1491 261 1555 3,
282 1492 390 1546 scilicet
403 1493 451 1545 δια
464 1511 555 1555 nme,
573 1500 603 1545 et
617 1495 665 1548 δια
679 1513 760 1548 neure
774 1494 821 1548 ἔπι
833 1495 988 1551 deonacum.
1016 1495 1068 1547 Hic
1082 1496 1160 1556 nulle.
1173 1502 1218 1548 est
1231 1495 1426 1549 discordantia.
1457 1496 1525 1548 Jur‘e

161 1573 252 1642 itaque
277 1573 339 1642 quis
363 1577 466 1642 loyouc
488 1571 572 1624 hosce
599 1574 700 1625 solidos
724 1573 834 1627 dixerit.
871 1576 1014 1627 Hactenus
1030 1593 1065 1627 ex
1085 1575 1239 1644 geometria
1259 1574 1439 1627 demonstrati
1460 1580 1527 1627 sunt

161 1669 210 1706 non
223 1653 314 1706 minus
328 1652 452 1721 perfecte
468 1655 557 1721 loyca,
573 1669 655 1721 quam
668 1653 867 1706 demonstravit
881 1654 1010 1706 Euclides
1025 1670 1149 1722 corpora.

235 1732 300 1785 Jam
313 1731 342 1784 hi
357 1735 440 1802 loyor
455 1738 522 1784 sunt
537 1746 783 1803 κοσμοποιητικοι,
803 1739 880 1785 amat
898 1751 944 1785 eos
965 1741 1066 1787 natura
1085 1733 1112 1785 in
1134 1733 1257 1786 omnibus
1272 1735 1355 1785 rebus
1372 1737 1463 1802 λογων
1477 1748 1523 1786 ca·

163 1811 283 1881 pacibus.
312 1815 398 1863 Amat
411 1828 458 1863 eos
473 1810 545 1862 ratio
560 1811 685 1872 hominis,
707 1829 777 1880 quae
792 1819 836 1865 est
850 1812 942 1882 imago
957 1812 1112 1865 conditoris.
1141 1814 1243 1865 Essent
1263 1812 1350 1882 igitur
1364 1813 1522 1865 traducendi

162 1891 280 1944 invaria
293 1889 429 1957 subjecta,
446 1891 493 1942 sed
509 1889 559 1942 illa
573 1907 627 1943 non
643 1891 734 1944 omnia
749 1898 813 1944 sunt
828 1893 949 1962 cognita.
979 1892 1056 1952 Quae
1072 1899 1165 1945 autem
1179 1893 1293 1961 cognita
1307 1898 1381 1951 sunt,
1397 1891 1522 1945 scribam.

161 1971 247 2024 Primo
262 1986 394 2028 mensura
407 1969 651 2037 pronunciationis,
668 1972 713 2023 ubi
724 1980 827 2040 regnat
840 1971 981 2040 proportio
1002 1966 1028 2029 't
1047 1978 1076 2022 et
1090 1971 1153 2023 hino
1168 1971 1266 2024 existit
1278 1971 1391 2039 poetica
1406 1971 1524 2025 omnium

164 2050 328 2120 linguarum.
356 2049 462 2102 Deinde
476 2065 606 2101 mensura
620 2057 708 2103 motus
722 2049 750 2102 in
769 2067 882 2118 corpore
904 2051 1032 2113 humano,
1052 2049 1115 2103 hinc
1136 2050 1262 2104 existunt
1279 2049 1454 2112 saltationes,
1475 2048 1525 2105 ubi

163 2136 203 2182 est
225 2122 270 2190 ¹i„
295 2122 360 2189 ¹⁸²ls.
389 2127 483 2181 Tertio
505 2131 618 2181 eaedem
640 2130 841 2198 proportiones,
868 2131 962 2183 eadem
987 2132 1019 2182 de
1041 2145 1127 2182 causa
1145 2137 1211 2183 sunt
1227 2130 1254 2182 in
1273 2144 1403 2183 mensura
1417 2137 1523 2192 cantus,

164 2209 223 2262 hinc
238 2216 368 2261 notarum
383 2208 492 2260 calores
508 2214 537 2260 et
552 2215 650 2261 tactus.
681 2209 784 2278 Opinor
800 2209 900 2262 alicubi
922 2217 951 2261 et
972 2210 1153 2278 quadruplam
1177 2202 1228 2268 ’Ἰι
1253 2214 1302 2262 aut
1321 2215 1395 2261 certe
1422 2199 1472 2266 ”t
1495 2207 1524 2262 in

163 2305 209 2342 usu
224 2305 295 2341 esse.
326 2288 432 2350 Quarto
448 2294 479 2339 ut
494 2287 605 2355 propius
621 2298 747 2341 naturam
763 2291 932 2351 accedamus,
952 2289 1046 2341 insunt
1065 2306 1157 2341 omnes
1173 2289 1295 2357 perfecte
1315 2289 1342 2340 in
1357 2291 1522 2343 concordan-

161 2369 202 2421 tiis
217 2366 335 2423 musicis.
363 2358 417 2437 [Et
431 2367 475 2420 hic
489 2373 585 2435 posset
602 2368 664 2420 addi
680 2369 831 2437 disputatio
846 2371 879 2421 dc
896 2369 1020 2421 tensione
1036 2368 1185 2423 artificiosa
1198 2368 1383 2431 clavichordii,
1400 2369 1464 2438 quis
1478 2384 1523 2421 res

161 2448 262 2502 incerta
282 2454 327 2500 est
343 2445 370 2500 in
385 2447 504 2516 quinque
520 2447 631 2499 vocibus
644 2443 674 2511 *l
687 2464 722 2509 a,
739 2447 785 2510 cis,
802 2449 820 2509 f,
836 2447 879 2511 lis,
895 2448 948 2517 gis.
975 2449 1037 2517 Ego
1053 2450 1092 2499 sic
1106 2465 1214 2510 censeo,
1229 2456 1261 2500 ut
1275 2448 1300 2501 G
1314 2449 1349 2500 ad
1363 2450 1388 2511 d,
1404 2448 1443 2501 sic
1457 2450 1474 2501 d
1488 2448 1524 2501 ad

162 2543 251 2581 aesse
267 2527 377 2587 debere,
398 2533 428 2578 et
442 2527 562 2579 utGad
578 2527 605 2588 h,
626 2525 746 2580 sicdad
762 2527 812 2587 lis;
833 2537 865 2580 ut
883 2526 998 2579 sicaet
1011 2526 1045 2579 lis
1061 2529 1386 2581 accommodenturadd.
1416 2528 1522 2582 Deinde

161 2604 918 2677 utGadcsiccadfietutGadhsiceadgis.
949 2606 1201 2675 EtdeniqueutG
1223 2609 1258 2659 ad
1280 2608 1297 2659 b
1319 2606 1452 2660 sicbad
1474 2607 1521 2660 cis.

235 2686 308 2738 Nam
329 2685 382 2737 hoc
401 2691 485 2754 pacto
506 2685 562 2747 fiet,
584 2692 616 2737 ut
637 2703 687 2754 per
706 2685 913 2754 proportionem
938 2679 967 2744 Ἰι
989 2686 1175 2738 constituatur
1190 2703 1216 2739 a.
1247 2686 1275 2740 Si
1295 2687 1433 2755 nempeG
1454 2685 1522 2741 divi-

160 2767 238 2819 datur
259 2765 286 2818 in
310 2764 336 2826 8,
363 2758 391 2820 Ἰ»
415 2764 469 2816 erit
489 2784 548 2832 ιρις
566 2766 615 2817 δια
633 2781 732 2820 nauus
754 2772 784 2818 et
810 2760 838 2824 Ἰ.
861 2773 942 2818 erunt
963 2783 988 2829 a,
1010 2766 1137 2833 perfecta
1157 2768 1288 2819 secunda
1320 2767 1363 2818 lta
1385 2783 1435 2848 per
1455 2783 1520 2835 pro·

160 2845 310 2914 portionem
346 2837 389 2901 Ἰι.
425 2843 608 2896 constituetur
638 2852 719 2897 tonus
749 2845 794 2898 vel
825 2847 946 2898 secunda
975 2846 1069 2898 minor.
1121 2846 1193 2897 Nam
1221 2836 1264 2904 ¹in
1295 2847 1328 2897 de
1357 2840 1389 2897 G
1409 2844 1522 2899 sonabit

160 2943 281 2999 ιιιρακις
299 2925 348 2978 δια
365 2939 465 2978 nouus
485 2925 631 2990 supraG,
654 2931 683 2976 et
709 2917 763 2985 ’Ἰιι
788 2925 900 2978 sonabit
921 2925 978 2978 Gis.
1021 2923 1099 2978 Sicut
1120 2941 1189 2994 ergo
1211 2939 1229 2975 a
1249 2926 1339 2984 adb,
1362 2924 1401 2976 sic
1422 2924 1521 2978 eritG

160 3006 192 3057 ad
212 3003 270 3057 Gis.
313 3004 383 3056 Nam
404 3011 433 3056 et
453 3003 470 3056 b
492 3010 536 3056 est
561 2995 616 3062 ¹¹lss
640 3006 673 3056 de
696 3021 721 3056 a.
765 3005 817 3058 Est
838 3010 931 3057 autem
959 3003 1163 3073 sedecangulus
1190 3012 1328 3073 cognatus
1356 3003 1522 3094 octangulo,

159 3091 187 3137 et
205 3099 271 3151 pars
293 3083 354 3136 fidis
375 3089 485 3137 resecta
505 3083 594 3134 adhuc
615 3091 749 3136 consonat
770 3084 830 3136 toti.
873 3083 943 3136 Hinc
965 3083 1089 3135 oriuntur
1110 3083 1182 3134 tales
1204 3082 1277 3144 toni,
1309 3099 1360 3150 per
1381 3099 1449 3151 quos
1472 3082 1520 3135 im-

159 3162 275 3217 mediate
291 3162 364 3215 inter
382 3161 555 3216 canendum
548 3161 581 3214 iri
602 3171 704 3230 potest.
739 3165 843 3216 Contra
860 3164 933 3214 inter
955 3164 980 3224 b,
1002 3162 1020 3214 h
1043 3161 1214 3214 semitonium
1236 3169 1287 3223 est,
1310 3178 1360 3229 per
1374 3163 1445 3230 quod
1468 3179 1522 3214 nun

160 3244 212 3296 itur
233 3245 367 3295 canendo.
400 3241 476 3294 Talis
498 3257 605 3311 quoque
627 3251 672 3295 est
692 3242 753 3309 ejus
775 3242 881 3295 divisio.
923 3243 993 3295 Nam
1014 3241 1037 3293 si
1058 3243 1075 3293 b
1097 3240 1238 3294 dividatur
1259 3241 1287 3294 in
1309 3241 1363 3302 25,
1387 3243 1404 3294 1)
1425 3243 1521 3294 durum

159 3323 210 3376 erit
230 3338 325 3375 earum
347 3322 468 3391 partium
489 3321 539 3382 24,
570 3328 599 3373 et
625 3313 666 3380 'iss
697 3340 749 3374 non
777 3321 940 3375 consonabit
966 3338 1025 3373 cum
1053 3326 1113 3374 totu
1133 3321 1185 3374 fide
1208 3320 1254 3374 25.
1296 3321 1354 3373 Nec
1375 3338 1443 3373 sane
1464 3328 1544 3373 mes

159 3402 235 3466 mini,
267 3402 342 3455 latus
371 3400 676 3471 vigintiquinquanguli
705 3400 895 3454 demonstrari.
938 3402 1042 3454 Contra
1062 3416 1128 3469 pars
1153 3403 1165 3454 l
1191 3400 1356 3453 consonabit
1376 3417 1436 3453 cum
1457 3415 1521 3470 par·
1544 3407 1550 3417 “

160 3482 230 3536 utus
252 3481 306 3544 24,
328 3481 376 3536 δια
399 3498 481 3536 nem
506 3479 553 3533 ἔπι
577 3499 701 3549 response
720 3485 769 3535 δια
788 3497 894 3536 nacon.
936 3482 1006 3534 Nam
1028 3480 1201 3551 24·augulus
1230 3486 1274 3532 est
1294 3477 1523 3533 demonstrationi
1618 3529 1620 3537 ,

160 3560 284 3632 propior,
309 3560 416 3614 scilicet
436 3559 459 3612 si
481 3567 681 3629 componuntur
701 3563 828 3631 trigonus
850 3568 881 3614 et
901 3568 1054 3630 octogonus
1076 3561 1104 3613 in
1124 3563 1219 3613 eodem
1240 3559 1350 3613 circulo
1392 3559 1523 3630 Sequitur

159 3641 384 3712 comparaticiu,
406 3657 435 3703 c,
459 3655 530 3708 quae
552 3657 582 3692 se
604 3657 711 3694 rursum
732 3642 846 3733 habent
869 3647 902 3693 ut
925 3642 960 3694 16
982 3642 1016 3693 ad
1042 3641 1086 3702 15,
1108 3647 1206 3709 estque
1228 3646 1309 3692 tonus
1331 3638 1425 3691 minor
1466 3638 1520 3692 Sed

160 3738 211 3774 non
233 3720 325 3774 omnia
345 3735 504 3789 persequar.
548 3719 630 3772 Vides
652 3728 745 3774 sutem
771 3737 901 3790 quorsum
927 3722 1053 3781 tendam,
1080 3737 1178 3788 nempe
1203 3726 1235 3771 ut
1256 3718 1345 3773 omnia
1366 3717 1521 3780 semitonia,

162 3808 253 3861 tonos,
275 3801 382 3862 dieses,
411 3817 448 3852 ex
469 3799 601 3851 divisione
622 3800 681 3853 fidis
703 3800 755 3854 tali
777 3802 907 3862 educam,
934 3816 1006 3868 quae
1027 3799 1133 3852 habeat
1154 3801 1317 3852 altemtram
1338 3797 1522 3851 conditionum

160 3882 271 3934 duarum
293 3895 381 3948 supra
401 3878 561 3947 positarum,
584 3886 614 3931 et
635 3889 767 3948 sequatur
788 3898 825 3933 ex
848 3879 940 3948 aliquo
961 3879 1087 3950 regulari
1107 3878 1192 3947 plano
1214 3877 1430 3940 demonstrabili,
1455 3893 1520 3946 quo·

161 3976 217 4014 rum
237 3965 319 4023 sunt,
341 3975 403 4013 mea
423 3957 531 4027 quidem
552 3959 694 4013 sententia
721 3978 776 4012 non
802 3961 986 4029 pluraquam
1007 3959 1173 4027 quindecim:
1203 3973 1274 4027 quae
1295 3957 1450 4026 designabo
1472 3972 1521 4008 nu-

161 4040 238 4094 meris
260 4047 291 4093 et
312 4040 339 4091 in
360 4040 466 4091 classes
487 4038 666 4108 distinguam.
711 4040 815 4092 Primas
838 4045 916 4093 tenet
936 4038 1130 4108 sexangulum.
1173 4037 1297 4090 Secundo
1325 4036 1385 4088 loco
1407 4042 1473 4089 sunt
1493 4032 1520 4097 3,

164 4118 312 4191 lungula,
340 4118 422 4171 tertio
448 4118 645 4187 10·angulum,
675 4128 774 4188 quarto
797 4120 832 4181 5,
859 4119 975 4188 8·ang.,
1003 4119 1097 4186 quinto
1123 4116 1170 4176 12.
1197 4115 1241 4177 15,
1264 4114 1311 4177 20,
1334 4115 1381 4178 24,
1403 4114 1450 4177 30,
1472 4115 1520 4177 40,

164 4198 211 4262 60,
233 4200 287 4263 90,
320 4196 505 4267 ltu-anguls.
548 4198 627 4258 Quae
648 4214 709 4251 cum
731 4198 771 4251 ita
791 4199 862 4259 sint,
889 4197 1037 4250 difficultas
1058 4196 1123 4248 mihi
1145 4194 1275 4263 objicitur
1295 4194 1322 4246 in
1347 4195 1382 4248 16
1404 4194 1519 4263 angulo.

166 4277 269 4338 Quaero
291 4278 380 4349 igitur
400 4295 437 4330 ex
457 4283 485 4329 te
506 4278 637 4345 primum,
660 4295 696 4330 an
717 4278 778 4345 ejus
800 4278 898 4331 lateris
920 4277 957 4329 sit
977 4277 1069 4344 alique
1092 4275 1151 4328 alia
1171 4274 1386 4335 demonstratio,
1409 4280 1521 4342 praeter

167 4374 328 4413 communem
349 4357 426 4410 illam
447 4357 564 4410 omnium
584 4358 744 4427 figurarum,
769 4374 883 4426 quarum
905 4356 1082 4425 duplicantur
1102 4357 1200 4408 latera.
1242 4355 1313 4408 Nam
1335 4354 1358 4406 si
1379 4354 1457 4406 nulla
1478 4357 1523 4404 est
1548 4374 1554 4383 ·

167 4436 225 4502 ulia,
246 4438 398 4508 poterimus
411 4435 473 4505 pari
485 4435 559 4504 jure,
581 4437 604 4489 si
625 4453 691 4491 usus
713 4438 795 4501 ferat,
817 4437 948 4490 adhibere
972 4435 1019 4498 48,
1042 4435 1088 4497 80,
1111 4434 1158 4497 96,
1184 4435 1248 4496 160,
1274 4432 1337 4495 180,
1363 4432 1427 4495 192,
1450 4430 1521 4484 240-

168 4518 274 4588 angula,
296 4525 327 4570 et
347 4516 387 4569 sic
407 4509 636 4587 consequentem]

180 4713 186 4725 .
230 4642 259 4707 1)
278 4643 492 4766 iggpsificationqqr
510 4661 611 4707 vocum,
636 4649 780 4712 quantitas
798 4646 921 4709 Keplerus
940 4650 1035 4694 veteres
1054 4647 1170 4702 secutus,
1195 4656 1239 4692 nos
1261 4639 1407 4691 hodiernam
1425 4651 1520 4687 assum·

170 4726 245 4768 119111·
303 4731 317 4767 0
346 4728 430 4769 οδω.
488 4752 494 4765 .
