3366 5482
658 251 741 317 ιιι
758 253 824 304 m·
910 280 915 287 ·
1343 255 1423 323 ιιι

64 407 205 486 Keplere,
236 416 381 489 qnantum
404 408 484 472 inter
506 427 540 471 se
564 410 731 474 dissideant
754 419 853 476 motus
876 419 910 474 et
936 431 1078 492 corpora,
1106 413 1162 474 hoc
1186 421 1236 476 ast
1258 411 1423 479 distantiae

63 496 199 576 utrinque
223 505 407 559 exstructae.
455 496 556 568 Quare
580 501 690 561 nudum
714 500 794 562 hosti
819 502 899 563 latus
922 501 1046 581 objicis,
1075 503 1136 563 imo
1163 510 1195 563 te
1218 503 1316 582 ipsum
1338 504 1421 581 ieris,

63 603 115 645 nec
138 602 215 664 opus
240 586 339 648 alieno
358 586 497 666 jugulare
521 587 631 665 gladio.

148 672 207 735 His
229 674 324 754 igitur
344 683 379 736 ut
401 676 615 755 respondeam,
644 676 768 757 primurn
793 676 910 738 inverte
933 677 1099 752 rationem,
1127 685 1161 739 et
1182 678 1334 758 ipsorum,
1363 679 1423 743 imo

61 760 191 825 omnium
215 762 336 843 appello
354 764 502 844 judicium
526 772 557 825 et
580 765 814 840 conscientiam
842 773 941 828 utrum
970 773 1179 845 argumentum
1206 775 1314 847 putent
1341 768 1421 831 veri-

61 850 189 914 similius
213 870 301 927 esse,
334 870 406 924 num
429 852 556 914 alterum
585 855 622 914 de
651 855 843 932 corporibus,
876 873 914 916 an
942 855 1000 915 boc
1023 854 1060 916 de
1084 863 1176 917 motu.
1222 855 1328 935 Neque
1343 848 1423 921 mibi

60 938 216 1020 probabile
240 948 299 1017 est,
324 960 504 1022 quemquam
527 943 617 1003 aliter
640 942 797 1016 dicturum,
822 962 912 1022 quam
936 942 1012 1004 hanc
1035 950 1169 1006 motuum
1192 944 1231 1005 ad
1254 945 1343 1006 οιιιι
1362 964 1421 1007 ac·

60 1028 334 1090 commodationem
366 1029 527 1091 admodum
560 1031 736 1092 concinnam
772 1049 841 1091 esse
881 1040 971 1110 atque
1014 1031 1190 1095 admirabile
1219 1030 1277 1093 Dei
1307 1031 1422 1111 opificis

59 1138 244 1198 χαριρῃμα.
278 1117 408 1180 Proinde
432 1119 459 1180 si
482 1119 620 1180 alterutri
639 1127 816 1221 argumento
835 1118 910 1180 fides
931 1119 1071 1180 habenda
1089 1120 1141 1193 ιιι,
1164 1119 1232 1182 huic
1255 1138 1340 1220 prae
1352 1140 1422 1183 cor·

58 1205 182 1285 poribus
213 1206 451 1285 astipulatum,
475 1215 620 1289 tanquam
648 1208 692 1268 rei
720 1207 817 1286 magis
841 1207 993 1269 evidenti:
1027 1208 1164 1287 quamvis
1187 1208 1302 1270 numeri
1325 1209 1423 1273 adbuc

59 1295 247 1373 aliquantum
270 1314 290 1355 a
313 1293 529 1373 Copernicanis
554 1296 736 1374 discrepent.
775 1293 864 1365 Quod
887 1296 914 1356 ιι
937 1295 1053 1357 obtinui
1077 1297 1199 1358 lectoris
1223 1297 1421 1371 confessione,

60 1391 128 1443 utar
155 1400 211 1463 pro
238 1383 464 1444 confirmatione
493 1403 648 1463 corporum
673 1394 705 1445 et
728 1386 922 1446 excusatione
945 1385 1115 1445 discordiae
1148 1385 1246 1459 illius,
1280 1394 1315 1446 ιιι
1346 1405 1422 1465 qnae

60 1471 161 1531 multis
185 1471 323 1551 partibus
347 1472 443 1532 minor
466 1482 530 1541 est,
556 1492 645 1552 quam
669 1473 743 1533 haec
768 1472 796 1533 in
821 1480 902 1532 motu
926 1472 1126 1534 dissonantia.
1172 1473 1254 1534 Nam
1277 1473 1303 1534 si
1328 1472 1422 1534 lector

58 1558 104 1620 bic
127 1568 256 1639 propter
278 1561 513 1622 concinnitatem
537 1561 650 1621 inventi
674 1580 813 1640 magnum
837 1576 968 1622 errorem
991 1560 1120 1622 libenter
1143 1559 1322 1630 dissimulat,
1346 1577 1420 1640 par-

59 1665 126 1709 rum
150 1647 213 1710 illic
236 1667 368 1711 errorem
392 1649 480 1728 longe
506 1650 624 1711 facilius
648 1648 800 1710 tolerabit.
848 1648 1019 1710 Diversitas
1048 1648 1125 1709 enim
1153 1647 1206 1709 illa
1233 1666 1326 1727 penes
1351 1667 1420 1710 cor-

59 1755 132 1816 pora
156 1736 304 1799 calculum
326 1737 559 1801 astronomicum
583 1738 654 1800 nihil
680 1738 839 1798 admodum
868 1736 991 1798 turbat:
1024 1737 1085 1798 ista
1107 1753 1179 1798 vero
1201 1754 1296 1816 penes
1320 1745 1420 1799 motus

57 1825 147 1904 paulo
172 1825 249 1905 quid,
265 1827 362 1906 majus
386 1826 485 1889 insert.
532 1827 634 1906 Atque
659 1826 715 1887 hoo
738 1825 864 1904 primum
887 1832 954 1898 est;
977 1825 1070 1904 plaga
1092 1843 1199 1905 nempe
1224 1826 1368 1904 reposita.

147 1913 267 1976 Deinde
291 1934 358 1977 cnm
383 1933 510 1993 corpora
533 1915 757 1976 dissentionis
785 1911 978 1986 meritust),
1013 1922 1047 1974 ut
1073 1932 1143 1974 vere
1171 1913 1244 1974 mihi
1273 1914 1420 1992 objicitur,

59 2002 147 2063 lateri
171 2000 275 2082 utique
299 2022 408 2083 cogor,
442 2003 605 2064 alterutros
633 2003 662 2063 in
695 2021 795 2063 errore
819 2001 944 2063 versari.
992 2002 1198 2062 Veruntamen
1223 2020 1354 2063 errorem
1377 2001 1423 2063 ita

59 2091 259 2154 demonstrari
282 2091 372 2170 posse
397 2090 552 2163 existimo,
578 2100 613 2152 ut
636 2101 771 2151 neutrum
795 2091 949 2152 inventum
970 2091 1083 2169 (neque
1107 2090 1144 2161 de
1168 2097 1302 2151 motuum
1326 2109 1421 2170 nequa

60 2180 95 2239 de
118 2179 234 2242 orbium
256 2179 465 2259 proportione)
494 2180 614 2261 penitus
639 2179 805 2258 relinquere
829 2198 953 2240 necesse
977 2179 1027 2240 sit
1042 2182 1068 2251 ο)
1114 2179 1223 2240 Utrum
1247 2187 1348 2239 autem
1371 2179 1420 2239 in-

59 2276 215 2329 ventorum
237 2268 268 2329 in
293 2270 382 2348 culpa
405 2269 455 2338 sit,
480 2286 517 2328 ex
542 2269 743 2348 superioribus
768 2268 856 2328 facile
879 2275 927 2328 est
945 2267 1103 2345 conjicere
1143 2266 1275 2327 Primum
1300 2267 1420 2328 distan-

63 2355 120 2416 tiae
144 2355 293 2419 motoriae
318 2358 436 2435 longius
460 2374 479 2417 a
503 2355 717 2437 Copemicanis
741 2357 898 2430 recedunt,
929 2375 1018 2435 quam
1041 2355 1191 2434 figurales.
1238 2354 1370 2426 Deinde,
1394 2354 1420 2415 si

63 2442 202 2506 notorias
218 2463 284 2507 cum
299 2442 516 2525 Gopernicanis
532 2447 680 2518 conferas,
697 2445 832 2546 singqlas
849 2464 915 2505 oum
929 2441 1069 2547 singulis,
1086 2434 1280 2524 defectusque
1300 2440 1420 2505 adscri-

64 2532 123 2605 bas,
145 2532 265 2596 videbis
289 2534 418 2615 aliquam
442 2535 613 2596 defectuum
637 2554 702 2595 cum
725 2532 800 2612 ipsis
825 2532 955 2594 numeris
979 2541 1069 2613 atque
1093 2531 1183 2594 adeo'
1194 2548 1261 2592 cnm
1283 2528 1419 2635 conpeti-

67 2621 115 2682 ιιι
137 2620 362 2702 cognationem,
386 2624 630 2703 praeterquam
622 2643 651 2683 ιιι
675 2622 836 2683 Mercurio.
883 2621 984 2682 Ecce:

408 2760 534 2843 Cepern
563 2763 713 2825 Motoriae
758 2762 968 2842 Differentiae,

319 2848 339 2921 ι
391 2851 421 2925 ἢ4
466 2849 531 2914 572
622 2848 687 2914 574
778 2848 820 2929 -ι-
867 2848 887 2912 2
978 2847 1081 2912 Cubus

315 2939 346 3014 ll
396 2947 423 3010 d
466 2936 532 3003 290
622 2936 687 3002 274
779 2935 887 3002 -16
978 2937 1175 2999 Τιιιιιιιιοιι.

315 3036 340 3098 6
392 3031 417 3103 ὃ
465 3025 530 3092 658
621 3024 686 3092 694
777 3024 819 3106 -Ι-
845 3023 888 3089 36
977 3025 1205 3087 Βοιιιιιιιιοιι.

316 3119 341 3192 ὁ
391 3116 415 3189 Ω
463 3114 528 3179 719
619 3113 687 3178 762
778 3116 820 3193 -1-
843 3113 887 3177 43
977 3113 1171 3176 Ιιοιιὲιιιοιι.

316 3205 341 3278 Ω
394 3207 415 3282 ξι
463 3203 528 3269 500
620 3202 684 3268 563
776 3200 884 3282 -1-63
977 3203 1161 3265 Octaedron.

389 3294 437 3356 vei
461 3290 526 3357 559
773 3290 817 3370 -Ι-
862 3289 882 3355 4
1072 3301 1080 3318 ’

141 3415 215 3476 Plus
241 3415 359 3478 scilicet
382 3417 410 3477 in
436 3424 574 3499 quatuor,
599 3415 697 3477 minus
720 3416 749 3475 in
774 3414 887 3494 quinto.
925 3415 1005 3476 Nam
1023 3433 1062 3476 ex
1082 3420 1219 3492 quatuor,
1244 3415 1314 3476 bina
1336 3433 1418 3479 sem·

75 3516 114 3575 per
133 3522 258 3583 corpora
282 3514 353 3566 sunt
376 3506 496 3578 similia,
521 3505 655 3584 quintum
678 3504 847 3565 solitarium
871 3512 929 3565 est.
962 3503 1081 3564 Deinde
1098 3503 1288 3587 Mercurium,
1314 3513 1348 3565 ut
1371 3512 1420 3566 est

76 3591 167 3667 ιιιιιι,
190 3594 221 3653 in
246 3594 381 3656 ordinem
404 3595 507 3674 redige
531 3603 563 3654 et
585 3594 696 3671 cogita,
722 3593 831 3654 debere
855 3591 969 3673 aliquid
992 3591 1084 3653 altius
1108 3592 1208 3653 media
1231 3592 1312 3653 orbis
1336 3593 1418 3671 spis-

75 3676 185 3741 siunins
207 3698 263 3760 pro
287 3683 387 3743 media
410 3683 557 3744 distantia
581 3681 713 3754 censeri,
739 3689 858 3762 tantum
882 3698 1004 3758 nempe,
1035 3688 1164 3759 quantus
1189 3687 1236 3740 est
1260 3682 1340 3741 orbis
1364 3698 1418 3741 oc-

75 3768 153 3829 neeri
166 3767 205 3843 ¹¹),
231 3772 327 3850 (quod
350 3789 443 3850 snpra
465 3770 608 3831 audivisti
631 3770 732 3831 media
750 3769 947 3849 spissitudine
963 3769 1092 3849 amplius
1107 3771 1247 3841 esselet
1270 3769 1419 3830 obtinebit

74 3869 113 3929 pro
133 3858 232 3919 media
255 3858 403 3921 distantia
425 3856 510 3933 559,
540 3878 598 3920 non
627 3856 703 3921 500.
749 3859 818 3919 Erit
839 3858 930 3937 igitur
958 3858 1006 3918 hic
1035 3857 1107 3916 ordo
1136 3857 1199 3934 ejus
1232 3875 1419 3919 numerorum

74 3945 103 4016 ι,
124 3949 162 4021 ιε
187 3943 269 4019 559,
293 3943 357 4010 563
382 3945 440 4026 (ι-
463 3944 510 4021 4).
557 3947 637 4008 Ecce
661 3948 691 4007 in
715 3943 750 4023 ij,
774 3946 820 4021 ll,
845 3955 877 4007 et
902 3945 942 4018 Ω,
967 3947 988 4022 Q
1012 3944 1197 4005 differentias
1221 3945 1350 4006 minores
1374 3965 1416 4008 sc.

73 4026 137 4108 24,
161 4035 191 4096 in
210 4043 246 4110 ό,
271 4036 309 4112 ὅ,
323 4039 360 4111 -ὄ
381 4036 407 4110 9
425 4037 566 4115 majores,
591 4055 634 4096 sc.
651 4031 705 4108 30,
725 4031 778 4110 43,
803 4036 882 4096 sient
904 4034 1067 4112 interjecta
1090 4051 1217 4110 corpora
1240 4033 1301 4094 illic
1324 4035 1419 4096 cubus

71 4125 290 4199 ιιοιιιιάιοιι,
315 4125 363 4186 ιιι
387 4124 595 4187 dodecae‘dron
621 4132 652 4186 et
675 4123 850 4185 icosaedrou
875 4132 947 4184 sunt
969 4122 1089 4184 similia.
1135 4122 1178 4183 Et
1200 4123 1421 4198 animadverte}

72 4211 134 4286 quod
156 4211 229 4284 illic,
253 4213 303 4274 ubi
325 4233 437 4293 magna
460 4213 632 4275 differentia
655 4220 704 4273 est
723 4212 934 4290 inscriptorum
954 4219 985 4272 et
999 4209 1299 4289 circumscriptorum,
1323 4221 1420 4290 parta

69 4306 107 4359 ent
134 4300 306 4365 differentia
337 4303 568 4365 distantiarum:
602 4301 734 4362 vicissim
758 4301 808 4362 ubi
839 4301 1053 4379 propemodum
1083 4299 1229 4379 aequales
1261 4301 1417 4384 adscripti,

68 4402 163 4468 magon
186 4391 348 4453 intervallo
372 4392 521 4453 dissident
545 4391 710 4452 distantiae
734 4389 881 4451 motoriae
905 4387 1174 4467 aCopernicanis.

143 4477 222 4542 Dum
243 4480 337 4558 igitur
359 4480 390 4541 in
414 4481 534 4542 defectu
557 4480 614 4540 hoc
638 4480 680 4541 sit
702 4478 850 4558 quaedam
874 4477 1059 4556 aequalitas,
1088 4482 1121 4538 et
1143 4495 1214 4537 vero
1238 4476 1311 4536 nihil
1334 4473 1417 4535 ordi-

65 4573 159 4630 ntum
173 4567 300 4631 fortuito
314 4569 445 4642 accidat,
469 4568 537 4630 ideo
553 4568 753 4647 cogitandum,
779 4585 917 4628 numeros
940 4566 1031 4626 hosca
1055 4565 1094 4625 ad
1117 4565 1277 4625 veritatem
1300 4562 1418 4642 quidem

65 4653 202 4730 alludere,
226 4657 357 4718 noudum
381 4665 481 4718 tamen
506 4677 573 4718 eam
596 4656 715 4734 penitus
740 4665 907 4716 assecutos.
945 4655 1061 4733 Nempe
1086 4653 1114 4713 in
1140 4653 1205 4732 ipso
1229 4652 1418 4712 theoremate

63 4742 155 4807 adhuc
176 4745 277 4808 limari
301 4745 498 4828 quidpotest
511 4751 557 4818 ·):
591 4754 644 4808 aut
676 4745 833 4806 theorema
865 4742 984 4824 quidem
1016 4750 1097 4804 recte
1130 4740 1242 4812 habet,
1275 4739 1331 4801 sed
1354 4740 1418 4820 ejus
1534 4740 1547 4761 ⁶

260 4853 265 4861 “
1146 4839 1206 4897 12*
