3366 5482
249 176 256 208 1
275 169 282 207 ·.

260 244 313 352 16
666 318 671 326 ,
810 326 812 329 ,
850 234 1012 322 mamm

256 416 401 469 merorum
421 385 616 480 concordent,
642 405 781 509 exigpam
804 416 836 470 et
858 398 1061 471 insensibilem
1078 408 1207 471 existere
1223 391 1443 473 differentiam
1435 429 1465 472 6
1480 405 1608 472 arcubus

140 555 143 563 ,
257 495 391 578 zodiaci,
426 496 548 575 qnorum
578 496 681 575 gratia
701 495 783 556 sinus
806 505 838 560 et
860 498 1022 566 distantiae
1045 498 1247 580 exquiruntur.
1291 498 1338 561 Ut
1358 493 1510 562 5773663
1534 497 1610 560 iacit

257 603 359 648 arcum
381 542 540 659 3511,6’
576 585 631 646 sed
652 579 810 648 6831967
840 586 915 649 fecit
946 597 1054 649 616616
1074 582 1226 662 36146,
1258 586 1318 650 diti.
1345 584 1409 663 24;
1441 583 1535 668 igitur
1561 579 1608 649 1116

256 669 380 749 68464,
404 692 510 754 nempe
531 631 556 735 6
578 673 640 736 fere
664 672 815 755 myriades
839 634 1610 791 661666661661666661661666666661661666

257 762 409 826 dimidium
431 762 583 865 616666·
575 782 604 824 6
620 762 758 825 arcubus.

345 849 462 913 Deinde
484 850 512 913 ai
534 851 681 932 tingamus
703 851 827 925 saltem,
844 851 934 923 baec
957 869 1025 915 esse
1047 852 1221 930 1611661616,
1250 873 1329 935 quae
1356 853 1393 916 de
1415 851 1608 957 proportione

256 959 411 1021 corpomm
434 941 464 1001 iu
488 940 638 1018 coelorum
661 910 856 1019 dispositione
880 941 1042 1003 6116611666
1065 942 1144 1004 dixi.
1167 963 1226 1005 non
1248 942 1429 1007 mehercle
1420 943 1531 1022 mju'ria
1551 960 1609 1004 16

256 1030 411 1092 hementer
433 1025 499 1110 quis
521 1029 621 1092 mirari
643 1035 764 1129 posset,
793 1027 990 1108 Copernicum
1017 1037 1081 1093 tam
1107 1051 1206 1158 61666
1227 1032 1395 1146 accessisse
1423 1031 1462 1093 66
1485 1031 1529 1094 161
1553 1049 1607 1092 16-

255 1117 385 1181 1166666.

344 1207 424 1268 Nem
446 1205 576 1269 artifices
600 1147 760 1269 distantias
784 1205 898 1267 orbium
923 1226 959 1268 ex
987 1207 1289 1291 προσθαφαιρεσα·
1270 1229 1393 1289 61166616
1420 1208 1544 1288 6661666
1575 1216 1607 1270 66

236 1302 440 1375 ‚computant
485 1295 597 1375 Atque
611 1314 670 1357 non
685 1295 790 1358 solnm
813 1294 944 1358 lubricus
969 1304 1000 1358 et
1022 1297 1152 1360 difficilis
1175 1307 1224 1360 est
1244 1299 1350 1360 modus
1374 1297 1414 1360 66
1428 1318 1480 1360 eae
1494 1316 1605 1378 perve-

255 1385 356 1448 niendi
374 1403 428 1465 per
451 1383 619 1446 diuturnam
643 1383 892 1460 observationem,
917 1385 972 1446 sed
996 1386 1119 1447 etiam'
1109 1407 1195 1467 rpsae
1217 1387 1368 1450 interdum
1389 1397 1524 1449 veterum
1548 1388 1604 1448 ob-

255 1474 456 1548 servationes,
481 1473 590 1554 quibus
610 1491 666 1537 ceu
688 1473 887 1536 fundamentis
910 1474 1093 1537 recentiores
1116 1476 1171 1538 niti
1194 1475 1320 1549 debent,
1343 1497 1363 1538 a
1385 1477 1514 1587 16116666
1539 1476 1605 1575 1116-

255 1569 389 1644 crepant,
411 1580 475 1624 nac.
491 1560 608 1624 omnino
631 1563 819 1625 certissimae
842 1571 921 1625 sunt.
1317 1587 1320 1598 ·

320 1650 431 1722 Quod
454 1650 544 1731 igitur
567 1651 680 1714 numeri
703 1651 733 1714 in
755 1651 940 1714 Mercurio
964 1651 1121 1726 dissident,
1145 1653 1331 1716 excusationi
1345 1653 1432 1715 uobis
1450 1671 1518 1715 esse
1533 1659 1606 1732 666·

187 1791 205 1819 ,e
255 1749 303 1814 666
324 1740 482 1822 multiplex
504 1740 645 1843 planetae
668 1741 801 1812 uarietas
825 1746 858 1802 et
879 1740 1010 1803 maxima
1033 1741 1098 1821 ejus
1112 1742 1292 1805 observandi
1307 1741 1478 1817 difficultas,
1503 1750 1538 1848 ut
1556 1740 1606 1846 qui

254 1850 322 1894 raro
345 1829 504 1913 admodum
527 1828 688 1892 66161661.
714 1828 806 1911 (066.
830 1828 950 1904 XVII.)

343 1904 446 1984 Etiam
467 1918 543 1980 illud
566 1918 746 1981 astronomis
771 1917 988 1993 6666666666
1012 1917 1159 1999 relinquo,
1188 1926 1286 1981 utrum
1313 1936 1376 1981 666
1398 1919 1447 1981 16
1459 1919 1607 2000 1166616·-

256 2015 327 2089 neta
350 2026 493 2087 vaporum
517 2000 668 2068 densitate
692 2016 724 2070 et
745 2007 872 2089 physica
894 2008 1050 2085 parallaxi,
1074 2027 1163 2088 quam
1185 2027 1240 2071 nec
1264 2008 1317 2072 Sol
1341 2028 1395 2069 uec
1419 1999 1506 2071 Luna
1522 2009 1606 2070 666-

256 2098 311 2178 git,
334 2096 484 2159 interdum
507 2095 785 2164 161166661.Ν66
807 2096 865 2158 etsi
889 2097 1037 2159 interdum
1061 2097 1109 2159 hic
1130 2097 1256 2178 planeta
1270 2118 1286 2158 e
1301 2098 1395 2178 radiis
1409 2096 1492 2159 Solis
1506 2117 1606 2160 omer-

254 2187 332 2265 616,
351 2204 502 2266 nunquam
533 2191 635 2246 tamen
663 2185 722 2247 nisi
752 2203 844 2266 prope
876 2186 1059 2249 horizontem
1087 2205 1141 2266 per
1167 2174 1358 2267 interjectam
1381 2187 1606 2248 exhalationum

258 2275 374 2355 copiam
396 2282 500 2336 nostro
525 2293 558 2335 se
582 2273 659 2336 visui
682 2282 867 2354 praesentat.

305 2417 308 2429 .
349 2362 436 2434 Quod
460 2370 558 2425 antem
580 2362 612 2424 in
634 2364 752 2426 Marte
776 2361 866 2427 etiam
889 2381 953 2430 non
972 2363 1188 2425 contemnenda
1201 2371 1250 2425 est
1264 2362 1436 2439 diversitas,
1460 2362 1534 2425 nihil
1547 2363 1606 2425 mi-

159 2485 161 2489 *
260 2471 342 2524 rum,
365 2471 426 2514 nec
443 2471 490 2514 me
513 2460 614 2518 movet
622 2472 632 2526 ;
665 2460 798 2515 moveret
820 2451 939 2532 potins,
967 2452 995 2514 61
1017 2452 1100 2514 66116
1122 2460 1214 2514 66666.
1260 2452 1535 2535 Memininamque
1558 2472 1607 2515 me

261 2545 285 2605 a'
302 2561 368 2605 meo
391 2541 769 2623 praeceptore'Maestlino
793 2540 941 2617 audiisse,
966 2541 1072 2603 sideris
1096 2541 1182 2622 hujus
1206 2560 1321 2603 errores
1345 2562 1364 2603 a
1386 2542 1502 2605 calculo
1526 2541 1608 2605 intra

260 2629 281 2694 2
304 2632 484 2710 integrorum
504 2631 650 2711 graduum
668 2630 824 2710 angustias
844 2631 918 2710 cogi
929 2648 988 2691 nou
1005 2648 1106 2715 posse.
1153 2628 1246 2709 (Cap.
1270 2629 1406 2706 XVIII.)

185 2794 189 2804 ¹
348 2720 394 2782 As
416 2720 560 2800 objicias,
594 2718 788 2782 Saturnum
818 2719 939 2781 nimium
967 2710 1148 2800 discrepare.
1196 2717 1276 2789 Quid
1307 2719 1354 2782 1116
1379 2719 1491 2801 agam?
1528 2720 1607 2782 Num

260 2800 329 2892 quid
352 2809 506 2873 convictus
529 2809 618 2872 6661
641 2809 764 2871 Minime
778 2827 858 2871 vero
905 2808 985 2871 Nam
1007 2807 1086 2870 sicut
1107 2807 1212 2889 ingens
1236 2809 1301 2887 ejus
1325 2808 1478 2871 distantia
1495 2809 1606 2871 facilli·

259 2918 339 2963 mam
362 2898 454 2963 611611
477 2889 600 2961 causam
622 2898 778 2977 praebet
769 2918 799 2960 16
823 2896 1049 2959 observatione:
1074 2895 1117 2958 616
1141 2916 1223 2959 61161
1245 2897 1444 2978 indistantia,
1469 2897 1606 2978 quamvis

258 2989 435 3064 luculentus,
460 2988 597 3068 exiguam
620 2995 651 3048 ct
674 2986 811 3067 opinione
834 2985 975 3048 6166166
992 2984 1110 3047 616616
1102 3005 1131 3048 16
1146 2986 1250 3048 motu
1242 3005 1329 3090 mque
1347 2991 1608 3068 προσθαφαιρεσα

259 3078 477 3153 diversitatem
523 3077 566 3139 Et
596 3085 696 3138 tamen
720 3095 814 3158 neque
836 3075 925 3155 hujus
948 3074 1055 3136 sideris
1077 3083 1175 3139 motus
1199 3069 1364 3151 certissime
1388 3075 1514 3138 11166661
1536 3082 1608 3138 sunt

245 3141 442 3230 astronomi:
466 3166 514 3229 161
537 3166 604 3227 sola
626 3165 791 3249 praeterita
813 3163 1154 3227 616666666166166.
1190 3161 1606 3230 Ν6611162.12.Ν61.6.

262 3253 453 3321 locavisse
477 3246 525 3317 eit
548 3261 654 3317 exacte
677 3253 756 3315 inter
779 3253 925 3320 cervicem
952 3260 985 3315 66
1011 3271 1062 3314 cor
1089 3252 1199 3329 leonis,
1232 3252 1284 3315 ubi
1310 3260 1377 3316 esse
1401 3254 1533 3317 debebat
1555 3273 1607 3316 se-

259 3347 386 3429 cundum
410 3342 610 3408 calculumd.
624 3341 688 3419 21.
714 3339 766 3421 31.
783 3341 852 3406 066.
876 3340 1048 3422 6166661166.
1094 3341 1272 3405 Differentia
1286 3343 1367 3423 long.
1382 3339 1445 3419 37‘,
1471 3343 1527 3405 lat.
1541 3340 1606 3414 20¹,

258 3419 327 3517 plus
350 3434 457 3496 61666.
506 3431 594 3506 Quod
617 3433 644 3494 61
666 3431 748 3494 16616
769 3432 847 3493 hunc
869 3431 1026 3493 terminum
1049 3431 1248 3511 permanserit
1271 3431 1336 3511 ejus
1354 3439 1453 3495 motus
1472 3417 1609 3496 correcta¹

258 3526 346 3587 modo
366 3523 522 3601 distantia,
547 3520 726 3584 existImabo
740 3520 856 3582 abunde
869 3519 1067 3585 satisfactum
1082 3521 1144 3583 fore
1159 3521 1347 3583 astronomis.
1394 3518 1486 3601 (Cap.
1501 3521 1607 3596 XIX.)

347 3612 466 3684 Quid·
442 3633 468 3674 61
481 3626 553 3673 1616
564 3609 727 3673 astronomi
740 3609 796 3673 hoc
810 3609 904 3689 adjuti
914 3608 1122 3672 theoremate'
1113 3630 1143 3671 16
1158 3610 1341 3672 correctione
1357 3611 1511 3672 666666·
1502 3630 1533 3672 16
1549 3629 1609 3691 qus

257 3704 372 3785 pridem
396 3701 547 3766 desudant
566 3700 693 3804 posthac
716 3698 832 3761 felicius
856 3718 980 3779 pergere
1002 3698 1141 3778 possint?
1164 3698 1271 3780 Neque
1290 3698 1346 3760 hoc
1361 3700 1437 3762 adeo
1451 3698 1608 3762 ridiculum

258 3800 306 3854 est
328 3792 437 3866 dicere,
460 3809 530 3853 nam
554 3789 581 3852 61
603 3788 706 3851 haberi
728 3794 834 3871 posset
855 3787 961 3851 similis
985 3786 1243 3851 eccentricitatum
1266 3787 1352 3863 ratio,
1380 3789 1497 3870 qualem
1520 3789 1607 3852 11116-

257 3877 323 3956 1666
346 3900 415 3962 esec
436 3881 467 3942 in
491 3878 654 3953 distantiis,
678 3878 816 3939 conlecta
838 3897 887 3939 166
911 3885 994 3940 66666
1012 3885 1043 3939 66
1066 3877 1188 3939 cuilibet
1203 3875 1300 3938 obvia.
1344 3836 1428 3940 Nam
1442 3878 1519 3939 adeo
1534 3896 1608 3940 con·

258 3971 376 4032 cinnum
398 3955 470 4032 mihi
494 3969 612 4031 videtur
635 3967 690 4029 hoc
714 3961 759 4028 66
774 3966 945 4047 corporibus
968 3966 1138 4047 negotium,
1171 3973 1206 4026 66
1235 3965 1373 4046 quicquid
1401 3966 1498 4029 adhuc
1521 3967 1614 4031 116666Ι

258 4059 297 4121 ad
319 4069 451 4122 motuum
474 4065 611 4121 exactam
634 4055 851 4136 cognitionem,
887 4074 971 4117 omne
1000 4055 1030 4116 16
1053 4052 1309 4118 66666616166666
1337 4055 1413 4117 11616
1444 4055 1606 4119 conform.

257 4148 405 4229 Imprimis
439 4149 575 4212 idoneam
602 4145 671 4207 hnic
701 4145 744 4207 rei
767 4163 874 4208 censeo
898 4142 1051 4207 Martialis
1076 4143 1307 4206 ecceutricitatis
1336 4144 1607 4223 amplificationem,

260 4258 335 4320 quae
359 4238 420 4299 lieri
444 4246 548 4318 posset
570 4255 623 4317 661
645 4253 770 4314 parvum
792 4230 946 4296 circellum
969 4235 1109 4313 (propter
1130 4232 1230 4294 varios
1254 4233 1363 4295 Martis
1391 4233 1521 4309 errores)
1556 4240 1609 4297 aut

260 4326 520 4408 quomodocunque
545 4326 642 4387 aliter.
688 4324 767 4388 Nam
789 4325 876 4388 Jovis
901 4323 941 4385 ad
957 4323 1094 4396 Martem,
1119 4322 1230 4383 Terrae
1254 4322 1292 4383 ad
1311 4322 1461 4385 Venerem
1478 4342 1608 4404 propor-

259 4414 301 4478 tio
326 4416 432 4478 eadem
454 4434 529 4495 quae
552 4415 582 4476 in
607 4415 796 4494 corporibus,
830 4411 963 4487 indicat,
997 4412 1027 4473 in
1050 4409 1348 4487 maxIma'Veneris‚
1382 4410 1487 4473 intima
1508 4410 1609 4486 Jovis,

258 4506 330 4567 iteru
353 4504 383 4565 in
407 4511 473 4565 tota
495 4504 606 4566 Terrae
631 4502 853 4564 ecceutricitate
878 4519 936 4563 non
961 4501 1004 4564 ita
1018 4501 1105 4562 facile
1121 4500 1190 4580 quid
1204 4500 1312 4562 mutari
1326 4514 1425 4580 posse.
1461 4500 1610 4572 ‚Videant

258 4596 366 4670 etiam,
403 4592 509 4674 quibus
527 4602 576 4654 est
598 4592 704 4667 otium,
740 4600 837 4653 utrum
860 4610 918 4651 non
943 4599 1045 4652 666616
1067 4606 1207 4668 6616616,
1233 4608 1307 4668 quae
1331 4586 1447 4669 species
1471 4589 1616 4655 diversae·

258 4685 366 4753 sortita
385 4690 467 4767 61166,
492 4681 681 4746 occasionem
704 4680 869 4761 praebeant
890 4677 953 4741 suis
978 4677 1151 4740 differentiis
1179 4679 1270 4741 etde
1294 4677 1553 4743 ccocntricitatnm
1577 4690 1608 4743 et
