<?xml version="1.0" encoding="UTF-8"?>
<!DOCTYPE html PUBLIC "-//W3C//DTD XHTML 1.0 Transitional//EN"
    "http://www.w3.org/TR/xhtml1/DTD/xhtml1-transitional.dtd">
<html xmlns="http://www.w3.org/1999/xhtml" xml:lang="en" lang="en">
 <head>
  <title>
</title>
<meta http-equiv="Content-Type" content="text/html;charset=utf-8" />
  <meta name='ocr-system' content='tesseract 3.04.00' />
  <meta name='ocr-capabilities' content='ocr_page ocr_carea ocr_par ocr_line ocrx_word'/>
</head>
<body>
  <div class='ocr_page' id='page_1' title='image "./joanniskepleria04frisgoog_0193.png"; bbox 0 0 3366 5482; ppageno 0'>
   <div class='ocr_carea' id='block_1_1' title="bbox 163 290 1009 361">
    <p class='ocr_par' dir='ltr' id='par_1_1' title="bbox 163 290 1009 361">
     <span class='ocr_line' id='line_1_1' title="bbox 163 290 1009 361; baseline 0.004 -3"><span class='ocrx_word' id='word_1_1' title='bbox 163 290 224 360; x_wconf 76' lang='lat' dir='ltr'>tta</span> <span class='ocrx_word' id='word_1_2' title='bbox 678 293 789 357; x_wconf 65' lang='grc' dir='ltr'>ΗΜ</span> <span class='ocrx_word' id='word_1_3' title='bbox 808 293 1009 361; x_wconf 62' lang='lat' dir='ltr'>campanula</span> 
     </span>
    </p>
   </div>
   <div class='ocr_carea' id='block_1_2' title="bbox 159 436 1520 977">
    <p class='ocr_par' dir='ltr' id='par_1_2' title="bbox 159 436 1520 797">
     <span class='ocr_line' id='line_1_2' title="bbox 159 436 1520 535; baseline 0.001 -21"><span class='ocrx_word' id='word_1_4' title='bbox 159 452 273 515; x_wconf 92' lang='lat' dir='ltr'>numeri</span> <span class='ocrx_word' id='word_1_5' title='bbox 296 453 449 525; x_wconf 89' lang='lat' dir='ltr'>iudicant,</span> <span class='ocrx_word' id='word_1_6' title='bbox 473 461 615 534; x_wconf 89' lang='lat' dir='ltr'>quantum</span> <span class='ocrx_word' id='word_1_7' title='bbox 640 451 752 514; x_wconf 90' lang='lat' dir='ltr'>dierum</span> <span class='ocrx_word' id='word_1_8' title='bbox 776 472 865 535; x_wconf 92' lang='lat' dir='ltr'>quam</span> <span class='ocrx_word' id='word_1_9' title='bbox 888 453 1022 533; x_wconf 84' lang='lat' dir='ltr'><strong>proxime</strong></span> <span class='ocrx_word' id='word_1_10' title='bbox 1046 452 1194 514; x_wconf 84' lang='lat' dir='ltr'>debeatur</span> <span class='ocrx_word' id='word_1_11' title='bbox 1215 452 1348 516; x_wconf 82' lang='lat' dir='ltr'>inferiori</span> <span class='ocrx_word' id='word_1_12' title='bbox 1368 436 1520 532; x_wconf 79' lang='lat' dir='ltr'>planet&#39;ae,</span> 
     </span>
     <span class='ocr_line' id='line_1_3' title="bbox 161 534 1520 623; baseline 0.002 -21"><span class='ocrx_word' id='word_1_13' title='bbox 161 542 268 605; x_wconf 86' lang='lat' dir='ltr'>eadem</span> <span class='ocrx_word' id='word_1_14' title='bbox 291 541 483 620; x_wconf 79' lang='lat' dir='ltr'>proportione</span> <span class='ocrx_word' id='word_1_15' title='bbox 508 542 546 602; x_wconf 92' lang='lat' dir='ltr'>ad</span> <span class='ocrx_word' id='word_1_16' title='bbox 570 541 683 617; x_wconf 90' lang='lat' dir='ltr'>orbem,</span> <span class='ocrx_word' id='word_1_17' title='bbox 708 561 767 623; x_wconf 93' lang='lat' dir='ltr'>qua</span> <span class='ocrx_word' id='word_1_18' title='bbox 789 542 885 603; x_wconf 91' lang='lat' dir='ltr'>utitor</span> <span class='ocrx_word' id='word_1_19' title='bbox 906 541 967 615; x_wconf 87' lang='lat' dir='ltr'>ille,</span> <span class='ocrx_word' id='word_1_20' title='bbox 993 542 1042 622; x_wconf 91' lang='lat' dir='ltr'>qui</span> <span class='ocrx_word' id='word_1_21' title='bbox 1057 551 1106 603; x_wconf 89' lang='lat' dir='ltr'>est</span> <span class='ocrx_word' id='word_1_22' title='bbox 1120 543 1149 603; x_wconf 93' lang='lat' dir='ltr'>iu</span> <span class='ocrx_word' id='word_1_23' title='bbox 1164 542 1265 623; x_wconf 87' lang='lat' dir='ltr'>capite</span> <span class='ocrx_word' id='word_1_24' title='bbox 1280 534 1520 618; x_wconf 75' lang='lat' dir='ltr'>columellaa.”]</span> 
     </span>
     <span class='ocr_line' id='line_1_4' title="bbox 160 628 1520 712; baseline 0.001 -22"><span class='ocrx_word' id='word_1_25' title='bbox 160 631 255 692; x_wconf 87' lang='lat' dir='ltr'>Vides</span> <span class='ocrx_word' id='word_1_26' title='bbox 279 630 380 710; x_wconf 78' lang='lat' dir='ltr'>igitur,</span> <span class='ocrx_word' id='word_1_27' title='bbox 404 649 507 691; x_wconf 88' lang='lat' dir='ltr'>veram</span> <span class='ocrx_word' id='word_1_28' title='bbox 531 630 685 709; x_wconf 91' lang='lat' dir='ltr'>periodum</span> <span class='ocrx_word' id='word_1_29' title='bbox 709 649 828 710; x_wconf 86' lang='lat' dir='ltr'>semper</span> <span class='ocrx_word' id='word_1_30' title='bbox 852 631 995 693; x_wconf 83' lang='lat' dir='ltr'>minorem</span> <span class='ocrx_word' id='word_1_31' title='bbox 1020 650 1100 702; x_wconf 90' lang='lat' dir='ltr'>esse,</span> <span class='ocrx_word' id='word_1_32' title='bbox 1124 649 1214 712; x_wconf 91' lang='lat' dir='ltr'>quam</span> <span class='ocrx_word' id='word_1_33' title='bbox 1229 637 1279 693; x_wconf 90' lang='lat' dir='ltr'>est</span> <span class='ocrx_word' id='word_1_34' title='bbox 1300 631 1364 706; x_wconf 89' lang='lat' dir='ltr'>illa,</span> <span class='ocrx_word' id='word_1_35' title='bbox 1390 649 1468 711; x_wconf 82' lang='lat' dir='ltr'>quaa</span> <span class='ocrx_word' id='word_1_36' title='bbox 1481 628 1520 695; x_wconf 85' lang='lat' dir='ltr'>illi</span> 
     </span>
     <span class='ocr_line' id='line_1_5' title="bbox 160 717 846 797; baseline -0.003 -17"><span class='ocrx_word' id='word_1_37' title='bbox 160 719 336 782; x_wconf 80' lang='lat' dir='ltr'>attribuitur</span> <span class='ocrx_word' id='word_1_38' title='bbox 359 717 398 779; x_wconf 92' lang='lat' dir='ltr'>ad</span> <span class='ocrx_word' id='word_1_39' title='bbox 423 717 648 781; x_wconf 90' lang='lat' dir='ltr'>similitudinem</span> <span class='ocrx_word' id='word_1_40' title='bbox 673 720 846 797; x_wconf 89' lang='lat' dir='ltr'>superioris.</span> 
     </span>
    </p>

    <p class='ocr_par' dir='ltr' id='par_1_3' title="bbox 162 806 1520 977">
     <span class='ocr_line' id='line_1_6' title="bbox 238 806 1520 887; baseline 0.002 -19"><span class='ocrx_word' id='word_1_41' title='bbox 238 806 363 868; x_wconf 88' lang='lat' dir='ltr'>Interim</span> <span class='ocrx_word' id='word_1_42' title='bbox 387 816 488 868; x_wconf 86' lang='lat' dir='ltr'>tamen</span> <span class='ocrx_word' id='word_1_43' title='bbox 513 816 645 869; x_wconf 90' lang='lat' dir='ltr'>motuum</span> <span class='ocrx_word' id='word_1_44' title='bbox 669 807 805 869; x_wconf 88' lang='lat' dir='ltr'>binorum</span> <span class='ocrx_word' id='word_1_45' title='bbox 830 807 868 867; x_wconf 90' lang='lat' dir='ltr'>ad</span> <span class='ocrx_word' id='word_1_46' title='bbox 891 807 1033 882; x_wconf 87' lang='lat' dir='ltr'>invicem,</span> <span class='ocrx_word' id='word_1_47' title='bbox 1064 826 1122 868; x_wconf 93' lang='lat' dir='ltr'>uou</span> <span class='ocrx_word' id='word_1_48' title='bbox 1147 807 1265 887; x_wconf 91' lang='lat' dir='ltr'>quidem</span> <span class='ocrx_word' id='word_1_49' title='bbox 1290 807 1414 884; x_wconf 82' lang='lat' dir='ltr'>eadam,</span> <span class='ocrx_word' id='word_1_50' title='bbox 1438 807 1520 871; x_wconf 84' lang='lat' dir='ltr'>simi·</span> 
     </span>
     <span class='ocr_line' id='line_1_7' title="bbox 162 897 1126 977; baseline 0.001 -19"><span class='ocrx_word' id='word_1_51' title='bbox 162 897 200 958; x_wconf 90' lang='lat' dir='ltr'>lis</span> <span class='ocrx_word' id='word_1_52' title='bbox 224 905 325 958; x_wconf 82' lang='grc' dir='ltr'><strong>ιειιιειι</strong></span> <span class='ocrx_word' id='word_1_53' title='bbox 350 914 469 977; x_wconf 91' lang='lat' dir='ltr'>semper</span> <span class='ocrx_word' id='word_1_54' title='bbox 493 902 541 956; x_wconf 88' lang='lat' dir='ltr'>est</span> <span class='ocrx_word' id='word_1_55' title='bbox 564 897 725 975; x_wconf 87' lang='lat' dir='ltr'>proportio,</span> <span class='ocrx_word' id='word_1_56' title='bbox 752 915 828 976; x_wconf 87' lang='lat' dir='ltr'>quae</span> <span class='ocrx_word' id='word_1_57' title='bbox 851 897 930 957; x_wconf 89' lang='lat' dir='ltr'>iuter</span> <span class='ocrx_word' id='word_1_58' title='bbox 953 897 1126 959; x_wconf 85' lang='lat' dir='ltr'>distantias.</span> 
     </span>
    </p>
   </div>
   <div class='ocr_carea' id='block_1_3' title="bbox 172 1037 1520 1311">
    <p class='ocr_par' dir='ltr' id='par_1_4' title="bbox 172 1037 1520 1311">
     <span class='ocr_line' id='line_1_8' title="bbox 315 1037 1520 1203; baseline 0.002 -16"><span class='ocrx_word' id='word_1_59' title='bbox 315 1037 421 1189; x_wconf 59' lang='grc'><strong>1102859</strong></span> <span class='ocrx_word' id='word_1_60' title='bbox 447 1055 537 1191; x_wconf 65' lang='grc'><strong>2211</strong></span> <span class='ocrx_word' id='word_1_61' title='bbox 583 1123 757 1203; x_wconf 83' lang='lat' dir='ltr'>accipiatur</span> <span class='ocrx_word' id='word_1_62' title='bbox 781 1125 864 1186; x_wconf 90' lang='lat' dir='ltr'>sinus</span> <span class='ocrx_word' id='word_1_63' title='bbox 911 1122 1026 1201; x_wconf 75' lang='grc'><strong>11403</strong></span> <span class='ocrx_word' id='word_1_64' title='bbox 1080 1125 1127 1187; x_wconf 85' lang='grc' dir='ltr'>Δι</span> <span class='ocrx_word' id='word_1_65' title='bbox 1146 1125 1171 1187; x_wconf 84' lang='grc' dir='ltr'><strong>εἰ</strong></span> <span class='ocrx_word' id='word_1_66' title='bbox 1188 1124 1353 1203; x_wconf 85' lang='lat' dir='ltr'>superioria</span> <span class='ocrx_word' id='word_1_67' title='bbox 1403 1120 1520 1200; x_wconf 77' lang='grc'><strong>11511</strong></span> 
     </span>
     <span class='ocr_line' id='line_1_9' title="bbox 172 1152 1520 1311; baseline -0.001 -34"><span class='ocrx_word' id='word_1_68' title='bbox 172 1215 253 1277; x_wconf 84' lang='lat' dir='ltr'>Nam</span> <span class='ocrx_word' id='word_1_69' title='bbox 333 1210 422 1279; x_wconf 82' lang='grc'>4332</span> <span class='ocrx_word' id='word_1_70' title='bbox 446 1210 542 1285; x_wconf 69' lang='lat' dir='ltr'>bill</span> <span class='ocrx_word' id='word_1_71' title='bbox 591 1211 786 1286; x_wconf 77' lang='lat' dir='ltr'>totostoto,</span> <span class='ocrx_word' id='word_1_72' title='bbox 807 1152 934 1311; x_wconf 62' lang='lat' dir='ltr'>eritld</span> <span class='ocrx_word' id='word_1_73' title='bbox 965 1209 1026 1277; x_wconf 83' lang='grc'><strong>159</strong></span> <span class='ocrx_word' id='word_1_74' title='bbox 1052 1164 1182 1309; x_wconf 61' lang='lat' dir='ltr'>lmedia</span> <span class='ocrx_word' id='word_1_75' title='bbox 1205 1212 1353 1275; x_wconf 86' lang='lat' dir='ltr'>diatautia</span> <span class='ocrx_word' id='word_1_76' title='bbox 1404 1209 1520 1287; x_wconf 71' lang='grc'><strong>(1290</strong></span> 
     </span>
    </p>
   </div>
   <div class='ocr_carea' id='block_1_4' title="bbox 161 1294 1520 1558">
    <p class='ocr_par' dir='ltr' id='par_1_5' title="bbox 161 1294 1520 1558">
     <span class='ocr_line' id='line_1_10' title="bbox 163 1294 1520 1382; baseline 0.003 -17"><span class='ocrx_word' id='word_1_77' title='bbox 163 1304 189 1365; x_wconf 90' lang='lat' dir='ltr'>si</span> <span class='ocrx_word' id='word_1_78' title='bbox 213 1320 266 1382; x_wconf 92' lang='lat' dir='ltr'>pro</span> <span class='ocrx_word' id='word_1_79' title='bbox 356 1297 421 1366; x_wconf 87' lang='grc'>686</span> <span class='ocrx_word' id='word_1_80' title='bbox 445 1296 487 1364; x_wconf 85' lang='grc'>59</span> <span class='ocrx_word' id='word_1_81' title='bbox 516 1309 565 1370; x_wconf 71' lang='grc' dir='ltr'>ὀ·</span> <span class='ocrx_word' id='word_1_82' title='bbox 591 1302 672 1363; x_wconf 84' lang='grc' dir='ltr'><strong>ἰεεε</strong></span> <span class='ocrx_word' id='word_1_83' title='bbox 694 1302 885 1382; x_wconf 78' lang='lat' dir='ltr'>quantitate·</span> <span class='ocrx_word' id='word_1_84' title='bbox 910 1316 935 1378; x_wconf 61' lang='grc' dir='ltr'>ὁ</span> <span class='ocrx_word' id='word_1_85' title='bbox 961 1299 1026 1365; x_wconf 87' lang='grc'>532</span> <span class='ocrx_word' id='word_1_86' title='bbox 1053 1326 1056 1331; x_wconf 74' lang='grc'><strong><em>’</em></strong></span> <span class='ocrx_word' id='word_1_87' title='bbox 1081 1298 1353 1375; x_wconf 66' lang='lat' dir='ltr'>cirrotecam·</span> <span class='ocrx_word' id='word_1_88' title='bbox 1405 1294 1520 1378; x_wconf 70' lang='grc'>6050</span> 
     </span>
     <span class='ocr_line' id='line_1_11' title="bbox 161 1364 1520 1511; baseline 0.004 -59"><span class='ocrx_word' id='word_1_89' title='bbox 161 1390 266 1452; x_wconf 90' lang='lat' dir='ltr'>diebus</span> <span class='ocrx_word' id='word_1_90' title='bbox 356 1386 539 1464; x_wconf 68' lang='lat'><strong>365150</strong></span> <span class='ocrx_word' id='word_1_91' title='bbox 597 1399 696 1452; x_wconf 88' lang='lat' dir='ltr'>motus</span> <span class='ocrx_word' id='word_1_92' title='bbox 719 1391 854 1469; x_wconf 91' lang='lat' dir='ltr'>periodi·</span> <span class='ocrx_word' id='word_1_93' title='bbox 910 1386 1025 1464; x_wconf 68' lang='lat'>9615</span> <span class='ocrx_word' id='word_1_94' title='bbox 1052 1364 1200 1511; x_wconf 59' lang='lat' dir='ltr'>‘serioris</span> <span class='ocrx_word' id='word_1_95' title='bbox 1229 1390 1258 1490; x_wconf 80' lang='lat' dir='ltr'>iu</span> <span class='ocrx_word' id='word_1_96' title='bbox 1288 1388 1353 1453; x_wconf 86' lang='lat' dir='ltr'>Oo-</span> <span class='ocrx_word' id='word_1_97' title='bbox 1406 1386 1520 1464; x_wconf 72' lang='lat' dir='ltr'>Q&#39;ltt</span> 
     </span>
     <span class='ocr_line' id='line_1_12' title="bbox 356 1474 1520 1558; baseline -0.003 -15"><span class='ocrx_word' id='word_1_98' title='bbox 356 1475 422 1543; x_wconf 87' lang='grc'>224</span> <span class='ocrx_word' id='word_1_99' title='bbox 445 1476 539 1552; x_wconf 65' lang='grc'>429</span> <span class='ocrx_word' id='word_1_100' title='bbox 700 1500 753 1539; x_wconf 89' lang='lat' dir='ltr'>cus</span> <span class='ocrx_word' id='word_1_101' title='bbox 916 1477 1026 1549; x_wconf 59' lang='lat'>§392</span> <span class='ocrx_word' id='word_1_102' title='bbox 1153 1498 1276 1558; x_wconf 89' lang='lat' dir='ltr'>perurco</span> <span class='ocrx_word' id='word_1_103' title='bbox 1376 1474 1520 1557; x_wconf 64' lang='lat'>¹§5500</span> 
     </span>
    </p>
   </div>
   <div class='ocr_carea' id='block_1_5' title="bbox 158 1600 1520 1775">
    <p class='ocr_par' dir='ltr' id='par_1_6' title="bbox 158 1600 1520 1775">
     <span class='ocr_line' id='line_1_13' title="bbox 247 1600 1520 1684; baseline -0.003 -16"><span class='ocrx_word' id='word_1_104' title='bbox 247 1607 306 1668; x_wconf 90' lang='lat' dir='ltr'>Hic</span> <span class='ocrx_word' id='word_1_105' title='bbox 329 1605 397 1666; x_wconf 91' lang='lat' dir='ltr'>vide</span> <span class='ocrx_word' id='word_1_106' title='bbox 420 1602 491 1663; x_wconf 84' lang='lat' dir='ltr'>milri</span> <span class='ocrx_word' id='word_1_107' title='bbox 516 1602 545 1662; x_wconf 92' lang='lat' dir='ltr'>in</span> <span class='ocrx_word' id='word_1_108' title='bbox 570 1602 699 1663; x_wconf 92' lang='lat' dir='ltr'>motibus</span> <span class='ocrx_word' id='word_1_109' title='bbox 723 1602 839 1675; x_wconf 91' lang='lat' dir='ltr'>mediis,</span> <span class='ocrx_word' id='word_1_110' title='bbox 863 1612 913 1664; x_wconf 89' lang='lat' dir='ltr'>sat</span> <span class='ocrx_word' id='word_1_111' title='bbox 936 1612 1020 1664; x_wconf 86' lang='lat' dir='ltr'>certo</span> <span class='ocrx_word' id='word_1_112' title='bbox 1044 1603 1183 1682; x_wconf 86' lang='lat' dir='ltr'>cognitis,</span> <span class='ocrx_word' id='word_1_113' title='bbox 1214 1601 1302 1682; x_wconf 89' lang='lat' dir='ltr'>idque</span> <span class='ocrx_word' id='word_1_114' title='bbox 1326 1602 1416 1683; x_wconf 77' lang='lat' dir='ltr'>louge</span> <span class='ocrx_word' id='word_1_115' title='bbox 1439 1600 1520 1684; x_wconf 70' lang='lat' dir='ltr'>prius</span> 
     </span>
     <span class='ocr_line' id='line_1_14' title="bbox 158 1689 1520 1775; baseline -0.001 -19"><span class='ocrx_word' id='word_1_116' title='bbox 158 1703 248 1775; x_wconf 90' lang='lat' dir='ltr'>atque</span> <span class='ocrx_word' id='word_1_117' title='bbox 272 1696 310 1756; x_wconf 91' lang='lat' dir='ltr'>de</span> <span class='ocrx_word' id='word_1_118' title='bbox 332 1701 417 1755; x_wconf 86' lang='lat' dir='ltr'>certa</span> <span class='ocrx_word' id='word_1_119' title='bbox 437 1691 648 1752; x_wconf 80' lang='lat' dir='ltr'>distantiarum</span> <span class='ocrx_word' id='word_1_120' title='bbox 668 1692 785 1753; x_wconf 90' lang='lat' dir='ltr'>ratione</span> <span class='ocrx_word' id='word_1_121' title='bbox 802 1689 986 1771; x_wconf 87' lang='lat' dir='ltr'>Coperuicus</span> <span class='ocrx_word' id='word_1_122' title='bbox 1001 1692 1158 1771; x_wconf 75' lang='lat' dir='ltr'>cogitaret</span> <span class='ocrx_word' id='word_1_123' title='bbox 1184 1690 1262 1762; x_wconf 87' lang='lat' dir='ltr'>vide,</span> <span class='ocrx_word' id='word_1_124' title='bbox 1288 1692 1420 1772; x_wconf 81' lang='lat' dir='ltr'>iuquam,</span> <span class='ocrx_word' id='word_1_125' title='bbox 1445 1710 1520 1755; x_wconf 77' lang='lat' dir='ltr'>eau-</span> 
     </span>
    </p>
   </div>
   <div class='ocr_carea' id='block_1_6' title="bbox 66 1780 1520 1862">
    <p class='ocr_par' dir='ltr' id='par_1_7' title="bbox 66 1780 1520 1862">
     <span class='ocr_line' id='line_1_15' title="bbox 66 1780 1520 1862; baseline -0.003 -16"><span class='ocrx_word' id='word_1_126' title='bbox 66 1837 71 1846; x_wconf 91' lang='lat'>.</span> <span class='ocrx_word' id='word_1_127' title='bbox 158 1784 226 1845; x_wconf 92' lang='lat' dir='ltr'>dem</span> <span class='ocrx_word' id='word_1_128' title='bbox 251 1783 476 1854; x_wconf 82' lang='lat' dir='ltr'>diversitatem,</span> <span class='ocrx_word' id='word_1_129' title='bbox 502 1799 578 1861; x_wconf 89' lang='lat' dir='ltr'>quae</span> <span class='ocrx_word' id='word_1_130' title='bbox 611 1781 691 1841; x_wconf 92' lang='lat' dir='ltr'>iuter</span> <span class='ocrx_word' id='word_1_131' title='bbox 713 1781 795 1859; x_wconf 86' lang='lat' dir='ltr'>ipsas</span> <span class='ocrx_word' id='word_1_132' title='bbox 821 1789 869 1842; x_wconf 90' lang='lat' dir='ltr'>est</span> <span class='ocrx_word' id='word_1_133' title='bbox 892 1780 1070 1855; x_wconf 89' lang='lat' dir='ltr'>distantias,</span> <span class='ocrx_word' id='word_1_134' title='bbox 1100 1799 1138 1840; x_wconf 80' lang='lat' dir='ltr'>ex</span> <span class='ocrx_word' id='word_1_135' title='bbox 1160 1783 1450 1860; x_wconf 78' lang='grc' dir='ltr'><strong>προσθαφαιρεσεω</strong></span> <span class='ocrx_word' id='word_1_136' title='bbox 1471 1798 1520 1862; x_wconf 76' lang='lat' dir='ltr'>per</span> 
     </span>
    </p>
   </div>
   <div class='ocr_carea' id='block_1_7' title="bbox 159 1868 1520 4886">
    <p class='ocr_par' dir='ltr' id='par_1_8' title="bbox 159 1868 1520 2217">
     <span class='ocr_line' id='line_1_16' title="bbox 159 1868 1520 1952; baseline -0.002 -18"><span class='ocrx_word' id='word_1_137' title='bbox 159 1870 367 1952; x_wconf 85' lang='lat' dir='ltr'>Coperuicum,</span> <span class='ocrx_word' id='word_1_138' title='bbox 392 1878 424 1931; x_wconf 91' lang='lat' dir='ltr'>ct</span> <span class='ocrx_word' id='word_1_139' title='bbox 447 1887 485 1929; x_wconf 80' lang='lat' dir='ltr'>ex</span> <span class='ocrx_word' id='word_1_140' title='bbox 508 1868 636 1950; x_wconf 92' lang='lat' dir='ltr'>quinque</span> <span class='ocrx_word' id='word_1_141' title='bbox 660 1869 833 1947; x_wconf 89' lang='lat' dir='ltr'>corporibus</span> <span class='ocrx_word' id='word_1_142' title='bbox 856 1887 911 1948; x_wconf 90' lang='lat' dir='ltr'>per</span> <span class='ocrx_word' id='word_1_143' title='bbox 935 1888 981 1930; x_wconf 90' lang='lat' dir='ltr'>me</span> <span class='ocrx_word' id='word_1_144' title='bbox 1006 1876 1194 1930; x_wconf 84' lang='lat' dir='ltr'>exstructas:</span> <span class='ocrx_word' id='word_1_145' title='bbox 1222 1869 1361 1949; x_wconf 89' lang='lat' dir='ltr'>utrinque</span> <span class='ocrx_word' id='word_1_146' title='bbox 1386 1888 1477 1931; x_wconf 80' lang='lat' dir='ltr'>sesua</span> <span class='ocrx_word' id='word_1_147' title='bbox 1500 1874 1520 1940; x_wconf 86' lang='lat' dir='ltr'>d</span> 
     </span>
     <span class='ocr_line' id='line_1_17' title="bbox 160 1952 1520 2038; baseline -0.001 -16"><span class='ocrx_word' id='word_1_148' title='bbox 160 1961 290 2035; x_wconf 91' lang='lat' dir='ltr'>minima,</span> <span class='ocrx_word' id='word_1_149' title='bbox 316 1961 383 2022; x_wconf 92' lang='lat' dir='ltr'>iude</span> <span class='ocrx_word' id='word_1_150' title='bbox 406 1977 493 2020; x_wconf 85' lang='lat' dir='ltr'>secus</span> <span class='ocrx_word' id='word_1_151' title='bbox 517 1959 552 2034; x_wconf 66' lang='grc' dir='ltr'>ζῖ,</span> <span class='ocrx_word' id='word_1_152' title='bbox 582 1957 625 2031; x_wconf 74' lang='lat' dir='ltr'>ll,</span> <span class='ocrx_word' id='word_1_153' title='bbox 655 1957 792 2032; x_wconf 85' lang='lat' dir='ltr'>Terram,</span> <span class='ocrx_word' id='word_1_154' title='bbox 823 1967 854 2018; x_wconf 93' lang='lat' dir='ltr'>et</span> <span class='ocrx_word' id='word_1_155' title='bbox 878 1959 1009 2019; x_wconf 79' lang='lat' dir='ltr'>maxima</span> <span class='ocrx_word' id='word_1_156' title='bbox 1032 1976 1120 2019; x_wconf 89' lang='lat' dir='ltr'>secus</span> <span class='ocrx_word' id='word_1_157' title='bbox 1145 1956 1186 2030; x_wconf 71' lang='lat'>9:</span> <span class='ocrx_word' id='word_1_158' title='bbox 1217 1958 1357 2038; x_wconf 86' lang='lat' dir='ltr'>utrinque</span> <span class='ocrx_word' id='word_1_159' title='bbox 1382 1952 1520 2033; x_wconf 71' lang='lat' dir='ltr'>secus‘ll</span> 
     </span>
     <span class='ocr_line' id='line_1_18' title="bbox 160 2045 1520 2129; baseline 0.001 -21"><span class='ocrx_word' id='word_1_160' title='bbox 160 2053 234 2125; x_wconf 66' lang='grc' dir='ltr'><strong>ειξέ</strong></span> <span class='ocrx_word' id='word_1_161' title='bbox 263 2049 397 2129; x_wconf 87' lang='lat' dir='ltr'>aequalis</span> <span class='ocrx_word' id='word_1_162' title='bbox 421 2065 514 2126; x_wconf 90' lang='lat' dir='ltr'>pene;</span> <span class='ocrx_word' id='word_1_163' title='bbox 549 2047 620 2107; x_wconf 88' lang='lat' dir='ltr'>item</span> <span class='ocrx_word' id='word_1_164' title='bbox 654 2054 685 2105; x_wconf 92' lang='lat' dir='ltr'>et</span> <span class='ocrx_word' id='word_1_165' title='bbox 718 2064 805 2106; x_wconf 88' lang='lat' dir='ltr'>secus</span> <span class='ocrx_word' id='word_1_166' title='bbox 829 2047 953 2108; x_wconf 85' lang='lat' dir='ltr'>Terram</span> <span class='ocrx_word' id='word_1_167' title='bbox 984 2054 1017 2108; x_wconf 91' lang='lat' dir='ltr'>et</span> <span class='ocrx_word' id='word_1_168' title='bbox 1036 2045 1072 2119; x_wconf 68' lang='lat'>9.</span> <span class='ocrx_word' id='word_1_169' title='bbox 1120 2045 1215 2124; x_wconf 84' lang='lat' dir='ltr'>Igitur</span> <span class='ocrx_word' id='word_1_170' title='bbox 1243 2046 1290 2107; x_wconf 88' lang='lat' dir='ltr'>vel</span> <span class='ocrx_word' id='word_1_171' title='bbox 1323 2046 1387 2126; x_wconf 87' lang='lat' dir='ltr'>jam</span> <span class='ocrx_word' id='word_1_172' title='bbox 1418 2046 1520 2109; x_wconf 80' lang='lat' dir='ltr'>statim</span> 
     </span>
     <span class='ocr_line' id='line_1_19' title="bbox 162 2131 1160 2217; baseline -0.002 -20"><span class='ocrx_word' id='word_1_173' title='bbox 162 2137 238 2197; x_wconf 88' lang='lat' dir='ltr'>satis</span> <span class='ocrx_word' id='word_1_174' title='bbox 263 2138 423 2217; x_wconf 82' lang='lat' dir='ltr'>explorata</span> <span class='ocrx_word' id='word_1_175' title='bbox 447 2142 495 2195; x_wconf 90' lang='grc' dir='ltr'>εει</span> <span class='ocrx_word' id='word_1_176' title='bbox 519 2131 685 2214; x_wconf 88' lang='lat' dir='ltr'>Coperuico</span> <span class='ocrx_word' id='word_1_177' title='bbox 711 2135 880 2196; x_wconf 85' lang='lat' dir='ltr'>demando</span> <span class='ocrx_word' id='word_1_178' title='bbox 905 2136 999 2198; x_wconf 87' lang='lat' dir='ltr'>veteri</span> <span class='ocrx_word' id='word_1_179' title='bbox 1024 2134 1160 2197; x_wconf 83' lang='lat' dir='ltr'>victoria.</span> 
     </span>
    </p>

    <p class='ocr_par' dir='ltr' id='par_1_9' title="bbox 159 2222 1520 3618">
     <span class='ocr_line' id='line_1_20' title="bbox 251 2222 1520 2304; baseline -0.001 -18"><span class='ocrx_word' id='word_1_180' title='bbox 251 2223 339 2296; x_wconf 86' lang='lat' dir='ltr'>Quod</span> <span class='ocrx_word' id='word_1_181' title='bbox 364 2226 390 2286; x_wconf 91' lang='lat' dir='ltr'>si</span> <span class='ocrx_word' id='word_1_182' title='bbox 414 2233 514 2285; x_wconf 90' lang='lat' dir='ltr'>tamen</span> <span class='ocrx_word' id='word_1_183' title='bbox 538 2222 704 2300; x_wconf 91' lang='lat' dir='ltr'>praecisius</span> <span class='ocrx_word' id='word_1_184' title='bbox 729 2223 820 2284; x_wconf 91' lang='lat' dir='ltr'>etiam</span> <span class='ocrx_word' id='word_1_185' title='bbox 844 2224 883 2285; x_wconf 92' lang='lat' dir='ltr'>ad</span> <span class='ocrx_word' id='word_1_186' title='bbox 906 2225 1068 2290; x_wconf 87' lang='lat' dir='ltr'>veritatem</span> <span class='ocrx_word' id='word_1_187' title='bbox 1082 2224 1228 2286; x_wconf 84' lang='lat' dir='ltr'>accedere</span> <span class='ocrx_word' id='word_1_188' title='bbox 1252 2231 1284 2285; x_wconf 92' lang='lat' dir='ltr'>et</span> <span class='ocrx_word' id='word_1_189' title='bbox 1297 2224 1520 2304; x_wconf 86' lang='lat' dir='ltr'>proportionum</span> 
     </span>
     <span class='ocr_line' id='line_1_21' title="bbox 160 2311 1520 2394; baseline -0.001 -19"><span class='ocrx_word' id='word_1_190' title='bbox 160 2314 376 2394; x_wconf 86' lang='lat' dir='ltr'>aequalitatem</span> <span class='ocrx_word' id='word_1_191' title='bbox 406 2313 499 2374; x_wconf 90' lang='lat' dir='ltr'>ullam</span> <span class='ocrx_word' id='word_1_192' title='bbox 528 2328 651 2389; x_wconf 87' lang='lat' dir='ltr'>sperare</span> <span class='ocrx_word' id='word_1_193' title='bbox 676 2311 817 2387; x_wconf 86' lang='lat' dir='ltr'>velimus,</span> <span class='ocrx_word' id='word_1_194' title='bbox 852 2314 976 2375; x_wconf 89' lang='lat' dir='ltr'>duorum</span> <span class='ocrx_word' id='word_1_195' title='bbox 1004 2314 1131 2375; x_wconf 92' lang='lat' dir='ltr'>alterum</span> <span class='ocrx_word' id='word_1_196' title='bbox 1160 2313 1353 2373; x_wconf 87' lang='lat' dir='ltr'>statuendum</span> <span class='ocrx_word' id='word_1_197' title='bbox 1378 2321 1443 2374; x_wconf 88' lang='lat' dir='ltr'>est:</span> <span class='ocrx_word' id='word_1_198' title='bbox 1472 2318 1520 2374; x_wconf 78' lang='lat' dir='ltr'>aut</span> 
     </span>
     <span class='ocr_line' id='line_1_22' title="bbox 160 2397 1519 2478; baseline 0 -14"><span class='ocrx_word' id='word_1_199' title='bbox 160 2403 304 2464; x_wconf 88' lang='lat' dir='ltr'>motrices</span> <span class='ocrx_word' id='word_1_200' title='bbox 329 2397 497 2473; x_wconf 55' lang='lat' dir='ltr'>animast),</span> <span class='ocrx_word' id='word_1_201' title='bbox 524 2418 581 2478; x_wconf 91' lang='lat' dir='ltr'>quo</span> <span class='ocrx_word' id='word_1_202' title='bbox 605 2410 675 2461; x_wconf 91' lang='lat' dir='ltr'>snut</span> <span class='ocrx_word' id='word_1_203' title='bbox 698 2399 806 2463; x_wconf 92' lang='lat' dir='ltr'>aSole</span> <span class='ocrx_word' id='word_1_204' title='bbox 830 2403 1016 2477; x_wconf 85' lang='lat' dir='ltr'>remotiores,</span> <span class='ocrx_word' id='word_1_205' title='bbox 1041 2402 1097 2463; x_wconf 88' lang='lat' dir='ltr'>boc</span> <span class='ocrx_word' id='word_1_206' title='bbox 1121 2420 1189 2463; x_wconf 90' lang='lat' dir='ltr'>esse</span> <span class='ocrx_word' id='word_1_207' title='bbox 1212 2400 1443 2465; x_wconf 86' lang='lat' dir='ltr'>imbecilliores:</span> <span class='ocrx_word' id='word_1_208' title='bbox 1472 2406 1519 2464; x_wconf 81' lang='grc' dir='ltr'><strong>ειιι</strong></span> 
     </span>
     <span class='ocr_line' id='line_1_23' title="bbox 162 2486 1516 2563; baseline -0.001 -11"><span class='ocrx_word' id='word_1_209' title='bbox 162 2510 250 2552; x_wconf 90' lang='lat' dir='ltr'>unam</span> <span class='ocrx_word' id='word_1_210' title='bbox 274 2510 342 2552; x_wconf 86' lang='lat' dir='ltr'>csse</span> <span class='ocrx_word' id='word_1_211' title='bbox 372 2489 526 2551; x_wconf 91' lang='lat' dir='ltr'>motricem</span> <span class='ocrx_word' id='word_1_212' title='bbox 550 2487 714 2563; x_wconf 64' lang='lat' dir='ltr'>aninumr)</span> <span class='ocrx_word' id='word_1_213' title='bbox 745 2490 773 2551; x_wconf 92' lang='lat' dir='ltr'>iu</span> <span class='ocrx_word' id='word_1_214' title='bbox 799 2491 912 2553; x_wconf 90' lang='lat' dir='ltr'>orbium</span> <span class='ocrx_word' id='word_1_215' title='bbox 942 2493 1071 2553; x_wconf 89' lang='lat' dir='ltr'>omnium</span> <span class='ocrx_word' id='word_1_216' title='bbox 1096 2499 1216 2563; x_wconf 87' lang='lat' dir='ltr'>centro,</span> <span class='ocrx_word' id='word_1_217' title='bbox 1246 2491 1366 2552; x_wconf 90' lang='lat' dir='ltr'>scilieet</span> <span class='ocrx_word' id='word_1_218' title='bbox 1388 2490 1418 2552; x_wconf 94' lang='lat' dir='ltr'>iu</span> <span class='ocrx_word' id='word_1_219' title='bbox 1442 2486 1516 2563; x_wconf 77' lang='lat' dir='ltr'>Sole,</span> 
     </span>
     <span class='ocr_line' id='line_1_24' title="bbox 160 2577 1514 2659; baseline -0.001 -18"><span class='ocrx_word' id='word_1_220' title='bbox 160 2599 245 2659; x_wconf 87' lang='lat' dir='ltr'>quae,</span> <span class='ocrx_word' id='word_1_221' title='bbox 270 2590 304 2641; x_wconf 92' lang='lat' dir='ltr'>ut</span> <span class='ocrx_word' id='word_1_222' title='bbox 327 2579 480 2659; x_wconf 78' lang='lat' dir='ltr'>quodlibet</span> <span class='ocrx_word' id='word_1_223' title='bbox 502 2594 610 2656; x_wconf 88' lang='lat' dir='ltr'>corpus</span> <span class='ocrx_word' id='word_1_224' title='bbox 634 2586 683 2639; x_wconf 89' lang='lat' dir='ltr'>est</span> <span class='ocrx_word' id='word_1_225' title='bbox 705 2578 846 2652; x_wconf 88' lang='lat' dir='ltr'>vicinius,</span> <span class='ocrx_word' id='word_1_226' title='bbox 869 2581 913 2642; x_wconf 90' lang='lat' dir='ltr'>ita</span> <span class='ocrx_word' id='word_1_227' title='bbox 936 2581 1141 2642; x_wconf 85' lang='lat' dir='ltr'>vehementius</span> <span class='ocrx_word' id='word_1_228' title='bbox 1165 2578 1289 2655; x_wconf 87' lang='lat' dir='ltr'>incitet:</span> <span class='ocrx_word' id='word_1_229' title='bbox 1323 2579 1353 2640; x_wconf 91' lang='lat' dir='ltr'>iu</span> <span class='ocrx_word' id='word_1_230' title='bbox 1377 2577 1514 2642; x_wconf 71' lang='lat' dir='ltr'>mmotio·</span> 
     </span>
     <span class='ocr_line' id='line_1_25' title="bbox 160 2667 1513 2748; baseline 0 -19"><span class='ocrx_word' id='word_1_231' title='bbox 160 2668 242 2729; x_wconf 90' lang='lat' dir='ltr'>ribus</span> <span class='ocrx_word' id='word_1_232' title='bbox 266 2679 392 2748; x_wconf 92' lang='lat' dir='ltr'>propter</span> <span class='ocrx_word' id='word_1_233' title='bbox 416 2667 638 2745; x_wconf 82' lang='lat' dir='ltr'>elongationem</span> <span class='ocrx_word' id='word_1_234' title='bbox 658 2675 689 2728; x_wconf 90' lang='lat' dir='ltr'>et</span> <span class='ocrx_word' id='word_1_235' title='bbox 705 2670 943 2730; x_wconf 87' lang='lat' dir='ltr'>attenuationem</span> <span class='ocrx_word' id='word_1_236' title='bbox 957 2668 1079 2731; x_wconf 87' lang='lat' dir='ltr'>virtutis</span> <span class='ocrx_word' id='word_1_237' title='bbox 1095 2667 1313 2748; x_wconf 90' lang='lat' dir='ltr'>quodammodo</span> <span class='ocrx_word' id='word_1_238' title='bbox 1333 2668 1513 2746; x_wconf 78' lang='lat' dir='ltr'>languescat</span> 
     </span>
     <span class='ocr_line' id='line_1_26' title="bbox 161 2752 1515 2838; baseline -0.001 -20"><span class='ocrx_word' id='word_1_239' title='bbox 161 2755 248 2818; x_wconf 90' lang='lat' dir='ltr'>Sicut</span> <span class='ocrx_word' id='word_1_240' title='bbox 271 2757 362 2837; x_wconf 85' lang='lat' dir='ltr'>igitur</span> <span class='ocrx_word' id='word_1_241' title='bbox 387 2757 454 2818; x_wconf 88' lang='lat' dir='ltr'>fons</span> <span class='ocrx_word' id='word_1_242' title='bbox 479 2755 554 2817; x_wconf 88' lang='lat' dir='ltr'>lucis</span> <span class='ocrx_word' id='word_1_243' title='bbox 578 2752 606 2816; x_wconf 90' lang='lat' dir='ltr'>in</span> <span class='ocrx_word' id='word_1_244' title='bbox 632 2754 704 2818; x_wconf 88' lang='lat' dir='ltr'>Sole</span> <span class='ocrx_word' id='word_1_245' title='bbox 728 2766 785 2831; x_wconf 88' lang='lat' dir='ltr'>est,</span> <span class='ocrx_word' id='word_1_246' title='bbox 811 2766 841 2817; x_wconf 90' lang='lat' dir='ltr'>et</span> <span class='ocrx_word' id='word_1_247' title='bbox 864 2759 1042 2838; x_wconf 86' lang='lat' dir='ltr'>principium</span> <span class='ocrx_word' id='word_1_248' title='bbox 1066 2755 1168 2818; x_wconf 87' lang='lat' dir='ltr'>circuli</span> <span class='ocrx_word' id='word_1_249' title='bbox 1192 2758 1220 2817; x_wconf 94' lang='lat' dir='ltr'>in</span> <span class='ocrx_word' id='word_1_250' title='bbox 1245 2757 1311 2818; x_wconf 87' lang='lat' dir='ltr'>loeo</span> <span class='ocrx_word' id='word_1_251' title='bbox 1335 2755 1438 2830; x_wconf 87' lang='lat' dir='ltr'>Solis,</span> <span class='ocrx_word' id='word_1_252' title='bbox 1456 2752 1515 2817; x_wconf 65' lang='lat' dir='ltr'>⁴eti·</span> 
     </span>
     <span class='ocr_line' id='line_1_27' title="bbox 163 2845 1514 2919; baseline 0 -12"><span class='ocrx_word' id='word_1_253' title='bbox 163 2846 233 2907; x_wconf 88' lang='lat' dir='ltr'>licet</span> <span class='ocrx_word' id='word_1_254' title='bbox 256 2846 286 2907; x_wconf 93' lang='lat' dir='ltr'>iu</span> <span class='ocrx_word' id='word_1_255' title='bbox 310 2854 433 2907; x_wconf 89' lang='lat' dir='ltr'>centro:</span> <span class='ocrx_word' id='word_1_256' title='bbox 467 2845 512 2905; x_wconf 90' lang='lat' dir='ltr'>ita</span> <span class='ocrx_word' id='word_1_257' title='bbox 539 2864 615 2905; x_wconf 86' lang='lat' dir='ltr'>nunc</span> <span class='ocrx_word' id='word_1_258' title='bbox 643 2845 725 2919; x_wconf 84' lang='lat' dir='ltr'>rita,</span> <span class='ocrx_word' id='word_1_259' title='bbox 761 2854 860 2907; x_wconf 90' lang='lat' dir='ltr'>motus</span> <span class='ocrx_word' id='word_1_260' title='bbox 889 2857 920 2908; x_wconf 93' lang='lat' dir='ltr'>et</span> <span class='ocrx_word' id='word_1_261' title='bbox 950 2847 1053 2908; x_wconf 85' lang='lat' dir='ltr'>anima</span> <span class='ocrx_word' id='word_1_262' title='bbox 1077 2845 1180 2908; x_wconf 80' lang='lat' dir='ltr'>muudi</span> <span class='ocrx_word' id='word_1_263' title='bbox 1207 2845 1237 2906; x_wconf 89' lang='lat' dir='ltr'>iu</span> <span class='ocrx_word' id='word_1_264' title='bbox 1267 2845 1397 2907; x_wconf 87' lang='lat' dir='ltr'>eundem</span> <span class='ocrx_word' id='word_1_265' title='bbox 1421 2845 1514 2907; x_wconf 81' lang='lat' dir='ltr'>Solen</span> 
     </span>
     <span class='ocr_line' id='line_1_28' title="bbox 162 2931 1513 3015; baseline 0 -19"><span class='ocrx_word' id='word_1_266' title='bbox 162 2933 288 2996; x_wconf 87' lang='lat' dir='ltr'>recidit:</span> <span class='ocrx_word' id='word_1_267' title='bbox 318 2942 351 2997; x_wconf 91' lang='lat' dir='ltr'>ut</span> <span class='ocrx_word' id='word_1_268' title='bbox 374 2934 417 2996; x_wconf 90' lang='lat' dir='ltr'>ita</span> <span class='ocrx_word' id='word_1_269' title='bbox 440 2935 567 2995; x_wconf 84' lang='lat' dir='ltr'>lixarum</span> <span class='ocrx_word' id='word_1_270' title='bbox 589 2933 632 2994; x_wconf 90' lang='lat' dir='ltr'>sit</span> <span class='ocrx_word' id='word_1_271' title='bbox 653 2934 751 3014; x_wconf 89' lang='lat' dir='ltr'>quies,</span> <span class='ocrx_word' id='word_1_272' title='bbox 781 2936 970 3015; x_wconf 82' lang='lat' dir='ltr'>planetarum</span> <span class='ocrx_word' id='word_1_273' title='bbox 999 2944 1085 2997; x_wconf 87' lang='lat' dir='ltr'>actus</span> <span class='ocrx_word' id='word_1_274' title='bbox 1113 2935 1237 2996; x_wconf 90' lang='lat' dir='ltr'>secundi</span> <span class='ocrx_word' id='word_1_275' title='bbox 1260 2941 1410 3009; x_wconf 90' lang='lat' dir='ltr'>motuum,</span> <span class='ocrx_word' id='word_1_276' title='bbox 1441 2931 1513 2997; x_wconf 75' lang='lat' dir='ltr'>Solu</span> 
     </span>
     <span class='ocr_line' id='line_1_29' title="bbox 161 3021 1512 3103; baseline -0.001 -19"><span class='ocrx_word' id='word_1_277' title='bbox 161 3031 247 3084; x_wconf 86' lang='lat' dir='ltr'>aetus</span> <span class='ocrx_word' id='word_1_278' title='bbox 280 3022 349 3103; x_wconf 85' lang='lat' dir='ltr'>ipae</span> <span class='ocrx_word' id='word_1_279' title='bbox 380 3023 511 3103; x_wconf 86' lang='lat' dir='ltr'>primus,</span> <span class='ocrx_word' id='word_1_280' title='bbox 547 3022 595 3103; x_wconf 92' lang='lat' dir='ltr'>qui</span> <span class='ocrx_word' id='word_1_281' title='bbox 628 3022 903 3103; x_wconf 86' lang='lat' dir='ltr'>incomparabiliter</span> <span class='ocrx_word' id='word_1_282' title='bbox 933 3025 1060 3086; x_wconf 92' lang='lat' dir='ltr'>nobilior</span> <span class='ocrx_word' id='word_1_283' title='bbox 1091 3033 1139 3085; x_wconf 85' lang='lat' dir='ltr'>est</span> <span class='ocrx_word' id='word_1_284' title='bbox 1168 3023 1285 3085; x_wconf 85' lang='lat' dir='ltr'>actibus</span> <span class='ocrx_word' id='word_1_285' title='bbox 1319 3023 1461 3085; x_wconf 83' lang='lat' dir='ltr'>secundis</span> <span class='ocrx_word' id='word_1_286' title='bbox 1489 3021 1512 3083; x_wconf 83' lang='lat' dir='ltr'>ln</span> 
     </span>
     <span class='ocr_line' id='line_1_30' title="bbox 160 3109 1512 3193; baseline -0.001 -20"><span class='ocrx_word' id='word_1_287' title='bbox 160 3111 250 3174; x_wconf 85' lang='lat' dir='ltr'>rebus</span> <span class='ocrx_word' id='word_1_288' title='bbox 274 3112 432 3174; x_wconf 88' lang='lat' dir='ltr'>omuibus:</span> <span class='ocrx_word' id='word_1_289' title='bbox 463 3132 521 3173; x_wconf 91' lang='lat' dir='ltr'>nou</span> <span class='ocrx_word' id='word_1_290' title='bbox 551 3128 638 3173; x_wconf 88' lang='lat' dir='ltr'>secus</span> <span class='ocrx_word' id='word_1_291' title='bbox 662 3120 752 3192; x_wconf 91' lang='lat' dir='ltr'>atque</span> <span class='ocrx_word' id='word_1_292' title='bbox 776 3111 830 3173; x_wconf 89' lang='lat' dir='ltr'>Sol</span> <span class='ocrx_word' id='word_1_293' title='bbox 854 3112 917 3192; x_wconf 90' lang='lat' dir='ltr'>ipse</span> <span class='ocrx_word' id='word_1_294' title='bbox 942 3122 974 3175; x_wconf 91' lang='lat' dir='ltr'>ct</span> <span class='ocrx_word' id='word_1_295' title='bbox 997 3113 1108 3193; x_wconf 88' lang='lat' dir='ltr'>speciei</span> <span class='ocrx_word' id='word_1_296' title='bbox 1132 3111 1369 3193; x_wconf 89' lang='lat' dir='ltr'>pulchritudine,</span> <span class='ocrx_word' id='word_1_297' title='bbox 1402 3120 1436 3173; x_wconf 92' lang='lat' dir='ltr'>et</span> <span class='ocrx_word' id='word_1_298' title='bbox 1460 3109 1512 3173; x_wconf 84' lang='lat' dir='ltr'>rir-</span> 
     </span>
     <span class='ocr_line' id='line_1_31' title="bbox 160 3199 1512 3282; baseline -0.001 -19"><span class='ocrx_word' id='word_1_299' title='bbox 160 3201 235 3263; x_wconf 90' lang='lat' dir='ltr'>tutis</span> <span class='ocrx_word' id='word_1_300' title='bbox 259 3201 405 3274; x_wconf 87' lang='lat' dir='ltr'>efficacia,</span> <span class='ocrx_word' id='word_1_301' title='bbox 436 3210 469 3262; x_wconf 91' lang='lat' dir='ltr'>et</span> <span class='ocrx_word' id='word_1_302' title='bbox 496 3199 571 3262; x_wconf 92' lang='lat' dir='ltr'>lucis</span> <span class='ocrx_word' id='word_1_303' title='bbox 595 3201 753 3281; x_wconf 87' lang='lat' dir='ltr'>splendore</span> <span class='ocrx_word' id='word_1_304' title='bbox 778 3202 887 3263; x_wconf 89' lang='lat' dir='ltr'>ceteris</span> <span class='ocrx_word' id='word_1_305' title='bbox 912 3202 1049 3263; x_wconf 88' lang='lat' dir='ltr'>omnibus</span> <span class='ocrx_word' id='word_1_306' title='bbox 1073 3203 1161 3282; x_wconf 83' lang='lat' dir='ltr'>longe</span> <span class='ocrx_word' id='word_1_307' title='bbox 1184 3208 1333 3280; x_wconf 83' lang='lat' dir='ltr'>praestat.</span> <span class='ocrx_word' id='word_1_308' title='bbox 1382 3199 1440 3261; x_wconf 85' lang='lat' dir='ltr'>Hic</span> <span class='ocrx_word' id='word_1_309' title='bbox 1458 3199 1512 3280; x_wconf 77' lang='lat' dir='ltr'>jun</span> 
     </span>
     <span class='ocr_line' id='line_1_32' title="bbox 160 3288 1509 3370; baseline 0 -19"><span class='ocrx_word' id='word_1_310' title='bbox 160 3290 249 3369; x_wconf 86' lang='lat' dir='ltr'>louge</span> <span class='ocrx_word' id='word_1_311' title='bbox 273 3289 384 3351; x_wconf 90' lang='lat' dir='ltr'>rectius</span> <span class='ocrx_word' id='word_1_312' title='bbox 408 3290 437 3350; x_wconf 92' lang='lat' dir='ltr'>iu</span> <span class='ocrx_word' id='word_1_313' title='bbox 462 3288 565 3351; x_wconf 87' lang='lat' dir='ltr'>Solem</span> <span class='ocrx_word' id='word_1_314' title='bbox 589 3298 762 3367; x_wconf 89' lang='lat' dir='ltr'>competunt</span> <span class='ocrx_word' id='word_1_315' title='bbox 784 3290 839 3351; x_wconf 89' lang='lat' dir='ltr'>illa</span> <span class='ocrx_word' id='word_1_316' title='bbox 867 3291 980 3352; x_wconf 94' lang='lat' dir='ltr'>nobilia</span> <span class='ocrx_word' id='word_1_317' title='bbox 1008 3291 1161 3370; x_wconf 90' lang='lat' dir='ltr'>epitheta,</span> <span class='ocrx_word' id='word_1_318' title='bbox 1197 3288 1258 3353; x_wconf 81' lang='lat' dir='ltr'>(lor</span> <span class='ocrx_word' id='word_1_319' title='bbox 1286 3289 1411 3359; x_wconf 92' lang='lat' dir='ltr'>muudi,</span> <span class='ocrx_word' id='word_1_320' title='bbox 1443 3288 1509 3360; x_wconf 68' lang='lat' dir='ltr'>lta</span> 
     </span>
     <span class='ocr_line' id='line_1_33' title="bbox 160 3377 1510 3459; baseline 0.001 -19"><span class='ocrx_word' id='word_1_321' title='bbox 160 3379 328 3457; x_wconf 83' lang='lat' dir='ltr'>Imperator</span> <span class='ocrx_word' id='word_1_322' title='bbox 347 3378 512 3454; x_wconf 88' lang='lat' dir='ltr'>stellamm‚</span> <span class='ocrx_word' id='word_1_323' title='bbox 539 3379 619 3438; x_wconf 85' lang='lat' dir='ltr'>Deus</span> <span class='ocrx_word' id='word_1_324' title='bbox 638 3378 775 3451; x_wconf 86' lang='lat' dir='ltr'>visibilis,</span> <span class='ocrx_word' id='word_1_325' title='bbox 800 3380 974 3459; x_wconf 90' lang='lat' dir='ltr'>etreliqua.</span> <span class='ocrx_word' id='word_1_326' title='bbox 1009 3378 1071 3442; x_wconf 89' lang='lat' dir='ltr'>Sed</span> <span class='ocrx_word' id='word_1_327' title='bbox 1095 3381 1183 3458; x_wconf 87' lang='lat' dir='ltr'>hujus</span> <span class='ocrx_word' id='word_1_328' title='bbox 1207 3378 1353 3440; x_wconf 90' lang='lat' dir='ltr'>materiae</span> <span class='ocrx_word' id='word_1_329' title='bbox 1377 3377 1510 3441; x_wconf 71' lang='lat' dir='ltr'>nobilitat</span> 
     </span>
     <span class='ocr_line' id='line_1_34' title="bbox 161 3466 1510 3548; baseline 0 -20"><span class='ocrx_word' id='word_1_330' title='bbox 161 3467 248 3547; x_wconf 86' lang='lat' dir='ltr'>louge</span> <span class='ocrx_word' id='word_1_331' title='bbox 264 3466 345 3529; x_wconf 91' lang='lat' dir='ltr'>aliud</span> <span class='ocrx_word' id='word_1_332' title='bbox 368 3475 486 3547; x_wconf 90' lang='lat' dir='ltr'>tempus</span> <span class='ocrx_word' id='word_1_333' title='bbox 510 3467 665 3548; x_wconf 89' lang='lat' dir='ltr'>locumque</span> <span class='ocrx_word' id='word_1_334' title='bbox 688 3467 830 3548; x_wconf 87' lang='lat' dir='ltr'>requirit,</span> <span class='ocrx_word' id='word_1_335' title='bbox 847 3466 874 3540; x_wconf 76' lang='lat' dir='ltr'>d)</span> <span class='ocrx_word' id='word_1_336' title='bbox 900 3478 932 3530; x_wconf 91' lang='lat' dir='ltr'>et</span> <span class='ocrx_word' id='word_1_337' title='bbox 949 3469 1014 3548; x_wconf 89' lang='lat' dir='ltr'>jam</span> <span class='ocrx_word' id='word_1_338' title='bbox 1039 3476 1130 3530; x_wconf 89' lang='lat' dir='ltr'>autea</span> <span class='ocrx_word' id='word_1_339' title='bbox 1154 3476 1202 3530; x_wconf 90' lang='lat' dir='ltr'>sat</span> <span class='ocrx_word' id='word_1_340' title='bbox 1227 3467 1308 3529; x_wconf 89' lang='lat' dir='ltr'>clare</span> <span class='ocrx_word' id='word_1_341' title='bbox 1332 3474 1463 3546; x_wconf 86' lang='lat' dir='ltr'>apparet</span> <span class='ocrx_word' id='word_1_342' title='bbox 1482 3476 1510 3527; x_wconf 80' lang='lat' dir='ltr'>tx</span> 
     </span>
     <span class='ocr_line' id='line_1_35' title="bbox 159 3555 818 3618; baseline -0.009 0"><span class='ocrx_word' id='word_1_343' title='bbox 159 3555 342 3618; x_wconf 87' lang='lat' dir='ltr'>Narratione</span> <span class='ocrx_word' id='word_1_344' title='bbox 365 3555 496 3618; x_wconf 88' lang='lat' dir='ltr'>Rhetici.</span> <span class='ocrx_word' id='word_1_345' title='bbox 811 3578 818 3612; x_wconf 83' lang='grc' dir='ltr'><strong>ι</strong></span> 
     </span>
    </p>

    <p class='ocr_par' dir='ltr' id='par_1_10' title="bbox 161 3639 1520 4886">
     <span class='ocr_line' id='line_1_36' title="bbox 247 3639 1509 3726; baseline -0.002 -21"><span class='ocrx_word' id='word_1_346' title='bbox 247 3643 317 3706; x_wconf 88' lang='lat' dir='ltr'>Jam</span> <span class='ocrx_word' id='word_1_347' title='bbox 341 3653 441 3706; x_wconf 90' lang='lat' dir='ltr'>autem</span> <span class='ocrx_word' id='word_1_348' title='bbox 469 3646 507 3706; x_wconf 94' lang='lat' dir='ltr'>de</span> <span class='ocrx_word' id='word_1_349' title='bbox 534 3644 621 3705; x_wconf 86' lang='lat' dir='ltr'>modo</span> <span class='ocrx_word' id='word_1_350' title='bbox 650 3643 879 3705; x_wconf 86' lang='lat' dir='ltr'>constituendae</span> <span class='ocrx_word' id='word_1_351' title='bbox 904 3645 990 3723; x_wconf 87' lang='lat' dir='ltr'>hujus</span> <span class='ocrx_word' id='word_1_352' title='bbox 1024 3644 1408 3726; x_wconf 84' lang='lat' dir='ltr'>quaesitaeproportionis</span> <span class='ocrx_word' id='word_1_353' title='bbox 1437 3639 1509 3707; x_wconf 71' lang='lat' dir='ltr'>nour</span> 
     </span>
     <span class='ocr_line' id='line_1_37' title="bbox 161 3732 1507 3814; baseline -0.001 -19"><span class='ocrx_word' id='word_1_354' title='bbox 161 3732 354 3813; x_wconf 86' lang='lat' dir='ltr'>cogitandum</span> <span class='ocrx_word' id='word_1_355' title='bbox 378 3744 435 3797; x_wconf 91' lang='lat' dir='ltr'>est.</span> <span class='ocrx_word' id='word_1_356' title='bbox 482 3732 582 3812; x_wconf 89' lang='lat' dir='ltr'>Supra</span> <span class='ocrx_word' id='word_1_357' title='bbox 605 3732 702 3794; x_wconf 91' lang='lat' dir='ltr'>visum</span> <span class='ocrx_word' id='word_1_358' title='bbox 730 3741 790 3805; x_wconf 89' lang='lat' dir='ltr'>est,</span> <span class='ocrx_word' id='word_1_359' title='bbox 820 3734 845 3795; x_wconf 90' lang='lat' dir='ltr'>si</span> <span class='ocrx_word' id='word_1_360' title='bbox 874 3735 941 3795; x_wconf 91' lang='lat' dir='ltr'>sola</span> <span class='ocrx_word' id='word_1_361' title='bbox 964 3735 1044 3796; x_wconf 85' lang='lat' dir='ltr'>orbis</span> <span class='ocrx_word' id='word_1_362' title='bbox 1070 3735 1235 3814; x_wconf 87' lang='lat' dir='ltr'>amplitudo</span> <span class='ocrx_word' id='word_1_363' title='bbox 1260 3735 1378 3797; x_wconf 84' lang='lat' dir='ltr'>faceret</span> <span class='ocrx_word' id='word_1_364' title='bbox 1401 3734 1441 3795; x_wconf 87' lang='lat' dir='ltr'>ad</span> <span class='ocrx_word' id='word_1_365' title='bbox 1462 3746 1507 3793; x_wconf 82' lang='lat' dir='ltr'>at·</span> 
     </span>
     <span class='ocr_line' id='line_1_38' title="bbox 162 3821 1509 3903; baseline -0.001 -21"><span class='ocrx_word' id='word_1_366' title='bbox 162 3823 291 3901; x_wconf 86' lang='lat' dir='ltr'>gendum</span> <span class='ocrx_word' id='word_1_367' title='bbox 315 3832 434 3903; x_wconf 90' lang='lat' dir='ltr'>tempus</span> <span class='ocrx_word' id='word_1_368' title='bbox 458 3828 639 3902; x_wconf 68' lang='lat' dir='ltr'>reprobator:</span> <span class='ocrx_word' id='word_1_369' title='bbox 669 3822 747 3900; x_wconf 89' lang='lat' dir='ltr'>quod</span> <span class='ocrx_word' id='word_1_370' title='bbox 776 3831 908 3883; x_wconf 91' lang='lat' dir='ltr'>motuum</span> <span class='ocrx_word' id='word_1_371' title='bbox 937 3832 969 3884; x_wconf 89' lang='lat' dir='ltr'>et</span> <span class='ocrx_word' id='word_1_372' title='bbox 992 3823 1203 3885; x_wconf 84' lang='lat' dir='ltr'>distantiarum</span> <span class='ocrx_word' id='word_1_373' title='bbox 1227 3823 1394 3884; x_wconf 91' lang='lat' dir='ltr'>mediarum</span> <span class='ocrx_word' id='word_1_374' title='bbox 1417 3821 1509 3884; x_wconf 80' lang='lat' dir='ltr'>eadem</span> 
     </span>
     <span class='ocr_line' id='line_1_39' title="bbox 162 3908 1510 3993; baseline 0 -22"><span class='ocrx_word' id='word_1_375' title='bbox 162 3911 331 3973; x_wconf 86' lang='lat' dir='ltr'>differentia</span> <span class='ocrx_word' id='word_1_376' title='bbox 364 3912 465 3973; x_wconf 83' lang='lat' dir='ltr'>lutura</span> <span class='ocrx_word' id='word_1_377' title='bbox 497 3913 615 3973; x_wconf 82' lang='lat' dir='ltr'>luisset.</span> <span class='ocrx_word' id='word_1_378' title='bbox 663 3908 749 3980; x_wconf 85' lang='lat' dir='ltr'>Quae</span> <span class='ocrx_word' id='word_1_379' title='bbox 778 3931 883 3990; x_wconf 93' lang='lat' dir='ltr'>nempe</span> <span class='ocrx_word' id='word_1_380' title='bbox 911 3913 1063 3992; x_wconf 88' lang='lat' dir='ltr'>proportio</span> <span class='ocrx_word' id='word_1_381' title='bbox 1088 3910 1131 3976; x_wconf 87' lang='grc'>88</span> <span class='ocrx_word' id='word_1_382' title='bbox 1161 3912 1275 3974; x_wconf 91' lang='lat' dir='ltr'>dierum</span> <span class='ocrx_word' id='word_1_383' title='bbox 1302 3911 1510 3993; x_wconf 83' lang='lat' dir='ltr'>periodicorm</span> 
     </span>
     <span class='ocr_line' id='line_1_40' title="bbox 161 3990 1517 4063; baseline 0.001 -2"><span class='ocrx_word' id='word_1_384' title='bbox 161 4000 303 4062; x_wconf 89' lang='lat' dir='ltr'>Mercurii</span> <span class='ocrx_word' id='word_1_385' title='bbox 334 4002 372 4061; x_wconf 91' lang='lat' dir='ltr'>ad</span> <span class='ocrx_word' id='word_1_386' title='bbox 402 3997 466 4063; x_wconf 83' lang='grc'>225</span> <span class='ocrx_word' id='word_1_387' title='bbox 491 4000 555 4062; x_wconf 87' lang='lat' dir='ltr'>dies</span> <span class='ocrx_word' id='word_1_388' title='bbox 578 3999 729 4060; x_wconf 88' lang='lat' dir='ltr'>Veneris:</span> <span class='ocrx_word' id='word_1_389' title='bbox 757 4001 861 4061; x_wconf 90' lang='lat' dir='ltr'>eadem</span> <span class='ocrx_word' id='word_1_390' title='bbox 887 4001 965 4062; x_wconf 83' lang='lat' dir='ltr'>soret</span> <span class='ocrx_word' id='word_1_391' title='bbox 988 4001 1204 4063; x_wconf 87' lang='lat' dir='ltr'>semidiametri</span> <span class='ocrx_word' id='word_1_392' title='bbox 1227 4001 1310 4063; x_wconf 90' lang='lat' dir='ltr'>orbis</span> <span class='ocrx_word' id='word_1_393' title='bbox 1333 3990 1517 4062; x_wconf 67' lang='lat' dir='ltr'>Mercuriale</span> 
     </span>
     <span class='ocr_line' id='line_1_41' title="bbox 162 4087 1520 4171; baseline 0 -21"><span class='ocrx_word' id='word_1_394' title='bbox 162 4090 200 4150; x_wconf 91' lang='lat' dir='ltr'>ad</span> <span class='ocrx_word' id='word_1_395' title='bbox 225 4089 398 4150; x_wconf 88' lang='lat' dir='ltr'>Veneriam.</span> <span class='ocrx_word' id='word_1_396' title='bbox 446 4089 515 4151; x_wconf 88' lang='lat' dir='ltr'>Jaru</span> <span class='ocrx_word' id='word_1_397' title='bbox 539 4108 610 4149; x_wconf 91' lang='lat' dir='ltr'>vero</span> <span class='ocrx_word' id='word_1_398' title='bbox 639 4089 815 4150; x_wconf 87' lang='lat' dir='ltr'>commiscet</span> <span class='ocrx_word' id='word_1_399' title='bbox 846 4110 878 4151; x_wconf 93' lang='lat' dir='ltr'>se</span> <span class='ocrx_word' id='word_1_400' title='bbox 911 4090 977 4151; x_wconf 89' lang='lat' dir='ltr'>huic</span> <span class='ocrx_word' id='word_1_401' title='bbox 1005 4099 1138 4153; x_wconf 90' lang='lat' dir='ltr'>motuum</span> <span class='ocrx_word' id='word_1_402' title='bbox 1165 4090 1353 4171; x_wconf 88' lang='lat' dir='ltr'>proportioni</span> <span class='ocrx_word' id='word_1_403' title='bbox 1382 4087 1520 4152; x_wconf 67' lang='lat' dir='ltr'>denium</span> 
     </span>
     <span class='ocr_line' id='line_1_42' title="bbox 162 4170 1520 4259; baseline 0.002 -21"><span class='ocrx_word' id='word_1_404' title='bbox 162 4177 297 4239; x_wconf 88' lang='lat' dir='ltr'>motricis</span> <span class='ocrx_word' id='word_1_405' title='bbox 321 4177 439 4239; x_wconf 90' lang='lat' dir='ltr'>animae</span> <span class='ocrx_word' id='word_1_406' title='bbox 463 4180 491 4240; x_wconf 94' lang='lat' dir='ltr'>in</span> <span class='ocrx_word' id='word_1_407' title='bbox 517 4176 679 4239; x_wconf 90' lang='lat' dir='ltr'>remotiori.</span> <span class='ocrx_word' id='word_1_408' title='bbox 726 4177 954 4256; x_wconf 89' lang='lat' dir='ltr'>Dispicieudum</span> <span class='ocrx_word' id='word_1_409' title='bbox 978 4180 1083 4259; x_wconf 84' lang='lat' dir='ltr'>igitur,</span> <span class='ocrx_word' id='word_1_410' title='bbox 1118 4180 1266 4241; x_wconf 83' lang='lat' dir='ltr'>cumbae</span> <span class='ocrx_word' id='word_1_411' title='bbox 1298 4178 1457 4241; x_wconf 88' lang='lat' dir='ltr'>debilitate</span> <span class='ocrx_word' id='word_1_412' title='bbox 1488 4170 1520 4230; x_wconf 59' lang='lat' dir='ltr'><strong>ff</strong></span> 
     </span>
     <span class='ocr_line' id='line_1_43' title="bbox 164 4265 1520 4348; baseline 0.002 -23"><span class='ocrx_word' id='word_1_413' title='bbox 164 4273 369 4344; x_wconf 87' lang='lat' dir='ltr'>comparatum</span> <span class='ocrx_word' id='word_1_414' title='bbox 393 4267 442 4327; x_wconf 85' lang='lat' dir='ltr'>sit</span> <span class='ocrx_word' id='word_1_415' title='bbox 487 4268 640 4329; x_wconf 86' lang='lat' dir='ltr'>Ponamus</span> <span class='ocrx_word' id='word_1_416' title='bbox 663 4265 769 4345; x_wconf 86' lang='lat' dir='ltr'>igitur,</span> <span class='ocrx_word' id='word_1_417' title='bbox 796 4266 824 4329; x_wconf 92' lang='lat' dir='ltr'>id</span> <span class='ocrx_word' id='word_1_418' title='bbox 849 4268 926 4348; x_wconf 90' lang='lat' dir='ltr'>quod</span> <span class='ocrx_word' id='word_1_419' title='bbox 950 4269 1039 4329; x_wconf 85' lang='lat' dir='ltr'>valde</span> <span class='ocrx_word' id='word_1_420' title='bbox 1063 4268 1225 4330; x_wconf 85' lang='lat' dir='ltr'>verisimile</span> <span class='ocrx_word' id='word_1_421' title='bbox 1249 4277 1314 4343; x_wconf 89' lang='lat' dir='ltr'>est,</span> <span class='ocrx_word' id='word_1_422' title='bbox 1340 4269 1447 4345; x_wconf 83' lang='lat' dir='ltr'>eadem</span> <span class='ocrx_word' id='word_1_423' title='bbox 1468 4276 1520 4328; x_wconf 61' lang='grc' dir='ltr'>ιδ</span> 
     </span>
     <span class='ocr_line' id='line_1_44' title="bbox 162 4353 1520 4443; baseline 0.005 -29"><span class='ocrx_word' id='word_1_424' title='bbox 162 4353 244 4415; x_wconf 91' lang='lat' dir='ltr'>tione</span> <span class='ocrx_word' id='word_1_425' title='bbox 267 4363 383 4416; x_wconf 90' lang='lat' dir='ltr'>motum</span> <span class='ocrx_word' id='word_1_426' title='bbox 407 4375 426 4416; x_wconf 86' lang='lat' dir='ltr'>a</span> <span class='ocrx_word' id='word_1_427' title='bbox 449 4354 520 4418; x_wconf 88' lang='lat' dir='ltr'>Sole</span> <span class='ocrx_word' id='word_1_428' title='bbox 545 4355 722 4436; x_wconf 90' lang='lat' dir='ltr'>dispensari,</span> <span class='ocrx_word' id='word_1_429' title='bbox 749 4375 807 4436; x_wconf 88' lang='lat' dir='ltr'>qua</span> <span class='ocrx_word' id='word_1_430' title='bbox 831 4358 936 4418; x_wconf 88' lang='lat' dir='ltr'>lucem.</span> <span class='ocrx_word' id='word_1_431' title='bbox 954 4360 980 4432; x_wconf 82' lang='lat'>⁸)</span> <span class='ocrx_word' id='word_1_432' title='bbox 1018 4358 1109 4420; x_wconf 91' lang='lat' dir='ltr'>Lucis</span> <span class='ocrx_word' id='word_1_433' title='bbox 1134 4367 1236 4419; x_wconf 91' lang='lat' dir='ltr'>autem</span> <span class='ocrx_word' id='word_1_434' title='bbox 1259 4377 1298 4420; x_wconf 84' lang='lat' dir='ltr'>ex</span> <span class='ocrx_word' id='word_1_435' title='bbox 1321 4367 1426 4420; x_wconf 87' lang='lat' dir='ltr'>centro</span> <span class='ocrx_word' id='word_1_436' title='bbox 1448 4363 1520 4443; x_wconf 66' lang='grc' dir='ltr'>[110Ι</span> 
     </span>
     <span class='ocr_line' id='line_1_45' title="bbox 162 4442 1520 4528; baseline 0.001 -22"><span class='ocrx_word' id='word_1_437' title='bbox 162 4451 289 4522; x_wconf 85' lang='lat' dir='ltr'>rogatae</span> <span class='ocrx_word' id='word_1_438' title='bbox 315 4442 484 4506; x_wconf 86' lang='lat' dir='ltr'>debilitatio</span> <span class='ocrx_word' id='word_1_439' title='bbox 508 4465 567 4527; x_wconf 92' lang='lat' dir='ltr'>qua</span> <span class='ocrx_word' id='word_1_440' title='bbox 589 4445 784 4525; x_wconf 90' lang='lat' dir='ltr'>proportione</span> <span class='ocrx_word' id='word_1_441' title='bbox 808 4446 869 4519; x_wconf 89' lang='lat' dir='ltr'>liat,</span> <span class='ocrx_word' id='word_1_442' title='bbox 896 4446 1005 4508; x_wconf 88' lang='lat' dir='ltr'>docent</span> <span class='ocrx_word' id='word_1_443' title='bbox 1027 4446 1130 4526; x_wconf 88' lang='lat' dir='ltr'>optici.</span> <span class='ocrx_word' id='word_1_444' title='bbox 1173 4447 1254 4508; x_wconf 87' lang='lat' dir='ltr'>Nam</span> <span class='ocrx_word' id='word_1_445' title='bbox 1278 4455 1425 4528; x_wconf 89' lang='lat' dir='ltr'>quantum</span> <span class='ocrx_word' id='word_1_446' title='bbox 1448 4446 1520 4527; x_wconf 73' lang='lat' dir='ltr'>locj</span> 
     </span>
     <span class='ocr_line' id='line_1_46' title="bbox 163 4532 1520 4612; baseline 0.003 -18"><span class='ocrx_word' id='word_1_447' title='bbox 163 4532 264 4594; x_wconf 91' lang='lat' dir='ltr'>estin</span> <span class='ocrx_word' id='word_1_448' title='bbox 288 4551 383 4612; x_wconf 90' lang='lat' dir='ltr'>parvo</span> <span class='ocrx_word' id='word_1_449' title='bbox 407 4534 533 4609; x_wconf 89' lang='lat' dir='ltr'>circulo,</span> <span class='ocrx_word' id='word_1_450' title='bbox 565 4536 742 4596; x_wconf 89' lang='lat' dir='ltr'>tantundem</span> <span class='ocrx_word' id='word_1_451' title='bbox 765 4536 858 4597; x_wconf 90' lang='lat' dir='ltr'>etiam</span> <span class='ocrx_word' id='word_1_452' title='bbox 881 4535 956 4597; x_wconf 91' lang='lat' dir='ltr'>lucis</span> <span class='ocrx_word' id='word_1_453' title='bbox 985 4537 1048 4597; x_wconf 86' lang='lat' dir='ltr'>sive</span> <span class='ocrx_word' id='word_1_454' title='bbox 1072 4535 1225 4597; x_wconf 91' lang='lat' dir='ltr'>radiorum</span> <span class='ocrx_word' id='word_1_455' title='bbox 1249 4535 1400 4598; x_wconf 90' lang='lat' dir='ltr'>Solarium</span> <span class='ocrx_word' id='word_1_456' title='bbox 1422 4543 1473 4598; x_wconf 87' lang='lat' dir='ltr'>est</span> <span class='ocrx_word' id='word_1_457' title='bbox 1509 4537 1520 4580; x_wconf 62' lang='grc' dir='ltr'><strong>ἵ</strong></span> 
     </span>
     <span class='ocr_line' id='line_1_47' title="bbox 162 4622 1520 4704; baseline 0.001 -19"><span class='ocrx_word' id='word_1_458' title='bbox 162 4640 283 4701; x_wconf 82' lang='lat' dir='ltr'>magno.</span> <span class='ocrx_word' id='word_1_459' title='bbox 330 4622 409 4684; x_wconf 89' lang='lat' dir='ltr'>Hinc</span> <span class='ocrx_word' id='word_1_460' title='bbox 432 4643 499 4685; x_wconf 90' lang='lat' dir='ltr'>cum</span> <span class='ocrx_word' id='word_1_461' title='bbox 523 4623 564 4685; x_wconf 90' lang='lat' dir='ltr'>sit</span> <span class='ocrx_word' id='word_1_462' title='bbox 587 4623 616 4683; x_wconf 93' lang='lat' dir='ltr'>iu</span> <span class='ocrx_word' id='word_1_463' title='bbox 640 4642 734 4704; x_wconf 91' lang='lat' dir='ltr'>parvo</span> <span class='ocrx_word' id='word_1_464' title='bbox 759 4625 909 4704; x_wconf 92' lang='lat' dir='ltr'>stipatior,</span> <span class='ocrx_word' id='word_1_465' title='bbox 933 4625 961 4686; x_wconf 93' lang='lat' dir='ltr'>iu</span> <span class='ocrx_word' id='word_1_466' title='bbox 986 4643 1095 4704; x_wconf 88' lang='lat' dir='ltr'>magno</span> <span class='ocrx_word' id='word_1_467' title='bbox 1119 4625 1247 4701; x_wconf 90' lang='lat' dir='ltr'>tenuior,</span> <span class='ocrx_word' id='word_1_468' title='bbox 1271 4643 1416 4688; x_wconf 87' lang='lat' dir='ltr'>mensura</span> <span class='ocrx_word' id='word_1_469' title='bbox 1436 4622 1520 4702; x_wconf 81' lang='lat' dir='ltr'>buj¹</span> 
     </span>
     <span class='ocr_line' id='line_1_48' title="bbox 163 4710 1520 4794; baseline 0.001 -23"><span class='ocrx_word' id='word_1_470' title='bbox 163 4710 383 4774; x_wconf 77' lang='lat' dir='ltr'>attenuationis</span> <span class='ocrx_word' id='word_1_471' title='bbox 407 4732 444 4774; x_wconf 86' lang='lat' dir='ltr'>ex</span> <span class='ocrx_word' id='word_1_472' title='bbox 468 4713 536 4793; x_wconf 88' lang='lat' dir='ltr'>ipsa</span> <span class='ocrx_word' id='word_1_473' title='bbox 555 4712 730 4774; x_wconf 86' lang='lat' dir='ltr'>circulomm</span> <span class='ocrx_word' id='word_1_474' title='bbox 745 4713 937 4794; x_wconf 91' lang='lat' dir='ltr'>proportione</span> <span class='ocrx_word' id='word_1_475' title='bbox 952 4715 1084 4793; x_wconf 91' lang='lat' dir='ltr'>petenda</span> <span class='ocrx_word' id='word_1_476' title='bbox 1102 4713 1168 4790; x_wconf 90' lang='lat' dir='ltr'>erit,</span> <span class='ocrx_word' id='word_1_477' title='bbox 1192 4715 1283 4794; x_wconf 91' lang='lat' dir='ltr'>idque</span> <span class='ocrx_word' id='word_1_478' title='bbox 1306 4721 1371 4776; x_wconf 88' lang='lat' dir='ltr'>tam</span> <span class='ocrx_word' id='word_1_479' title='bbox 1394 4713 1426 4776; x_wconf 91' lang='lat' dir='ltr'>iu</span> <span class='ocrx_word' id='word_1_480' title='bbox 1448 4713 1520 4775; x_wconf 63' lang='lat' dir='ltr'>luo</span> 
     </span>
     <span class='ocr_line' id='line_1_49' title="bbox 163 4800 1520 4886; baseline 0.004 -25"><span class='ocrx_word' id='word_1_481' title='bbox 163 4816 254 4881; x_wconf 88' lang='lat' dir='ltr'>quam</span> <span class='ocrx_word' id='word_1_482' title='bbox 279 4801 309 4863; x_wconf 93' lang='lat' dir='ltr'>iu</span> <span class='ocrx_word' id='word_1_483' title='bbox 338 4802 463 4865; x_wconf 85' lang='lat' dir='ltr'>matrico</span> <span class='ocrx_word' id='word_1_484' title='bbox 491 4801 613 4866; x_wconf 84' lang='lat' dir='ltr'>virtute.</span> <span class='ocrx_word' id='word_1_485' title='bbox 664 4800 767 4874; x_wconf 84' lang='lat' dir='ltr'>Quare</span> <span class='ocrx_word' id='word_1_486' title='bbox 800 4810 912 4886; x_wconf 88' lang='lat' dir='ltr'>quanto</span> <span class='ocrx_word' id='word_1_487' title='bbox 946 4803 1073 4886; x_wconf 87' lang='lat' dir='ltr'>amplior</span> <span class='ocrx_word' id='word_1_488' title='bbox 1100 4803 1206 4866; x_wconf 87' lang='lat' dir='ltr'>Venus</span> <span class='ocrx_word' id='word_1_489' title='bbox 1233 4803 1406 4882; x_wconf 82' lang='lat' dir='ltr'>Mercurio,</span> <span class='ocrx_word' id='word_1_490' title='bbox 1438 4800 1520 4866; x_wconf 59' lang='lat' dir='ltr'>tant</span> 
     </span>
    </p>
   </div>
   <div class='ocr_carea' id='block_1_8' title="bbox 0 0 1691 5482">
    <p class='ocr_par' dir='ltr' id='par_1_11' title="bbox 0 0 1691 5482">
     <span class='ocr_line' id='line_1_50' title="bbox 0 0 1691 5482; baseline 0 0"><span class='ocrx_word' id='word_1_491' title='bbox 0 0 1691 5482; x_wconf 95' lang='lat' dir='ltr'> </span> 
     </span>
    </p>
   </div>
  </div>
 </body>
</html>
