3366 5482
461 301 464 307 ,
663 240 821 307 σφωιν.
1363 215 1426 305 usi

128 396 217 459 ilas
241 396 418 461 dicundae
458 399 531 461 Jam
552 417 642 480 porro
665 401 847 481 subjungam
869 400 1047 463 laterculum
1071 417 1202 474 arcuum,
1228 398 1278 480 qni
1301 398 1425 461 sinubus

58 484 207 548 debentur
229 487 284 562 iis,
317 504 392 567 qnos
414 487 550 550 efficiunt
573 488 703 550 Veneris
726 491 845 570 quidem
869 498 902 551 et
924 487 1066 551 Mercurii
1089 486 1230 550 altissimi
1253 487 1424 564 abscessus,

57 574 82 635 si
105 574 211 636 media
235 575 350 637 Terrae
373 576 522 638 distantia
545 576 587 638 sit
609 577 694 639 siuns
718 586 822 641 totus:
848 576 977 639 Telluris
999 595 1071 638 vero
1095 577 1194 637 media
1217 576 1373 651 distantia,
1397 575 1424 639 ei

57 662 245 742 superiorum
269 663 432 726 abscessus
457 665 623 744 longissimi
648 666 711 727 siut
733 667 816 728 sinus
841 675 941 728 totns:
967 654 1090 746 quoium
1106 683 1227 727 arcuum
1242 664 1286 727 illi
1306 665 1424 745 quidem

57 750 302 830 elongationibus
326 752 466 814 maximis
490 753 620 815 Veneris
645 761 677 815 et
698 755 839 817 Mercurii
864 776 883 817 a
906 753 994 825 Sole,
1018 753 1049 814 hi
1073 772 1143 815 vero
1167 753 1424 834 prosthapbaere-

56 839 140 902 sibus
162 839 312 921 cincyuosp
335 840 479 915 Saturni,
510 842 599 904 Jovis
631 850 664 904 et
690 844 801 905 Martis
830 843 959 923 proximi
990 850 1087 904 erunt.
1135 843 1168 905 ln
1199 841 1294 920 primo
1322 842 1425 903 ordine

57 935 127 991 tunt
149 949 258 1005 arcus,
291 929 341 1011 qni
368 932 549 1010 proveniunt
571 950 608 992 ex
633 932 807 1012 corporibus
831 933 956 994 exclusa
978 931 1079 1002 Luna,
1108 930 1137 992 in
1166 930 1296 991 secundo
1326 950 1423 1004 arcus,

58 1018 104 1097 qni
129 1018 316 1098 proveniunt
339 1037 376 1080 ex
400 1018 554 1082 distantiis
583 1040 603 1081 a
629 1018 702 1082 Sole
728 1018 958 1101 Copernicanis,
994 1018 1024 1081 in
1054 1019 1144 1082 tertio
1175 1018 1301 1098 deniqne
1337 1036 1425 1081 arcus

57 1106 103 1185 qni
131 1125 171 1168 ex
195 1106 371 1186 corporibus
396 1107 542 1188 adjuncta
564 1108 677 1171 Telluri
701 1109 790 1172 Lnnn
812 1116 997 1190 sequuntnr;
1021 1116 1053 1170 et
1074 1108 1304 1188 interponentur
1326 1106 1422 1170 utrin-

58 1211 110 1274 qne
133 1195 337 1272 differentiae.

125 1516 337 1561 ——ael—--
384 1532 461 1539 ἡ.-

234 1531 674 1651 ·;5es-oeu
737 1545 1241 1671 ⁵⁴⁵!-⁰4¹i⁵4

249 1652 971 1750 ut110172-0121029r-0
1040 1650 1150 1768 ⁶1¹⁰
1196 1653 1239 1721 re

828 1754 1075 1768 ⁶⁴*-

415 2293 456 2358 lN
483 2291 623 2355 CAPUT
646 2294 842 2358 DEClMUM
867 2292 1061 2364 QUlb'TUM

588 2414 704 2466 sorus
721 2411 897 2466 lucrosus.

143 2521 167 2583 a)
191 2524 261 2587 Quid
284 2534 415 2593 peccetur
437 2518 488 2594 per
506 2525 580 2579 banc
598 2524 686 2577 veluti
701 2524 873 2579 luxationem
895 2524 1055 2596 systematis
1075 2524 1227 2593 planetarii
1251 2533 1280 2579 et
1294 2528 1426 2596 quomodo

85 2609 202 2667 mestum
225 2604 278 2657 boc
301 2606 489 2676 redarguatur
510 2604 750 2658 observationibus
769 2605 925 2658 Braheanis
949 2604 976 2658 in
991 2605 1093 2665 ldarte,
1116 2604 1267 2675 diligenter
1288 2606 1426 2676 explicavi

84 2678 250 2739 incomment.
274 2685 308 2737 de
322 2686 442 2738 motibus
456 2685 531 2738 illius
552 2685 685 2754 planetae
709 2684 791 2754 idque
809 2700 845 2737 ex
864 2684 990 2754 professo
1011 2690 1093 2754 parte
1117 2685 1215 2753 prima,
1241 2701 1312 2756 quae
1335 2687 1427 2751 estde
1467 2682 1470 2694 '

85 2762 278 2832 teqnipcllentia
293 2763 498 2834 hypothesium.
540 2764 579 2818 Et
593 2764 658 2835 quia
672 2765 706 2816 ad
722 2764 899 2818 declinandos
921 2764 972 2817 hos
992 2780 1101 2824 errores
1115 2781 1231 2818 necesse
1246 2765 1306 2829 luit,
1328 2765 1426 2821 funda·

10 2855 12 2863 ·
85 2847 178 2896 neutum
201 2843 289 2897 veluti
313 2844 405 2897 mundi
430 2845 457 2897 in
481 2844 570 2914 ipsum
585 2844 656 2897 Solis
680 2850 802 2897 centrum
825 2860 969 2913 reponere,
994 2842 1058 2896 binc
1080 2844 1149 2897 adeo
1173 2845 1285 2908 factum,
1310 2852 1342 2900 ut
1364 2845 1428 2899 loca

10 2973 12 2989 ,
88 2920 173 2985 zodiaci,
196 2923 295 2993 quibus
310 2923 444 2992 planetae
459 2926 528 2977 fiunt
543 2923 669 2978 altissimi
685 2930 715 2977 et
727 2923 880 2988 humillimi,
906 2942 960 2977 non
979 2923 1039 2992 jam
1059 2924 1179 2992 amplius
1194 2938 1383 2995 apogaeomm
1397 2931 1428 2979 et

88 2996 255 3071 perigaecrum
270 3020 368 3056 nomen
383 3004 503 3058 retinere
517 3010 640 3073 possent,
663 3011 696 3058 ut
709 3003 816 3074 quidem
831 3003 860 3057 in
874 3004 1025 3073 Copernico
1039 3002 1214 3058 retinuerunt
1228 3004 1351 3068 ebuaire,
1378 3006 1426 3058 aed

86 3089 172 3227 miii
193 3084 724 3227 {ibsifflfiiintiibiigigeffiiiirui
742 3083 1238 3219 ἒηῖτξὴτῗιιιιιιαοθὲοξιθιέτιίᾗοθειιτιιῒω
1262 3165 1426 3234 sphaera·

88 3249 138 3293 ren
160 3243 274 3296 llundi
302 3247 486 3298 secundum
514 3244 726 3299 sententiam
753 3243 938 3314 Copernici
975 3251 1009 3298 et
1036 3260 1196 3298 numeros
1224 3245 1426 3300 tabularum

88 3312 346 3385 Pruteniearum,
383 3327 425 3378 ad
462 3332 618 3394 tempora
644 3324 856 3388 Ptolemaei,
894 3324 990 3379 circa
1017 3341 1143 3379 annum
1172 3324 1308 3379 Christi
1340 3325 1423 3379 140.“

89 3391 177 3456 Schema
199 3402 247 3456 24.
271 3405 384 3457 eosdem
412 3407 471 3466 ,ad
495 3411 655 3474 tempora
681 3404 883 3473 Copernici,
907 3404 1005 3459 circa
1028 3421 1151 3460 annum
1175 3404 1425 3469 Christi1525;

90 3471 127 3530 bec
143 3482 233 3536 addita
255 3482 459 3552 explicatione:

145 3565 181 3616 ud
205 3567 230 3616 Δ
253 3561 302 3616 sol
325 3571 449 3618 centrum
472 3565 564 3619 mundi
588 3574 641 3618 est.

146 3642 272 3696 Circellus
288 3659 389 3711 parvus
405 3647 439 3698 ad
454 3647 477 3698 B
501 3653 546 3698 est
560 3645 677 3698 circulus
692 3642 906 3698 eccentricitatis
929 3644 1003 3697 orbis
1017 3643 1112 3716 magni
1127 3643 1256 3698 Telluris.
1295 3643 1326 3697 ln
1341 3643 1424 3714 hujus

90 3711 176 3792 fatigo
199 3736 248 3776 seu
272 3723 333 3775 loco
353 3725 498 3779 remotiore
521 3742 539 3778 a
553 3725 617 3779 Sole
641 3724 786 3778 eccentrici
810 3724 884 3777 orbis
899 3723 993 3795 magni
1017 3732 1141 3777 centrum
1164 3722 1336 3777 consistebat
1355 3731 1424 3779 tcm-

90 3806 135 3858 llre
153 3802 312 3865 Ptolemaei,
336 3806 383 3856 sed
407 3812 530 3874 tempore
555 3804 698 3874 Copernici
721 3805 749 3857 in
772 3805 833 3857 loco
856 3803 997 3873 propiore,
1030 3803 1057 3858 b.
1081 3822 1106 3857 e.
1131 3802 1322 3857 eccentricitae
1350 3804 1424 3859 orbis

91 3880 158 3949 nigri
178 3888 239 3937 erat
263 3881 321 3935 illic
343 3900 429 3954 prope
453 3885 588 3949 maxima,
614 3885 658 3937 hic
682 3885 740 3938 lere
764 3883 882 3937 minima,
926 3885 1031 3938 Horum
1054 3885 1121 3937 illud
1140 3883 1282 3937 schemate
1298 3883 1350 3950 23,
1371 3885 1440 3939 boc·

91 3954 129 4012 tel.
148 3962 182 4017 24
204 3962 299 4015 ridere
323 3963 397 4017 licet.
957 4025 959 4029 A

145 4043 188 4096 ΔΒ
204 4036 277 4108 (sch.
293 4039 355 4111 23.)
370 4049 415 4097 eat
429 4045 521 4106 4170,
546 4044 666 4113 qualium
690 4042 893 4097 semidiameter
917 4043 990 4097 orbis
1009 4042 1171 4113 magniest
1188 4044 1313 4098 100000.
1353 4044 1425 4100 Hinc

90 4119 182 4175 narius
203 4124 308 4176 Terrae
332 4139 350 4176 a
372 4124 437 4178 Sole
460 4125 575 4178 remotio
599 4130 643 4177 est
672 4124 800 4188 104170,
824 4122 936 4177 minima
953 4122 1058 4178 95830.
1100 4123 1155 4177 Sed
1177 4123 1206 4178 in
1225 4123 1282 4178 sch.
1300 4124 1348 4183 24.
1373 4125 1426 4180 illa

92 4203 252 4256 euucricitas
276 4219 363 4272 prope
387 4204 498 4258 minima
520 4211 565 4257 est
588 4204 694 4259 32195.

147 4281 164 4335 C
185 4288 230 4336 eat
253 4282 371 4353 circulus
394 4301 497 4354 parvus
521 4283 736 4338 eccentricitatis
752 4274 787 4346 Q.
826 4283 918 4352 Hujus
942 4282 1146 4337 semidiameter
1167 4288 1212 4338 est
1236 4285 1312 4339 1040
1336 4291 1366 4339 et
1379 4283 1424 4339 Bc

92 4343 204 4428 (01124.)
215 4363 407 4417 eccentricitas
418 4364 505 4418 centri
516 4364 593 4434 parvi
604 4363 697 4417 circuli
710 4381 728 4417 a
737 4371 831 4418 centro
842 4363 915 4418 orbis
926 4362 1020 4434 msgni
1031 4364 1054 4415 B
1069 4370 1113 4417 est
1123 4362 1201 4417 3120
1212 4384 1218 4426 ;
1233 4365 1281 4419 ΔΟ
1295 4377 1322 4405 =
1339 4363 1423 4419 1262.

92 4427 140 4490 Hinc
158 4443 277 4497 maxima
301 4435 326 4507 ὦ
351 4461 369 4497 a
394 4438 425 4502 Θ
451 4443 585 4497 distantia
609 4442 721 4507 14232,
745 4442 855 4497 minima
876 4442 984 4498 69628.
1429 4436 1437 4451 ’

145 4521 304 4577 Dcentrurn
319 4532 364 4579 est
377 4524 479 4578 circelli
494 4523 708 4577 eccentricitatis
724 4518 754 4583 15.
792 4523 883 4593 Hujus
908 4523 1109 4578 semidiameter
1129 4530 1174 4578 est
1196 4524 1345 4577 earundem
1369 4537 1425 4591 que

92 4604 152 4663 upra
162 4604 279 4672 partium
294 4599 426 4669 2114l2,
455 4603 571 4674 ejusque
595 4603 786 4658 eccentricitas
811 4620 829 4657 a
851 4611 946 4658 centro
965 4604 1039 4658 orbis
1054 4603 1149 4675 magni
1162 4596 1351 4663 nutaret„
1376 4604 1425 4654 sed

91 4667 510 4822 I{beccentrilclitesejusafi),
538 4684 642 4739 10210.
686 4684 763 4738 Unde
783 4675 1088 4745 maximanistantia
1109 4677 1347 4744 1102481142..
1376 4680 1424 4736 mi·

92 4762 253 4820 1111623345
277 4789 300 4822 r.
