<?xml version="1.0" encoding="UTF-8"?>
<!DOCTYPE html PUBLIC "-//W3C//DTD XHTML 1.0 Transitional//EN"
    "http://www.w3.org/TR/xhtml1/DTD/xhtml1-transitional.dtd">
<html xmlns="http://www.w3.org/1999/xhtml" xml:lang="en" lang="en">
 <head>
  <title>
</title>
<meta http-equiv="Content-Type" content="text/html;charset=utf-8" />
  <meta name='ocr-system' content='tesseract 3.04.00' />
  <meta name='ocr-capabilities' content='ocr_page ocr_carea ocr_par ocr_line ocrx_word'/>
</head>
<body>
  <div class='ocr_page' id='page_1' title='image "./joanniskepleria04frisgoog_0156.png"; bbox 0 0 3366 5482; ppageno 0'>
   <div class='ocr_carea' id='block_1_1' title="bbox 766 213 1522 311">
    <p class='ocr_par' dir='ltr' id='par_1_1' title="bbox 766 213 1522 311">
     <span class='ocr_line' id='line_1_1' title="bbox 766 213 1522 311; baseline 0.001 -30"><span class='ocrx_word' id='word_1_1' title='bbox 766 213 851 311; x_wconf 58' lang='lat' dir='ltr'><strong>feret</strong></span> <span class='ocrx_word' id='word_1_2' title='bbox 867 215 911 266; x_wconf 72' lang='lat' dir='ltr'><strong>XI·</strong></span> <span class='ocrx_word' id='word_1_3' title='bbox 1411 294 1414 300; x_wconf 87' lang='lat'>.</span> <span class='ocrx_word' id='word_1_4' title='bbox 1460 214 1522 284; x_wconf 84' lang='grc'><strong>137</strong></span> 
     </span>
    </p>
   </div>
   <div class='ocr_carea' id='block_1_2' title="bbox 135 376 1524 2633">
    <p class='ocr_par' dir='ltr' id='par_1_2' title="bbox 159 376 1521 527">
     <span class='ocr_line' id='line_1_2' title="bbox 159 376 1521 452; baseline 0.003 -20"><span class='ocrx_word' id='word_1_5' title='bbox 159 378 191 432; x_wconf 85' lang='grc' dir='ltr'><strong>ιιι</strong></span> <span class='ocrx_word' id='word_1_6' title='bbox 205 376 280 431; x_wconf 77' lang='lat' dir='ltr'><strong>thesi</strong></span> <span class='ocrx_word' id='word_1_7' title='bbox 295 377 373 446; x_wconf 85' lang='lat' dir='ltr'><strong>ipsa:</strong></span> <span class='ocrx_word' id='word_1_8' title='bbox 393 391 465 448; x_wconf 84' lang='lat' dir='ltr'><strong>quae</strong></span> <span class='ocrx_word' id='word_1_9' title='bbox 479 382 572 431; x_wconf 87' lang='lat' dir='ltr'><strong>tamen</strong></span> <span class='ocrx_word' id='word_1_10' title='bbox 587 378 623 431; x_wconf 87' lang='lat' dir='ltr'><strong>ad</strong></span> <span class='ocrx_word' id='word_1_11' title='bbox 636 377 805 448; x_wconf 76' lang='lat' dir='ltr'>hypothesin</span> <span class='ocrx_word' id='word_1_12' title='bbox 820 379 847 433; x_wconf 93' lang='lat' dir='ltr'><strong>in</strong></span> <span class='ocrx_word' id='word_1_13' title='bbox 861 379 914 433; x_wconf 89' lang='lat' dir='ltr'><strong>hoc</strong></span> <span class='ocrx_word' id='word_1_14' title='bbox 928 380 1036 451; x_wconf 90' lang='lat' dir='ltr'><strong>quidem</strong></span> <span class='ocrx_word' id='word_1_15' title='bbox 1050 387 1141 452; x_wconf 91' lang='lat' dir='ltr'><strong>caput,</strong></span> <span class='ocrx_word' id='word_1_16' title='bbox 1158 387 1190 435; x_wconf 98' lang='grc' dir='ltr'><strong>ιι</strong></span> <span class='ocrx_word' id='word_1_17' title='bbox 1203 379 1281 450; x_wconf 88' lang='lat' dir='ltr'><strong>coepi</strong></span> <span class='ocrx_word' id='word_1_18' title='bbox 1297 381 1396 445; x_wconf 85' lang='lat' dir='ltr'><strong>dicere,</strong></span> <span class='ocrx_word' id='word_1_19' title='bbox 1412 399 1467 436; x_wconf 89' lang='lat' dir='ltr'><strong>non</strong></span> <span class='ocrx_word' id='word_1_20' title='bbox 1481 381 1521 436; x_wconf 84' lang='lat' dir='ltr'><strong>fc·</strong></span> 
     </span>
     <span class='ocr_line' id='line_1_3' title="bbox 160 456 497 527; baseline -0.003 -16"><span class='ocrx_word' id='word_1_21' title='bbox 160 457 248 512; x_wconf 87' lang='lat' dir='ltr'><strong>liciter</strong></span> <span class='ocrx_word' id='word_1_22' title='bbox 269 456 325 511; x_wconf 88' lang='lat' dir='ltr'><strong>fnit</strong></span> <span class='ocrx_word' id='word_1_23' title='bbox 345 457 497 527; x_wconf 88' lang='lat' dir='ltr'><strong>applicata.</strong></span> 
     </span>
    </p>

    <p class='ocr_par' dir='ltr' id='par_1_3' title="bbox 135 533 1523 1570">
     <span class='ocr_line' id='line_1_4' title="bbox 238 533 1521 612; baseline 0.004 -22"><span class='ocrx_word' id='word_1_24' title='bbox 238 533 265 601; x_wconf 90' lang='lat' dir='ltr'><strong>c)</strong></span> <span class='ocrx_word' id='word_1_25' title='bbox 286 537 348 591; x_wconf 81' lang='lat' dir='ltr'><strong>Hoc</strong></span> <span class='ocrx_word' id='word_1_26' title='bbox 362 539 395 591; x_wconf 88' lang='lat' dir='ltr'><strong>de</strong></span> <span class='ocrx_word' id='word_1_27' title='bbox 410 537 443 590; x_wconf 86' lang='lat' dir='ltr'><strong>iis</strong></span> <span class='ocrx_word' id='word_1_28' title='bbox 457 537 559 591; x_wconf 90' lang='lat' dir='ltr'><strong>dictum</strong></span> <span class='ocrx_word' id='word_1_29' title='bbox 573 544 625 600; x_wconf 88' lang='grc' dir='ltr'>ιιι,</span> <span class='ocrx_word' id='word_1_30' title='bbox 641 552 713 607; x_wconf 86' lang='lat' dir='ltr'><strong>quac</strong></span> <span class='ocrx_word' id='word_1_31' title='bbox 729 538 755 590; x_wconf 94' lang='lat' dir='ltr'><strong>in</strong></span> <span class='ocrx_word' id='word_1_32' title='bbox 770 555 873 608; x_wconf 81' lang='lat' dir='ltr'>genere</span> <span class='ocrx_word' id='word_1_33' title='bbox 893 541 1079 601; x_wconf 72' lang='lat' dir='ltr'><strong>quantitatum</strong></span> <span class='ocrx_word' id='word_1_34' title='bbox 1099 540 1235 594; x_wconf 89' lang='lat' dir='ltr'><strong>rationem</strong></span> <span class='ocrx_word' id='word_1_35' title='bbox 1250 541 1356 594; x_wconf 88' lang='lat' dir='ltr'><strong>habent</strong></span> <span class='ocrx_word' id='word_1_36' title='bbox 1379 541 1521 612; x_wconf 87' lang='lat' dir='ltr'><strong>materiae.</strong></span> 
     </span>
     <span class='ocr_line' id='line_1_5' title="bbox 160 616 1521 691; baseline 0.003 -20"><span class='ocrx_word' id='word_1_37' title='bbox 160 618 243 672; x_wconf 83' lang='lat' dir='ltr'>Verbi</span> <span class='ocrx_word' id='word_1_38' title='bbox 258 633 354 680; x_wconf 81' lang='lat' dir='ltr'><strong>causa,</strong></span> <span class='ocrx_word' id='word_1_39' title='bbox 375 616 549 687; x_wconf 89' lang='lat' dir='ltr'><strong>sphaericum</strong></span> <span class='ocrx_word' id='word_1_40' title='bbox 568 618 656 687; x_wconf 89' lang='lat' dir='ltr'><strong>ipsum</strong></span> <span class='ocrx_word' id='word_1_41' title='bbox 675 635 725 687; x_wconf 93' lang='lat' dir='ltr'><strong>per</strong></span> <span class='ocrx_word' id='word_1_42' title='bbox 738 636 768 671; x_wconf 89' lang='lat' dir='ltr'><strong>se</strong></span> <span class='ocrx_word' id='word_1_43' title='bbox 784 635 868 673; x_wconf 91' lang='lat' dir='ltr'><strong>unum</strong></span> <span class='ocrx_word' id='word_1_44' title='bbox 881 627 969 674; x_wconf 86' lang='lat' dir='ltr'><strong>totum</strong></span> <span class='ocrx_word' id='word_1_45' title='bbox 991 621 1096 691; x_wconf 78' lang='lat' dir='ltr'>sibique</span> <span class='ocrx_word' id='word_1_46' title='bbox 1110 619 1229 690; x_wconf 88' lang='lat' dir='ltr'><strong>undique</strong></span> <span class='ocrx_word' id='word_1_47' title='bbox 1249 621 1337 675; x_wconf 88' lang='lat' dir='ltr'><strong>simile</strong></span> <span class='ocrx_word' id='word_1_48' title='bbox 1358 629 1403 675; x_wconf 88' lang='lat' dir='ltr'><strong>est</strong></span> <span class='ocrx_word' id='word_1_49' title='bbox 1420 622 1521 675; x_wconf 87' lang='lat' dir='ltr'><strong>forma-</strong></span> 
     </span>
     <span class='ocr_line' id='line_1_6' title="bbox 160 697 1521 769; baseline 0.001 -17"><span class='ocrx_word' id='word_1_50' title='bbox 160 698 235 758; x_wconf 74' lang='lat' dir='ltr'><strong>liter:</strong></span> <span class='ocrx_word' id='word_1_51' title='bbox 257 705 291 751; x_wconf 85' lang='lat' dir='ltr'><strong>at</strong></span> <span class='ocrx_word' id='word_1_52' title='bbox 308 697 501 760; x_wconf 70' lang='lat' dir='ltr'><strong>materialiter,</strong></span> <span class='ocrx_word' id='word_1_53' title='bbox 516 705 548 751; x_wconf 89' lang='lat' dir='ltr'><strong>ut</strong></span> <span class='ocrx_word' id='word_1_54' title='bbox 566 698 733 766; x_wconf 88' lang='lat' dir='ltr'><strong>superficies,</strong></span> <span class='ocrx_word' id='word_1_55' title='bbox 758 698 845 752; x_wconf 89' lang='lat' dir='ltr'><strong>habe&#39;t</strong></span> <span class='ocrx_word' id='word_1_56' title='bbox 866 707 974 769; x_wconf 89' lang='lat' dir='ltr'><strong>partem</strong></span> <span class='ocrx_word' id='word_1_57' title='bbox 995 710 1078 755; x_wconf 86' lang='lat' dir='ltr'><strong>extra</strong></span> <span class='ocrx_word' id='word_1_58' title='bbox 1098 708 1216 769; x_wconf 82' lang='lat' dir='ltr'><strong>partem.</strong></span> <span class='ocrx_word' id='word_1_59' title='bbox 1258 701 1311 753; x_wconf 88' lang='lat' dir='ltr'><strong>llic</strong></span> <span class='ocrx_word' id='word_1_60' title='bbox 1330 717 1391 755; x_wconf 91' lang='lat' dir='ltr'><strong>oum</strong></span> <span class='ocrx_word' id='word_1_61' title='bbox 1413 703 1521 755; x_wconf 88' lang='lat' dir='ltr'><strong>ratione</strong></span> 
     </span>
     <span class='ocr_line' id='line_1_7' title="bbox 160 777 1522 853; baseline 0.001 -21"><span class='ocrx_word' id='word_1_62' title='bbox 160 777 280 849; x_wconf 85' lang='lat' dir='ltr'><strong>partium</strong></span> <span class='ocrx_word' id='word_1_63' title='bbox 295 778 450 831; x_wconf 83' lang='lat' dir='ltr'><strong>dominetur</strong></span> <span class='ocrx_word' id='word_1_64' title='bbox 464 779 491 831; x_wconf 92' lang='lat' dir='ltr'><strong>in</strong></span> <span class='ocrx_word' id='word_1_65' title='bbox 506 778 650 846; x_wconf 90' lang='lat' dir='ltr'><strong>sphaerico</strong></span> <span class='ocrx_word' id='word_1_66' title='bbox 671 778 790 832; x_wconf 81' lang='lat' dir='ltr'><strong>infinitas</strong></span> <span class='ocrx_word' id='word_1_67' title='bbox 806 779 954 843; x_wconf 81' lang='lat' dir='ltr'><strong>divisionis,</strong></span> <span class='ocrx_word' id='word_1_68' title='bbox 979 781 1153 851; x_wconf 88' lang='lat' dir='ltr'><strong>sphaericum</strong></span> <span class='ocrx_word' id='word_1_69' title='bbox 1173 780 1260 850; x_wconf 83' lang='lat' dir='ltr'><strong>igitur</strong></span> <span class='ocrx_word' id='word_1_70' title='bbox 1276 781 1384 834; x_wconf 82' lang='lat' dir='ltr'><strong>ratione</strong></span> <span class='ocrx_word' id='word_1_71' title='bbox 1399 797 1443 843; x_wconf 84' lang='lat' dir='ltr'><strong>ea,</strong></span> <span class='ocrx_word' id='word_1_72' title='bbox 1467 797 1522 853; x_wconf 89' lang='lat' dir='ltr'><strong>qua</strong></span> 
     </span>
     <span class='ocr_line' id='line_1_8' title="bbox 135 859 1523 931; baseline 0.002 -18"><span class='ocrx_word' id='word_1_73' title='bbox 135 893 136 897; x_wconf 21' lang='grc' dir='ltr'><strong>κ</strong></span> <span class='ocrx_word' id='word_1_74' title='bbox 161 860 298 928; x_wconf 89' lang='lat' dir='ltr'><strong>inpartes</strong></span> <span class='ocrx_word' id='word_1_75' title='bbox 313 864 357 912; x_wconf 90' lang='lat' dir='ltr'><strong>est</strong></span> <span class='ocrx_word' id='word_1_76' title='bbox 371 859 517 921; x_wconf 82' lang='lat' dir='ltr'><strong>dividuum,</strong></span> <span class='ocrx_word' id='word_1_77' title='bbox 543 875 596 910; x_wconf 93' lang='lat' dir='ltr'><strong>nou</strong></span> <span class='ocrx_word' id='word_1_78' title='bbox 612 859 800 912; x_wconf 76' lang='lat' dir='ltr'><strong>consideratur</strong></span> <span class='ocrx_word' id='word_1_79' title='bbox 814 859 977 923; x_wconf 72' lang='lat' dir='ltr'><strong>formaliter,</strong></span> <span class='ocrx_word' id='word_1_80' title='bbox 999 863 1047 914; x_wconf 92' lang='lat' dir='ltr'><strong>sed</strong></span> <span class='ocrx_word' id='word_1_81' title='bbox 1067 861 1257 923; x_wconf 76' lang='lat' dir='ltr'><strong>materialiter,</strong></span> <span class='ocrx_word' id='word_1_82' title='bbox 1282 861 1340 913; x_wconf 84' lang='lat' dir='ltr'><strong>sive</strong></span> <span class='ocrx_word' id='word_1_83' title='bbox 1361 863 1431 931; x_wconf 89' lang='lat' dir='ltr'><strong>quod</strong></span> <span class='ocrx_word' id='word_1_84' title='bbox 1453 862 1523 916; x_wconf 90' lang='lat' dir='ltr'><strong>idem</strong></span> 
     </span>
     <span class='ocr_line' id='line_1_9' title="bbox 161 938 1520 1011; baseline 0.004 -20"><span class='ocrx_word' id='word_1_85' title='bbox 161 945 208 1000; x_wconf 87' lang='grc' dir='ltr'>ιιι,</span> <span class='ocrx_word' id='word_1_86' title='bbox 232 944 330 1007; x_wconf 86' lang='lat' dir='ltr'><strong>partes</strong></span> <span class='ocrx_word' id='word_1_87' title='bbox 343 938 491 1008; x_wconf 77' lang='lat' dir='ltr'><strong>&#39;sphaerici</strong></span> <span class='ocrx_word' id='word_1_88' title='bbox 516 938 645 991; x_wconf 78' lang='lat' dir='ltr'><strong>formales</strong></span> <span class='ocrx_word' id='word_1_89' title='bbox 667 939 764 992; x_wconf 84' lang='lat' dir='ltr'><strong>nullae</strong></span> <span class='ocrx_word' id='word_1_90' title='bbox 784 948 861 1010; x_wconf 81' lang='lat' dir='ltr'><strong>sunt3</strong></span> <span class='ocrx_word' id='word_1_91' title='bbox 887 956 957 1011; x_wconf 89' lang='lat' dir='ltr'><strong>quae</strong></span> <span class='ocrx_word' id='word_1_92' title='bbox 978 958 1044 995; x_wconf 78' lang='lat' dir='ltr'><strong>vero</strong></span> <span class='ocrx_word' id='word_1_93' title='bbox 1066 943 1093 996; x_wconf 92' lang='lat' dir='ltr'><strong>iu</strong></span> <span class='ocrx_word' id='word_1_94' title='bbox 1117 942 1165 994; x_wconf 92' lang='lat' dir='ltr'><strong>illo</strong></span> <span class='ocrx_word' id='word_1_95' title='bbox 1189 941 1398 994; x_wconf 89' lang='lat' dir='ltr'><strong>considerantur</strong></span> <span class='ocrx_word' id='word_1_96' title='bbox 1415 949 1520 1011; x_wconf 86' lang='lat' dir='ltr'><strong>partes,</strong></span> 
     </span>
     <span class='ocr_line' id='line_1_10' title="bbox 161 1019 1521 1092; baseline 0.001 -19"><span class='ocrx_word' id='word_1_97' title='bbox 161 1019 319 1073; x_wconf 76' lang='lat' dir='ltr'><strong>materiales</strong></span> <span class='ocrx_word' id='word_1_98' title='bbox 339 1026 411 1082; x_wconf 86' lang='lat' dir='ltr'><strong>suut,</strong></span> <span class='ocrx_word' id='word_1_99' title='bbox 437 1020 464 1072; x_wconf 91' lang='lat' dir='ltr'><strong>iu</strong></span> <span class='ocrx_word' id='word_1_100' title='bbox 489 1025 621 1089; x_wconf 87' lang='lat' dir='ltr'><strong>quantum</strong></span> <span class='ocrx_word' id='word_1_101' title='bbox 644 1020 736 1089; x_wconf 88' lang='lat' dir='ltr'><strong>figura</strong></span> <span class='ocrx_word' id='word_1_102' title='bbox 759 1021 897 1088; x_wconf 84' lang='lat' dir='ltr'><strong>sphaerici</strong></span> <span class='ocrx_word' id='word_1_103' title='bbox 921 1021 1010 1074; x_wconf 88' lang='lat' dir='ltr'><strong>utitur</strong></span> <span class='ocrx_word' id='word_1_104' title='bbox 1032 1022 1150 1076; x_wconf 85' lang='lat' dir='ltr'><strong>materia</strong></span> <span class='ocrx_word' id='word_1_105' title='bbox 1173 1020 1361 1091; x_wconf 78' lang='lat' dir='ltr'><strong>quantitative</strong></span> <span class='ocrx_word' id='word_1_106' title='bbox 1385 1021 1521 1092; x_wconf 83' lang='lat' dir='ltr'><strong>dividique</strong></span> 
     </span>
     <span class='ocr_line' id='line_1_11' title="bbox 161 1099 1521 1171; baseline 0.001 -19"><span class='ocrx_word' id='word_1_107' title='bbox 161 1105 262 1170; x_wconf 80' lang='lat' dir='ltr'><strong>potest</strong></span> <span class='ocrx_word' id='word_1_108' title='bbox 303 1100 368 1153; x_wconf 84' lang='lat' dir='ltr'><strong>Jam</strong></span> <span class='ocrx_word' id='word_1_109' title='bbox 386 1116 451 1152; x_wconf 84' lang='lat' dir='ltr'><strong>rere</strong></span> <span class='ocrx_word' id='word_1_110' title='bbox 471 1106 535 1151; x_wconf 89' lang='lat' dir='ltr'><strong>actu</strong></span> <span class='ocrx_word' id='word_1_111' title='bbox 556 1099 714 1152; x_wconf 84' lang='lat' dir='ltr'><strong>inscribitur</strong></span> <span class='ocrx_word' id='word_1_112' title='bbox 728 1101 814 1153; x_wconf 90' lang='lat' dir='ltr'><strong>cubus</strong></span> <span class='ocrx_word' id='word_1_113' title='bbox 836 1101 999 1170; x_wconf 77' lang='lat' dir='ltr'><strong>sphaerico:</strong></span> <span class='ocrx_word' id='word_1_114' title='bbox 1022 1101 1045 1155; x_wconf 92' lang='lat' dir='ltr'><strong>si</strong></span> <span class='ocrx_word' id='word_1_115' title='bbox 1067 1101 1421 1171; x_wconf 84' lang='lat' dir='ltr'><strong>sphaericum‘formaliter</strong></span> <span class='ocrx_word' id='word_1_116' title='bbox 1434 1101 1521 1155; x_wconf 89' lang='lat' dir='ltr'><strong>consi·</strong></span> 
     </span>
     <span class='ocr_line' id='line_1_12' title="bbox 161 1180 1523 1253; baseline 0.003 -21"><span class='ocrx_word' id='word_1_117' title='bbox 161 1182 273 1253; x_wconf 85' lang='lat' dir='ltr'><strong>deratur</strong></span> <span class='ocrx_word' id='word_1_118' title='bbox 287 1186 319 1232; x_wconf 87' lang='lat' dir='ltr'><strong>ut</strong></span> <span class='ocrx_word' id='word_1_119' title='bbox 333 1180 432 1250; x_wconf 78' lang='lat' dir='ltr'><strong>figura,</strong></span> <span class='ocrx_word' id='word_1_120' title='bbox 448 1180 524 1232; x_wconf 88' lang='lat' dir='ltr'><strong>lacus</strong></span> <span class='ocrx_word' id='word_1_121' title='bbox 540 1180 693 1249; x_wconf 91' lang='lat' dir='ltr'><strong>quaestioni</strong></span> <span class='ocrx_word' id='word_1_122' title='bbox 710 1189 830 1243; x_wconf 87' lang='lat' dir='ltr'><strong>nonest,</strong></span> <span class='ocrx_word' id='word_1_123' title='bbox 854 1182 1018 1251; x_wconf 84' lang='lat' dir='ltr'><strong>quibusnam</strong></span> <span class='ocrx_word' id='word_1_124' title='bbox 1033 1182 1059 1234; x_wconf 90' lang='lat' dir='ltr'><strong>in</strong></span> <span class='ocrx_word' id='word_1_125' title='bbox 1075 1181 1184 1251; x_wconf 88' lang='lat' dir='ltr'><strong>punctis</strong></span> <span class='ocrx_word' id='word_1_126' title='bbox 1199 1182 1340 1236; x_wconf 89' lang='lat' dir='ltr'><strong>statuendi</strong></span> <span class='ocrx_word' id='word_1_127' title='bbox 1354 1183 1411 1236; x_wconf 88' lang='lat' dir='ltr'><strong>sint</strong></span> <span class='ocrx_word' id='word_1_128' title='bbox 1425 1182 1523 1253; x_wconf 84' lang='lat' dir='ltr'><strong>anguli</strong></span> 
     </span>
     <span class='ocr_line' id='line_1_13' title="bbox 161 1259 1523 1332; baseline 0 -18"><span class='ocrx_word' id='word_1_129' title='bbox 161 1259 229 1322; x_wconf 89' lang='lat' dir='ltr'><strong>cubi,</strong></span> <span class='ocrx_word' id='word_1_130' title='bbox 252 1259 296 1312; x_wconf 87' lang='lat' dir='ltr'><strong>siu</strong></span> <span class='ocrx_word' id='word_1_131' title='bbox 316 1269 409 1314; x_wconf 87' lang='lat' dir='ltr'><strong>autem</strong></span> <span class='ocrx_word' id='word_1_132' title='bbox 432 1259 616 1313; x_wconf 84' lang='lat' dir='ltr'><strong>materialiter</strong></span> <span class='ocrx_word' id='word_1_133' title='bbox 639 1261 802 1324; x_wconf 87' lang='lat' dir='ltr'><strong>consideres,</strong></span> <span class='ocrx_word' id='word_1_134' title='bbox 826 1270 858 1314; x_wconf 91' lang='lat' dir='ltr'><strong>ut</strong></span> <span class='ocrx_word' id='word_1_135' title='bbox 881 1262 1052 1332; x_wconf 87' lang='lat' dir='ltr'><strong>superficiem</strong></span> <span class='ocrx_word' id='word_1_136' title='bbox 1074 1262 1239 1316; x_wconf 87' lang='lat' dir='ltr'><strong>infinitorum</strong></span> <span class='ocrx_word' id='word_1_137' title='bbox 1260 1271 1435 1332; x_wconf 90' lang='lat' dir='ltr'><strong>punctorum:</strong></span> <span class='ocrx_word' id='word_1_138' title='bbox 1458 1271 1523 1315; x_wconf 89' lang='lat' dir='ltr'><strong>tuuc</strong></span> 
     </span>
     <span class='ocr_line' id='line_1_14' title="bbox 162 1340 1522 1412; baseline 0.002 -19"><span class='ocrx_word' id='word_1_139' title='bbox 162 1340 267 1411; x_wconf 86' lang='lat' dir='ltr'><strong>quidem</strong></span> <span class='ocrx_word' id='word_1_140' title='bbox 288 1340 444 1408; x_wconf 88' lang='lat' dir='ltr'><strong>quaestioni</strong></span> <span class='ocrx_word' id='word_1_141' title='bbox 466 1340 542 1393; x_wconf 90' lang='lat' dir='ltr'><strong>locus</strong></span> <span class='ocrx_word' id='word_1_142' title='bbox 562 1347 613 1402; x_wconf 84' lang='lat' dir='ltr'><strong>est,</strong></span> <span class='ocrx_word' id='word_1_143' title='bbox 636 1341 734 1410; x_wconf 88' lang='lat' dir='ltr'><strong>quibua</strong></span> <span class='ocrx_word' id='word_1_144' title='bbox 755 1341 784 1394; x_wconf 90' lang='lat' dir='ltr'><strong>in</strong></span> <span class='ocrx_word' id='word_1_145' title='bbox 797 1342 927 1411; x_wconf 83' lang='lat' dir='ltr'><strong>punctis?</strong></span> <span class='ocrx_word' id='word_1_146' title='bbox 949 1350 981 1396; x_wconf 90' lang='lat' dir='ltr'><strong>at</strong></span> <span class='ocrx_word' id='word_1_147' title='bbox 1000 1343 1161 1412; x_wconf 86' lang='lat' dir='ltr'><strong>responderi</strong></span> <span class='ocrx_word' id='word_1_148' title='bbox 1176 1360 1229 1395; x_wconf 90' lang='lat' dir='ltr'><strong>non</strong></span> <span class='ocrx_word' id='word_1_149' title='bbox 1243 1350 1347 1411; x_wconf 91' lang='lat' dir='ltr'><strong>potest,</strong></span> <span class='ocrx_word' id='word_1_150' title='bbox 1370 1359 1430 1395; x_wconf 89' lang='lat' dir='ltr'><strong>curn</strong></span> <span class='ocrx_word' id='word_1_151' title='bbox 1450 1342 1522 1396; x_wconf 90' lang='lat' dir='ltr'><strong>ratio</strong></span> 
     </span>
     <span class='ocr_line' id='line_1_15' title="bbox 160 1419 1521 1492; baseline 0 -17"><span class='ocrx_word' id='word_1_152' title='bbox 160 1420 237 1475; x_wconf 88' lang='lat' dir='ltr'><strong>nulla</strong></span> <span class='ocrx_word' id='word_1_153' title='bbox 261 1419 307 1482; x_wconf 74' lang='lat' dir='ltr'><strong>sit</strong></span> <span class='ocrx_word' id='word_1_154' title='bbox 335 1437 383 1473; x_wconf 89' lang='lat' dir='ltr'><strong>our</strong></span> <span class='ocrx_word' id='word_1_155' title='bbox 406 1421 498 1489; x_wconf 91' lang='lat' dir='ltr'><strong>potius</strong></span> <span class='ocrx_word' id='word_1_156' title='bbox 522 1420 547 1471; x_wconf 93' lang='lat' dir='ltr'><strong>iu</strong></span> <span class='ocrx_word' id='word_1_157' title='bbox 573 1420 615 1473; x_wconf 91' lang='lat' dir='ltr'><strong>his</strong></span> <span class='ocrx_word' id='word_1_158' title='bbox 636 1421 755 1490; x_wconf 90' lang='lat' dir='ltr'><strong>punctis,</strong></span> <span class='ocrx_word' id='word_1_159' title='bbox 778 1438 859 1491; x_wconf 88' lang='lat' dir='ltr'><strong>quam</strong></span> <span class='ocrx_word' id='word_1_160' title='bbox 884 1422 910 1475; x_wconf 92' lang='lat' dir='ltr'><strong>in</strong></span> <span class='ocrx_word' id='word_1_161' title='bbox 935 1423 1012 1476; x_wconf 88' lang='lat' dir='ltr'><strong>aliis:</strong></span> <span class='ocrx_word' id='word_1_162' title='bbox 1035 1422 1136 1492; x_wconf 86' lang='lat' dir='ltr'><strong>quippe</strong></span> <span class='ocrx_word' id='word_1_163' title='bbox 1158 1429 1251 1491; x_wconf 90' lang='lat' dir='ltr'><strong>potest</strong></span> <span class='ocrx_word' id='word_1_164' title='bbox 1274 1422 1301 1475; x_wconf 93' lang='lat' dir='ltr'><strong>in</strong></span> <span class='ocrx_word' id='word_1_165' title='bbox 1325 1422 1435 1475; x_wconf 89' lang='lat' dir='ltr'><strong>infinitis</strong></span> <span class='ocrx_word' id='word_1_166' title='bbox 1459 1422 1521 1475; x_wconf 90' lang='lat' dir='ltr'><strong>aliis</strong></span> 
     </span>
     <span class='ocr_line' id='line_1_16' title="bbox 160 1499 1466 1570; baseline 0.002 -17"><span class='ocrx_word' id='word_1_167' title='bbox 160 1508 242 1570; x_wconf 82' lang='lat' dir='ltr'><strong>atqua</strong></span> <span class='ocrx_word' id='word_1_168' title='bbox 263 1499 336 1554; x_wconf 87' lang='lat' dir='ltr'><strong>aliis.</strong></span> <span class='ocrx_word' id='word_1_169' title='bbox 1463 1559 1466 1566; x_wconf 59' lang='grc'>,</span> 
     </span>
    </p>

    <p class='ocr_par' dir='ltr' id='par_1_4' title="bbox 160 1579 1524 2454">
     <span class='ocr_line' id='line_1_17' title="bbox 237 1579 1522 1653; baseline 0.002 -19"><span class='ocrx_word' id='word_1_170' title='bbox 237 1579 331 1648; x_wconf 79' lang='lat' dir='ltr'><strong>quus</strong></span> <span class='ocrx_word' id='word_1_171' title='bbox 352 1579 465 1652; x_wconf 88' lang='lat' dir='ltr'><strong>generis</strong></span> <span class='ocrx_word' id='word_1_172' title='bbox 487 1589 604 1635; x_wconf 88' lang='lat' dir='ltr'><strong>suntet</strong></span> <span class='ocrx_word' id='word_1_173' title='bbox 624 1581 697 1635; x_wconf 90' lang='lat' dir='ltr'><strong>istae</strong></span> <span class='ocrx_word' id='word_1_174' title='bbox 718 1581 908 1651; x_wconf 87' lang='lat' dir='ltr'><strong>quaestiones:</strong></span> <span class='ocrx_word' id='word_1_175' title='bbox 933 1599 993 1635; x_wconf 88' lang='lat' dir='ltr'><strong>cum</strong></span> <span class='ocrx_word' id='word_1_176' title='bbox 1013 1581 1128 1651; x_wconf 86' lang='lat' dir='ltr'><strong>fingitur</strong></span> <span class='ocrx_word' id='word_1_177' title='bbox 1147 1582 1266 1650; x_wconf 90' lang='lat' dir='ltr'><strong>spatium</strong></span> <span class='ocrx_word' id='word_1_178' title='bbox 1281 1582 1522 1653; x_wconf 86' lang='lat' dir='ltr'><strong>ultramundanum</strong></span> 
     </span>
     <span class='ocr_line' id='line_1_18' title="bbox 162 1660 1521 1732; baseline 0.001 -18"><span class='ocrx_word' id='word_1_179' title='bbox 162 1660 302 1724; x_wconf 86' lang='lat' dir='ltr'><strong>inlinitum,</strong></span> <span class='ocrx_word' id='word_1_180' title='bbox 324 1669 355 1715; x_wconf 86' lang='grc' dir='ltr'><strong>ιι</strong></span> <span class='ocrx_word' id='word_1_181' title='bbox 375 1662 408 1714; x_wconf 89' lang='lat' dir='ltr'><strong>de</strong></span> <span class='ocrx_word' id='word_1_182' title='bbox 424 1677 457 1713; x_wconf 87' lang='lat' dir='ltr'><strong>eo</strong></span> <span class='ocrx_word' id='word_1_183' title='bbox 481 1661 631 1730; x_wconf 87' lang='lat' dir='ltr'><strong>quaeritur,</strong></span> <span class='ocrx_word' id='word_1_184' title='bbox 654 1679 702 1715; x_wconf 93' lang='lat' dir='ltr'><strong>cur</strong></span> <span class='ocrx_word' id='word_1_185' title='bbox 716 1663 808 1731; x_wconf 91' lang='lat' dir='ltr'><strong>potius</strong></span> <span class='ocrx_word' id='word_1_186' title='bbox 827 1662 854 1714; x_wconf 91' lang='lat' dir='ltr'><strong>in</strong></span> <span class='ocrx_word' id='word_1_187' title='bbox 868 1662 922 1714; x_wconf 89' lang='lat' dir='ltr'><strong>hac</strong></span> <span class='ocrx_word' id='word_1_188' title='bbox 935 1671 1016 1731; x_wconf 86' lang='lat' dir='ltr'><strong>parte</strong></span> <span class='ocrx_word' id='word_1_189' title='bbox 1031 1661 1127 1731; x_wconf 91' lang='lat' dir='ltr'><strong>spatii,</strong></span> <span class='ocrx_word' id='word_1_190' title='bbox 1150 1678 1231 1732; x_wconf 89' lang='lat' dir='ltr'><strong>quam</strong></span> <span class='ocrx_word' id='word_1_191' title='bbox 1249 1661 1278 1715; x_wconf 91' lang='lat' dir='ltr'><strong>in</strong></span> <span class='ocrx_word' id='word_1_192' title='bbox 1298 1662 1356 1716; x_wconf 89' lang='lat' dir='ltr'><strong>alia</strong></span> <span class='ocrx_word' id='word_1_193' title='bbox 1370 1662 1521 1716; x_wconf 88' lang='lat' dir='ltr'><strong>collocatus</strong></span> 
     </span>
     <span class='ocr_line' id='line_1_19' title="bbox 161 1739 1520 1813; baseline 0.001 -20"><span class='ocrx_word' id='word_1_194' title='bbox 161 1741 343 1803; x_wconf 75' lang='lat' dir='ltr'><strong>simundus:</strong></span> <span class='ocrx_word' id='word_1_195' title='bbox 365 1742 431 1796; x_wconf 88' lang='lat' dir='ltr'><strong>item</strong></span> <span class='ocrx_word' id='word_1_196' title='bbox 451 1757 513 1795; x_wconf 85' lang='lat' dir='ltr'><strong>cum</strong></span> <span class='ocrx_word' id='word_1_197' title='bbox 532 1749 640 1811; x_wconf 90' lang='lat' dir='ltr'><strong>tempus</strong></span> <span class='ocrx_word' id='word_1_198' title='bbox 656 1751 798 1797; x_wconf 87' lang='lat' dir='ltr'><strong>aeternum</strong></span> <span class='ocrx_word' id='word_1_199' title='bbox 814 1740 982 1810; x_wconf 88' lang='lat' dir='ltr'><strong>(oppositum</strong></span> <span class='ocrx_word' id='word_1_200' title='bbox 1002 1743 1028 1795; x_wconf 95' lang='lat' dir='ltr'><strong>in</strong></span> <span class='ocrx_word' id='word_1_201' title='bbox 1044 1739 1165 1810; x_wconf 87' lang='lat' dir='ltr'><strong>adjecto)</strong></span> <span class='ocrx_word' id='word_1_202' title='bbox 1180 1742 1295 1813; x_wconf 89' lang='lat' dir='ltr'><strong>lingitur</strong></span> <span class='ocrx_word' id='word_1_203' title='bbox 1309 1742 1520 1812; x_wconf 89' lang='lat' dir='ltr'><strong>quaeriturque:</strong></span> 
     </span>
     <span class='ocr_line' id='line_1_20' title="bbox 161 1821 1522 1883; baseline 0.001 -9"><span class='ocrx_word' id='word_1_204' title='bbox 161 1837 206 1874; x_wconf 90' lang='lat' dir='ltr'><strong>cur</strong></span> <span class='ocrx_word' id='word_1_205' title='bbox 227 1823 337 1876; x_wconf 88' lang='lat' dir='ltr'><strong>demum</strong></span> <span class='ocrx_word' id='word_1_206' title='bbox 358 1829 424 1875; x_wconf 83' lang='lat' dir='ltr'><strong>ante</strong></span> <span class='ocrx_word' id='word_1_207' title='bbox 448 1839 500 1875; x_wconf 88' lang='lat' dir='ltr'><strong>aex</strong></span> <span class='ocrx_word' id='word_1_208' title='bbox 520 1822 608 1876; x_wconf 90' lang='lat' dir='ltr'><strong>millia</strong></span> <span class='ocrx_word' id='word_1_209' title='bbox 629 1838 762 1876; x_wconf 90' lang='lat' dir='ltr'><strong>annorum</strong></span> <span class='ocrx_word' id='word_1_210' title='bbox 785 1821 909 1875; x_wconf 88' lang='lat' dir='ltr'><strong>conditus</strong></span> <span class='ocrx_word' id='word_1_211' title='bbox 932 1823 969 1875; x_wconf 90' lang='lat' dir='ltr'><strong>sit</strong></span> <span class='ocrx_word' id='word_1_212' title='bbox 990 1824 1118 1883; x_wconf 90' lang='lat' dir='ltr'><strong>muudus,</strong></span> <span class='ocrx_word' id='word_1_213' title='bbox 1139 1822 1201 1875; x_wconf 89' lang='lat' dir='ltr'><strong>Deo</strong></span> <span class='ocrx_word' id='word_1_214' title='bbox 1216 1823 1252 1876; x_wconf 92' lang='lat' dir='ltr'><strong>ab</strong></span> <span class='ocrx_word' id='word_1_215' title='bbox 1268 1822 1340 1875; x_wconf 91' lang='lat' dir='ltr'><strong>omni</strong></span> <span class='ocrx_word' id='word_1_216' title='bbox 1354 1823 1522 1875; x_wconf 79' lang='lat' dir='ltr'><strong>aeternitate</strong></span> 
     </span>
     <span class='ocr_line' id='line_1_21' title="bbox 160 1901 1523 1972; baseline 0.001 -18"><span class='ocrx_word' id='word_1_217' title='bbox 160 1901 319 1955; x_wconf 81' lang='lat' dir='ltr'><strong>abstinente</strong></span> <span class='ocrx_word' id='word_1_218' title='bbox 334 1917 353 1955; x_wconf 91' lang='lat' dir='ltr'><strong>a</strong></span> <span class='ocrx_word' id='word_1_219' title='bbox 366 1903 502 1955; x_wconf 81' lang='lat' dir='ltr'><strong>creando?</strong></span> <span class='ocrx_word' id='word_1_220' title='bbox 542 1902 615 1957; x_wconf 85' lang='lat' dir='ltr'><strong>Nam</strong></span> <span class='ocrx_word' id='word_1_221' title='bbox 629 1909 659 1956; x_wconf 91' lang='lat' dir='ltr'><strong>et</strong></span> <span class='ocrx_word' id='word_1_222' title='bbox 673 1903 794 1972; x_wconf 89' lang='lat' dir='ltr'><strong>spatium</strong></span> <span class='ocrx_word' id='word_1_223' title='bbox 814 1910 844 1956; x_wconf 90' lang='lat' dir='ltr'><strong>et</strong></span> <span class='ocrx_word' id='word_1_224' title='bbox 858 1909 975 1972; x_wconf 87' lang='lat' dir='ltr'><strong>tempus,</strong></span> <span class='ocrx_word' id='word_1_225' title='bbox 1001 1904 1027 1955; x_wconf 92' lang='lat' dir='ltr'><strong>in</strong></span> <span class='ocrx_word' id='word_1_226' title='bbox 1041 1918 1145 1972; x_wconf 89' lang='lat' dir='ltr'><strong>genere</strong></span> <span class='ocrx_word' id='word_1_227' title='bbox 1167 1902 1362 1972; x_wconf 86' lang='lat' dir='ltr'><strong>quantitatum,</strong></span> <span class='ocrx_word' id='word_1_228' title='bbox 1387 1902 1523 1956; x_wconf 89' lang='lat' dir='ltr'><strong>rationem</strong></span> 
     </span>
     <span class='ocr_line' id='line_1_22' title="bbox 160 1981 1523 2053; baseline 0 -18"><span class='ocrx_word' id='word_1_229' title='bbox 160 1982 264 2035; x_wconf 87' lang='lat' dir='ltr'><strong>babeat</strong></span> <span class='ocrx_word' id='word_1_230' title='bbox 282 1981 426 2045; x_wconf 87' lang='lat' dir='ltr'><strong>materiae,</strong></span> <span class='ocrx_word' id='word_1_231' title='bbox 448 1984 578 2051; x_wconf 87' lang='lat' dir='ltr'><strong>respectu</strong></span> <span class='ocrx_word' id='word_1_232' title='bbox 600 1984 709 2053; x_wconf 83' lang='lat' dir='ltr'><strong>quidem</strong></span> <span class='ocrx_word' id='word_1_233' title='bbox 723 1983 907 2053; x_wconf 82' lang='lat' dir='ltr'><strong>figuratarum</strong></span> <span class='ocrx_word' id='word_1_234' title='bbox 926 1983 1122 2052; x_wconf 85' lang='lat' dir='ltr'><strong>quantitatum.</strong></span> <span class='ocrx_word' id='word_1_235' title='bbox 1164 1981 1285 2036; x_wconf 84' lang='lat' dir='ltr'><strong>Materia</strong></span> <span class='ocrx_word' id='word_1_236' title='bbox 1298 1998 1364 2035; x_wconf 84' lang='lat' dir='ltr'><strong>vero</strong></span> <span class='ocrx_word' id='word_1_237' title='bbox 1385 1983 1419 2035; x_wconf 90' lang='lat' dir='ltr'><strong>de</strong></span> <span class='ocrx_word' id='word_1_238' title='bbox 1433 2000 1463 2035; x_wconf 85' lang='lat' dir='ltr'><strong>ss</strong></span> <span class='ocrx_word' id='word_1_239' title='bbox 1477 1997 1523 2036; x_wconf 91' lang='lat' dir='ltr'><strong>ra·</strong></span> 
     </span>
     <span class='ocr_line' id='line_1_23' title="bbox 163 2060 1524 2132; baseline 0.001 -18"><span class='ocrx_word' id='word_1_240' title='bbox 163 2061 247 2115; x_wconf 82' lang='grc' dir='ltr'>ιίιιιι</span> <span class='ocrx_word' id='word_1_241' title='bbox 261 2060 356 2116; x_wconf 85' lang='grc' dir='ltr'>ιιιιιι</span> <span class='ocrx_word' id='word_1_242' title='bbox 371 2063 540 2131; x_wconf 88' lang='lat' dir='ltr'><strong>suppeditat,</strong></span> <span class='ocrx_word' id='word_1_243' title='bbox 570 2064 632 2132; x_wconf 88' lang='lat' dir='ltr'><strong>ipsa</strong></span> <span class='ocrx_word' id='word_1_244' title='bbox 655 2063 682 2116; x_wconf 90' lang='lat' dir='ltr'><strong>iu</strong></span> <span class='ocrx_word' id='word_1_245' title='bbox 695 2080 726 2117; x_wconf 90' lang='lat' dir='ltr'><strong>se</strong></span> <span class='ocrx_word' id='word_1_246' title='bbox 750 2079 834 2117; x_wconf 88' lang='lat' dir='ltr'><strong>unam</strong></span> <span class='ocrx_word' id='word_1_247' title='bbox 856 2071 886 2116; x_wconf 90' lang='lat' dir='ltr'><strong>et</strong></span> <span class='ocrx_word' id='word_1_248' title='bbox 905 2063 994 2117; x_wconf 90' lang='lat' dir='ltr'><strong>solam</strong></span> <span class='ocrx_word' id='word_1_249' title='bbox 1017 2063 1217 2132; x_wconf 84' lang='lat' dir='ltr'><strong>proprietatem</strong></span> <span class='ocrx_word' id='word_1_250' title='bbox 1240 2063 1335 2125; x_wconf 89' lang='lat' dir='ltr'><strong>habet,</strong></span> <span class='ocrx_word' id='word_1_251' title='bbox 1360 2062 1524 2116; x_wconf 85' lang='lat' dir='ltr'><strong>infinitatem</strong></span> 
     </span>
     <span class='ocr_line' id='line_1_24' title="bbox 164 2141 1523 2212; baseline -0.001 -16"><span class='ocrx_word' id='word_1_252' title='bbox 164 2142 288 2210; x_wconf 85' lang='lat' dir='ltr'><strong>partium,</strong></span> <span class='ocrx_word' id='word_1_253' title='bbox 308 2142 449 2196; x_wconf 84' lang='lat' dir='ltr'><strong>actualem</strong></span> <span class='ocrx_word' id='word_1_254' title='bbox 463 2144 579 2212; x_wconf 88' lang='lat' dir='ltr'><strong>quidem,</strong></span> <span class='ocrx_word' id='word_1_255' title='bbox 602 2144 648 2196; x_wconf 91' lang='grc' dir='ltr'><strong>ιιι</strong></span> <span class='ocrx_word' id='word_1_256' title='bbox 662 2143 767 2197; x_wconf 86' lang='lat' dir='ltr'><strong>numeri</strong></span> <span class='ocrx_word' id='word_1_257' title='bbox 781 2143 825 2195; x_wconf 90' lang='grc' dir='ltr'><strong>ιιι</strong></span> <span class='ocrx_word' id='word_1_258' title='bbox 841 2142 1015 2212; x_wconf 86' lang='lat' dir='ltr'><strong>quantitatis,</strong></span> <span class='ocrx_word' id='word_1_259' title='bbox 1038 2141 1061 2196; x_wconf 91' lang='lat' dir='ltr'><strong>si</strong></span> <span class='ocrx_word' id='word_1_260' title='bbox 1083 2142 1172 2211; x_wconf 90' lang='lat' dir='ltr'><strong>ipsum</strong></span> <span class='ocrx_word' id='word_1_261' title='bbox 1193 2150 1281 2196; x_wconf 87' lang='lat' dir='ltr'><strong>toturn</strong></span> <span class='ocrx_word' id='word_1_262' title='bbox 1296 2149 1361 2195; x_wconf 92' lang='lat' dir='ltr'><strong>actu</strong></span> <span class='ocrx_word' id='word_1_263' title='bbox 1375 2141 1523 2196; x_wconf 88' lang='lat' dir='ltr'><strong>inlinitum:</strong></span> 
     </span>
     <span class='ocr_line' id='line_1_25' title="bbox 165 2221 1523 2293; baseline 0 -19"><span class='ocrx_word' id='word_1_264' title='bbox 165 2223 340 2288; x_wconf 85' lang='lat' dir='ltr'><strong>potentialem</strong></span> <span class='ocrx_word' id='word_1_265' title='bbox 355 2239 421 2276; x_wconf 78' lang='lat' dir='ltr'><strong>vero</strong></span> <span class='ocrx_word' id='word_1_266' title='bbox 434 2225 548 2287; x_wconf 88' lang='lat' dir='ltr'><strong>numeri,</strong></span> <span class='ocrx_word' id='word_1_267' title='bbox 574 2224 597 2276; x_wconf 89' lang='lat' dir='ltr'><strong>si</strong></span> <span class='ocrx_word' id='word_1_268' title='bbox 612 2231 700 2278; x_wconf 89' lang='lat' dir='ltr'><strong>totum</strong></span> <span class='ocrx_word' id='word_1_269' title='bbox 714 2230 778 2277; x_wconf 87' lang='lat' dir='ltr'><strong>actu</strong></span> <span class='ocrx_word' id='word_1_270' title='bbox 793 2223 907 2285; x_wconf 88' lang='lat' dir='ltr'><strong>finitum,</strong></span> <span class='ocrx_word' id='word_1_271' title='bbox 931 2224 1001 2293; x_wconf 92' lang='lat' dir='ltr'><strong>quod</strong></span> <span class='ocrx_word' id='word_1_272' title='bbox 1019 2223 1106 2277; x_wconf 90' lang='lat' dir='ltr'><strong>solum</strong></span> <span class='ocrx_word' id='word_1_273' title='bbox 1121 2229 1165 2275; x_wconf 89' lang='grc' dir='ltr'><strong>ιιι</strong></span> <span class='ocrx_word' id='word_1_274' title='bbox 1179 2221 1318 2290; x_wconf 90' lang='lat' dir='ltr'><strong>possibile,</strong></span> <span class='ocrx_word' id='word_1_275' title='bbox 1344 2221 1523 2292; x_wconf 88' lang='lat' dir='ltr'><strong>cumquanti·</strong></span> 
     </span>
     <span class='ocr_line' id='line_1_26' title="bbox 168 2301 1518 2373; baseline -0.001 -19"><span class='ocrx_word' id='word_1_276' title='bbox 168 2309 205 2353; x_wconf 80' lang='lat' dir='ltr'><strong>tas</strong></span> <span class='ocrx_word' id='word_1_277' title='bbox 221 2310 266 2356; x_wconf 90' lang='grc' dir='ltr'><strong>ιιι</strong></span> <span class='ocrx_word' id='word_1_278' title='bbox 287 2304 315 2356; x_wconf 91' lang='lat' dir='ltr'><strong>in</strong></span> <span class='ocrx_word' id='word_1_279' title='bbox 330 2303 448 2358; x_wconf 87' lang='lat' dir='ltr'><strong>materia</strong></span> <span class='ocrx_word' id='word_1_280' title='bbox 461 2305 598 2373; x_wconf 90' lang='lat' dir='ltr'><strong>corporali</strong></span> <span class='ocrx_word' id='word_1_281' title='bbox 617 2304 735 2373; x_wconf 88' lang='lat' dir='ltr'><strong>physica</strong></span> <span class='ocrx_word' id='word_1_282' title='bbox 759 2304 802 2356; x_wconf 82' lang='lat' dir='ltr'><strong>rel</strong></span> <span class='ocrx_word' id='word_1_283' title='bbox 818 2303 941 2356; x_wconf 87' lang='lat' dir='ltr'><strong>coelesti.</strong></span> <span class='ocrx_word' id='word_1_284' title='bbox 983 2303 1053 2356; x_wconf 88' lang='lat' dir='ltr'><strong>Vide</strong></span> <span class='ocrx_word' id='word_1_285' title='bbox 1070 2303 1190 2371; x_wconf 86' lang='lat' dir='ltr'><strong>Epitom.</strong></span> <span class='ocrx_word' id='word_1_286' title='bbox 1205 2305 1281 2355; x_wconf 82' lang='lat' dir='ltr'><strong>Astr.</strong></span> <span class='ocrx_word' id='word_1_287' title='bbox 1302 2302 1349 2355; x_wconf 88' lang='lat' dir='ltr'><strong>lib.</strong></span> <span class='ocrx_word' id='word_1_288' title='bbox 1365 2302 1395 2364; x_wconf 94' lang='lat'><strong>1.,</strong></span> <span class='ocrx_word' id='word_1_289' title='bbox 1417 2301 1464 2354; x_wconf 92' lang='lat' dir='ltr'><strong>ubi</strong></span> <span class='ocrx_word' id='word_1_290' title='bbox 1485 2302 1518 2354; x_wconf 88' lang='lat' dir='ltr'><strong>de</strong></span> 
     </span>
     <span class='ocr_line' id='line_1_27' title="bbox 169 2380 465 2454; baseline 0.02 -23"><span class='ocrx_word' id='word_1_291' title='bbox 169 2380 250 2450; x_wconf 77' lang='lat' dir='ltr'><strong>figura</strong></span> <span class='ocrx_word' id='word_1_292' title='bbox 269 2384 339 2437; x_wconf 86' lang='lat' dir='ltr'><strong>coeli</strong></span> <span class='ocrx_word' id='word_1_293' title='bbox 361 2384 465 2454; x_wconf 91' lang='lat' dir='ltr'><strong>agitur.</strong></span> 
     </span>
    </p>

    <p class='ocr_par' dir='ltr' id='par_1_5' title="bbox 177 2475 1523 2633">
     <span class='ocr_line' id='line_1_28' title="bbox 238 2475 1523 2550; baseline -0.002 -17"><span class='ocrx_word' id='word_1_294' title='bbox 238 2475 269 2548; x_wconf 83' lang='lat' dir='ltr'><strong>d)</strong></span> <span class='ocrx_word' id='word_1_295' title='bbox 290 2481 375 2535; x_wconf 85' lang='lat' dir='ltr'><strong>Ratio</strong></span> <span class='ocrx_word' id='word_1_296' title='bbox 389 2482 535 2536; x_wconf 82' lang='lat' dir='ltr'><strong>Aristoteli</strong></span> <span class='ocrx_word' id='word_1_297' title='bbox 549 2481 692 2535; x_wconf 88' lang='lat' dir='ltr'><strong>familiaris</strong></span> <span class='ocrx_word' id='word_1_298' title='bbox 708 2481 752 2534; x_wconf 89' lang='lat' dir='ltr'><strong>bic</strong></span> <span class='ocrx_word' id='word_1_299' title='bbox 766 2481 975 2550; x_wconf 88' lang='lat' dir='ltr'><strong>impertinenter</strong></span> <span class='ocrx_word' id='word_1_300' title='bbox 989 2480 1150 2542; x_wconf 79' lang='lat' dir='ltr'><strong>adhibetur:</strong></span> <span class='ocrx_word' id='word_1_301' title='bbox 1168 2481 1220 2534; x_wconf 87' lang='lat' dir='ltr'><strong>imo</strong></span> <span class='ocrx_word' id='word_1_302' title='bbox 1234 2497 1269 2533; x_wconf 91' lang='lat' dir='ltr'><strong>ue</strong></span> <span class='ocrx_word' id='word_1_303' title='bbox 1287 2478 1451 2549; x_wconf 91' lang='lat' dir='ltr'><strong>principium</strong></span> <span class='ocrx_word' id='word_1_304' title='bbox 1465 2478 1523 2549; x_wconf 88' lang='lat' dir='ltr'><strong>qui·</strong></span> 
     </span>
     <span class='ocr_line' id='line_1_29' title="bbox 177 2560 1430 2633; baseline 0.001 -23"><span class='ocrx_word' id='word_1_305' title='bbox 177 2560 316 2615; x_wconf 78' lang='lat' dir='ltr'><strong>tendatur</strong></span> <span class='ocrx_word' id='word_1_306' title='bbox 331 2561 451 2630; x_wconf 89' lang='lat' dir='ltr'><strong>alicujus</strong></span> <span class='ocrx_word' id='word_1_307' title='bbox 465 2577 610 2633; x_wconf 83' lang='lat' dir='ltr'><strong>regressus</strong></span> <span class='ocrx_word' id='word_1_308' title='bbox 626 2562 652 2614; x_wconf 92' lang='lat' dir='ltr'><strong>in</strong></span> <span class='ocrx_word' id='word_1_309' title='bbox 668 2561 843 2632; x_wconf 80' lang='lat' dir='ltr'><strong>assignandis</strong></span> <span class='ocrx_word' id='word_1_310' title='bbox 857 2563 1022 2625; x_wconf 90' lang='lat' dir='ltr'><strong>rationibus,</strong></span> <span class='ocrx_word' id='word_1_311' title='bbox 1039 2562 1086 2614; x_wconf 91' lang='lat' dir='ltr'><strong>ubi</strong></span> <span class='ocrx_word' id='word_1_312' title='bbox 1099 2562 1171 2615; x_wconf 92' lang='lat' dir='ltr'><strong>ratio</strong></span> <span class='ocrx_word' id='word_1_313' title='bbox 1185 2561 1271 2631; x_wconf 90' lang='lat' dir='ltr'><strong>plane</strong></span> <span class='ocrx_word' id='word_1_314' title='bbox 1286 2560 1364 2613; x_wconf 92' lang='lat' dir='ltr'><strong>nulla</strong></span> <span class='ocrx_word' id='word_1_315' title='bbox 1378 2567 1430 2612; x_wconf 85' lang='lat' dir='ltr'><strong>est</strong></span> 
     </span>
    </p>
   </div>
   <div class='ocr_carea' id='block_1_3' title="bbox 241 2655 1610 2729">
    <p class='ocr_par' dir='ltr' id='par_1_6' title="bbox 241 2655 1610 2729">
     <span class='ocr_line' id='line_1_30' title="bbox 241 2655 1610 2729; baseline 0.001 -18"><span class='ocrx_word' id='word_1_316' title='bbox 241 2655 266 2724; x_wconf 84' lang='grc' dir='ltr'><strong>ι)</strong></span> <span class='ocrx_word' id='word_1_317' title='bbox 287 2659 325 2723; x_wconf 93' lang='lat' dir='ltr'><strong>Si,</strong></span> <span class='ocrx_word' id='word_1_318' title='bbox 351 2658 469 2729; x_wconf 88' lang='lat' dir='ltr'><strong>inquam,</strong></span> <span class='ocrx_word' id='word_1_319' title='bbox 494 2677 548 2712; x_wconf 92' lang='lat' dir='ltr'><strong>nou</strong></span> <span class='ocrx_word' id='word_1_320' title='bbox 572 2668 616 2712; x_wconf 86' lang='grc' dir='ltr'><strong>ιιι</strong></span> <span class='ocrx_word' id='word_1_321' title='bbox 640 2659 746 2713; x_wconf 92' lang='lat' dir='ltr'><strong>initium</strong></span> <span class='ocrx_word' id='word_1_322' title='bbox 770 2659 860 2728; x_wconf 90' lang='lat' dir='ltr'><strong>operis</strong></span> <span class='ocrx_word' id='word_1_323' title='bbox 885 2659 1039 2713; x_wconf 89' lang='lat' dir='ltr'><strong>faciendum</strong></span> <span class='ocrx_word' id='word_1_324' title='bbox 1061 2659 1120 2712; x_wconf 91' lang='lat' dir='ltr'><strong>sine</strong></span> <span class='ocrx_word' id='word_1_325' title='bbox 1143 2659 1259 2721; x_wconf 89' lang='lat' dir='ltr'><strong>ratione,</strong></span> <span class='ocrx_word' id='word_1_326' title='bbox 1284 2658 1390 2711; x_wconf 91' lang='lat' dir='ltr'><strong>nullum</strong></span> <span class='ocrx_word' id='word_1_327' title='bbox 1405 2673 1525 2728; x_wconf 88' lang='lat' dir='ltr'><strong>unquam</strong></span> <span class='ocrx_word' id='word_1_328' title='bbox 1606 2686 1610 2693; x_wconf 93' lang='lat'>·</span> 
     </span>
    </p>
   </div>
   <div class='ocr_carea' id='block_1_4' title="bbox 184 2736 1570 4815">
    <p class='ocr_par' dir='ltr' id='par_1_7' title="bbox 184 2736 1525 3033">
     <span class='ocr_line' id='line_1_31' title="bbox 184 2736 1524 2802; baseline 0.002 -14"><span class='ocrx_word' id='word_1_329' title='bbox 184 2736 268 2793; x_wconf 89' lang='lat' dir='ltr'><strong>initium</strong></span> <span class='ocrx_word' id='word_1_330' title='bbox 289 2740 344 2793; x_wconf 89' lang='lat' dir='ltr'><strong>erit</strong></span> <span class='ocrx_word' id='word_1_331' title='bbox 367 2739 536 2799; x_wconf 88' lang='lat' dir='ltr'><strong>faciendum:</strong></span> <span class='ocrx_word' id='word_1_332' title='bbox 558 2738 680 2793; x_wconf 90' lang='lat' dir='ltr'><strong>rationes</strong></span> <span class='ocrx_word' id='word_1_333' title='bbox 704 2739 775 2792; x_wconf 93' lang='lat' dir='ltr'><strong>enim</strong></span> <span class='ocrx_word' id='word_1_334' title='bbox 800 2741 834 2792; x_wconf 88' lang='lat' dir='ltr'><strong>ad</strong></span> <span class='ocrx_word' id='word_1_335' title='bbox 858 2740 911 2792; x_wconf 90' lang='lat' dir='ltr'><strong>hoc</strong></span> <span class='ocrx_word' id='word_1_336' title='bbox 934 2740 979 2792; x_wconf 88' lang='grc' dir='ltr'><strong>ιιι</strong></span> <span class='ocrx_word' id='word_1_337' title='bbox 994 2739 1061 2792; x_wconf 93' lang='lat' dir='ltr'><strong>illud</strong></span> <span class='ocrx_word' id='word_1_338' title='bbox 1086 2739 1200 2802; x_wconf 90' lang='lat' dir='ltr'><strong>initium,</strong></span> <span class='ocrx_word' id='word_1_339' title='bbox 1224 2739 1271 2792; x_wconf 93' lang='lat' dir='ltr'><strong>ubi</strong></span> <span class='ocrx_word' id='word_1_340' title='bbox 1295 2740 1395 2791; x_wconf 90' lang='lat' dir='ltr'><strong>dantur</strong></span> <span class='ocrx_word' id='word_1_341' title='bbox 1409 2736 1524 2800; x_wconf 86' lang='lat' dir='ltr'><strong>infinita,</strong></span> 
     </span>
     <span class='ocr_line' id='line_1_32' title="bbox 184 2815 1525 2889; baseline 0.001 -20"><span class='ocrx_word' id='word_1_342' title='bbox 184 2815 247 2883; x_wconf 84' lang='lat' dir='ltr'><strong>plane</strong></span> <span class='ocrx_word' id='word_1_343' title='bbox 264 2819 358 2873; x_wconf 90' lang='lat' dir='ltr'><strong>nullae</strong></span> <span class='ocrx_word' id='word_1_344' title='bbox 379 2827 452 2873; x_wconf 93' lang='lat' dir='ltr'><strong>sunt.</strong></span> <span class='ocrx_word' id='word_1_345' title='bbox 495 2819 572 2881; x_wconf 84' lang='lat' dir='ltr'><strong>Quod</strong></span> <span class='ocrx_word' id='word_1_346' title='bbox 598 2820 683 2889; x_wconf 90' lang='lat' dir='ltr'><strong>igitur</strong></span> <span class='ocrx_word' id='word_1_347' title='bbox 708 2820 734 2872; x_wconf 91' lang='lat' dir='ltr'><strong>iu</strong></span> <span class='ocrx_word' id='word_1_348' title='bbox 757 2819 867 2873; x_wconf 89' lang='lat' dir='ltr'><strong>infinitis</strong></span> <span class='ocrx_word' id='word_1_349' title='bbox 888 2820 997 2888; x_wconf 93' lang='lat' dir='ltr'><strong>punctis</strong></span> <span class='ocrx_word' id='word_1_350' title='bbox 1011 2820 1070 2872; x_wconf 83' lang='lat' dir='ltr'><strong>lieri</strong></span> <span class='ocrx_word' id='word_1_351' title='bbox 1091 2836 1178 2889; x_wconf 89' lang='lat' dir='ltr'><strong>aeque</strong></span> <span class='ocrx_word' id='word_1_352' title='bbox 1193 2826 1296 2887; x_wconf 87' lang='lat' dir='ltr'><strong>posset,</strong></span> <span class='ocrx_word' id='word_1_353' title='bbox 1323 2819 1347 2870; x_wconf 94' lang='lat' dir='ltr'><strong>id</strong></span> <span class='ocrx_word' id='word_1_354' title='bbox 1368 2834 1429 2871; x_wconf 91' lang='lat' dir='ltr'><strong>cum</strong></span> <span class='ocrx_word' id='word_1_355' title='bbox 1452 2818 1484 2871; x_wconf 87' lang='lat' dir='ltr'><strong>tlt</strong></span> <span class='ocrx_word' id='word_1_356' title='bbox 1497 2818 1525 2870; x_wconf 93' lang='lat' dir='ltr'><strong>in</strong></span> 
     </span>
     <span class='ocr_line' id='line_1_33' title="bbox 185 2897 1522 2970; baseline -0.002 -17"><span class='ocrx_word' id='word_1_357' title='bbox 185 2912 256 2952; x_wconf 65' lang='lat' dir='ltr'><strong>comm</strong></span> <span class='ocrx_word' id='word_1_358' title='bbox 267 2917 321 2953; x_wconf 92' lang='lat' dir='ltr'><strong>uno</strong></span> <span class='ocrx_word' id='word_1_359' title='bbox 346 2900 448 2970; x_wconf 92' lang='lat' dir='ltr'><strong>aliquo,</strong></span> <span class='ocrx_word' id='word_1_360' title='bbox 472 2907 586 2970; x_wconf 88' lang='lat' dir='ltr'><strong>praeter</strong></span> <span class='ocrx_word' id='word_1_361' title='bbox 609 2916 714 2953; x_wconf 87' lang='lat' dir='ltr'><strong>omnem</strong></span> <span class='ocrx_word' id='word_1_362' title='bbox 735 2899 870 2953; x_wconf 88' lang='lat' dir='ltr'><strong>rationem</strong></span> <span class='ocrx_word' id='word_1_363' title='bbox 895 2908 951 2963; x_wconf 86' lang='grc' dir='ltr'>ιιι,</span> <span class='ocrx_word' id='word_1_364' title='bbox 977 2901 1047 2969; x_wconf 89' lang='lat' dir='ltr'><strong>quod</strong></span> <span class='ocrx_word' id='word_1_365' title='bbox 1072 2899 1098 2952; x_wconf 93' lang='lat' dir='ltr'><strong>iu</strong></span> <span class='ocrx_word' id='word_1_366' title='bbox 1119 2917 1151 2952; x_wconf 90' lang='lat' dir='ltr'><strong>eo</strong></span> <span class='ocrx_word' id='word_1_367' title='bbox 1172 2899 1343 2968; x_wconf 89' lang='lat' dir='ltr'><strong>potissimum</strong></span> <span class='ocrx_word' id='word_1_368' title='bbox 1366 2897 1420 2950; x_wconf 85' lang='lat' dir='ltr'><strong>fuit</strong></span> <span class='ocrx_word' id='word_1_369' title='bbox 1440 2913 1522 2967; x_wconf 90' lang='lat' dir='ltr'><strong>prae-</strong></span> 
     </span>
     <span class='ocr_line' id='line_1_34' title="bbox 189 2977 1277 3033; baseline 0.004 -7"><span class='ocrx_word' id='word_1_370' title='bbox 189 2977 256 3031; x_wconf 85' lang='lat' dir='ltr'><strong>ten&#39;tis</strong></span> <span class='ocrx_word' id='word_1_371' title='bbox 275 2980 346 3033; x_wconf 89' lang='lat' dir='ltr'><strong>aliis.</strong></span> <span class='ocrx_word' id='word_1_372' title='bbox 919 3001 929 3012; x_wconf 95' lang='lat'>·</span> <span class='ocrx_word' id='word_1_373' title='bbox 1276 2983 1277 2986; x_wconf 76' lang='grc'>’</span> 
     </span>
    </p>

    <p class='ocr_par' dir='ltr' id='par_1_8' title="bbox 189 3052 1566 3931">
     <span class='ocr_line' id='line_1_35' title="bbox 246 3052 1527 3131; baseline -0.002 -18"><span class='ocrx_word' id='word_1_374' title='bbox 246 3052 267 3126; x_wconf 74' lang='lat'>0</span> <span class='ocrx_word' id='word_1_375' title='bbox 287 3060 373 3130; x_wconf 82' lang='lat' dir='ltr'><strong>Atqui</strong></span> <span class='ocrx_word' id='word_1_376' title='bbox 395 3060 550 3131; x_wconf 80' lang='lat' dir='ltr'><strong>geometria</strong></span> <span class='ocrx_word' id='word_1_377' title='bbox 569 3061 649 3112; x_wconf 89' lang='lat' dir='ltr'><strong>docet</strong></span> <span class='ocrx_word' id='word_1_378' title='bbox 670 3059 834 3113; x_wconf 83' lang='lat' dir='ltr'><strong>locationem</strong></span> <span class='ocrx_word' id='word_1_379' title='bbox 858 3059 1008 3130; x_wconf 80' lang='lat' dir='ltr'><strong>pyramidis</strong></span> <span class='ocrx_word' id='word_1_380' title='bbox 1031 3059 1057 3111; x_wconf 93' lang='lat' dir='ltr'><strong>in</strong></span> <span class='ocrx_word' id='word_1_381' title='bbox 1078 3059 1148 3111; x_wconf 91' lang='lat' dir='ltr'><strong>cubo</strong></span> <span class='ocrx_word' id='word_1_382' title='bbox 1172 3058 1254 3127; x_wconf 90' lang='lat' dir='ltr'><strong>longe</strong></span> <span class='ocrx_word' id='word_1_383' title='bbox 1274 3055 1474 3110; x_wconf 87' lang='lat' dir='ltr'><strong>concinniorem</strong></span> <span class='ocrx_word' id='word_1_384' title='bbox 1497 3064 1527 3111; x_wconf 91' lang='grc' dir='ltr'><strong>ιι</strong></span> 
     </span>
     <span class='ocr_line' id='line_1_36' title="bbox 189 3136 1525 3210; baseline 0 -21"><span class='ocrx_word' id='word_1_385' title='bbox 189 3136 367 3200; x_wconf 77' lang='lat' dir='ltr'><strong>perfectiorem:</strong></span> <span class='ocrx_word' id='word_1_386' title='bbox 384 3139 590 3204; x_wconf 88' lang='lat' dir='ltr'><strong>concinniorem,</strong></span> <span class='ocrx_word' id='word_1_387' title='bbox 615 3140 680 3210; x_wconf 90' lang='lat' dir='ltr'><strong>quia</strong></span> <span class='ocrx_word' id='word_1_388' title='bbox 695 3156 764 3209; x_wconf 86' lang='lat' dir='ltr'><strong>quae</strong></span> <span class='ocrx_word' id='word_1_389' title='bbox 778 3139 851 3193; x_wconf 87' lang='lat' dir='ltr'><strong>ratio</strong></span> <span class='ocrx_word' id='word_1_390' title='bbox 866 3146 911 3192; x_wconf 86' lang='lat' dir='ltr'><strong>est</strong></span> <span class='ocrx_word' id='word_1_391' title='bbox 925 3138 1109 3209; x_wconf 88' lang='lat' dir='ltr'><strong>inscriptionis</strong></span> <span class='ocrx_word' id='word_1_392' title='bbox 1124 3136 1311 3208; x_wconf 81' lang='lat' dir='ltr'><strong>geometricae</strong></span> <span class='ocrx_word' id='word_1_393' title='bbox 1331 3137 1404 3190; x_wconf 89' lang='lat' dir='ltr'><strong>illius</strong></span> <span class='ocrx_word' id='word_1_394' title='bbox 1420 3136 1448 3189; x_wconf 90' lang='lat' dir='ltr'><strong>in</strong></span> <span class='ocrx_word' id='word_1_395' title='bbox 1463 3137 1525 3196; x_wconf 81' lang='lat' dir='ltr'><strong>isto,</strong></span> 
     </span>
     <span class='ocr_line' id='line_1_37' title="bbox 190 3216 1528 3290; baseline -0.001 -18"><span class='ocrx_word' id='word_1_396' title='bbox 190 3216 261 3272; x_wconf 60' lang='lat' dir='ltr'><strong>etiem</strong></span> <span class='ocrx_word' id='word_1_397' title='bbox 277 3221 360 3274; x_wconf 91' lang='lat' dir='ltr'><strong>etiarn</strong></span> <span class='ocrx_word' id='word_1_398' title='bbox 383 3221 410 3272; x_wconf 92' lang='lat' dir='ltr'><strong>iu</strong></span> <span class='ocrx_word' id='word_1_399' title='bbox 431 3221 530 3273; x_wconf 90' lang='lat' dir='ltr'><strong>mundo</strong></span> <span class='ocrx_word' id='word_1_400' title='bbox 555 3220 688 3274; x_wconf 89' lang='lat' dir='ltr'><strong>concinna</strong></span> <span class='ocrx_word' id='word_1_401' title='bbox 701 3220 770 3273; x_wconf 91' lang='lat' dir='ltr'><strong>erit:</strong></span> <span class='ocrx_word' id='word_1_402' title='bbox 795 3227 826 3273; x_wconf 90' lang='lat' dir='ltr'><strong>at</strong></span> <span class='ocrx_word' id='word_1_403' title='bbox 839 3220 1008 3290; x_wconf 89' lang='lat' dir='ltr'><strong>geometrice</strong></span> <span class='ocrx_word' id='word_1_404' title='bbox 1031 3219 1153 3289; x_wconf 81' lang='lat' dir='ltr'><strong>pyramis</strong></span> <span class='ocrx_word' id='word_1_405' title='bbox 1168 3219 1238 3271; x_wconf 89' lang='lat' dir='ltr'><strong>cubo</strong></span> <span class='ocrx_word' id='word_1_406' title='bbox 1252 3217 1291 3270; x_wconf 90' lang='lat' dir='ltr'><strong>sic</strong></span> <span class='ocrx_word' id='word_1_407' title='bbox 1306 3216 1470 3280; x_wconf 84' lang='lat' dir='ltr'><strong>inscribitur,</strong></span> <span class='ocrx_word' id='word_1_408' title='bbox 1495 3223 1528 3270; x_wconf 87' lang='lat' dir='ltr'><strong>ut</strong></span> 
     </span>
     <span class='ocr_line' id='line_1_38' title="bbox 191 3297 1526 3371; baseline 0 -22"><span class='ocrx_word' id='word_1_409' title='bbox 191 3299 305 3359; x_wconf 75' lang='lat' dir='ltr'><strong>quodlibet</strong></span> <span class='ocrx_word' id='word_1_410' title='bbox 319 3301 394 3354; x_wconf 90' lang='lat' dir='ltr'><strong>latus</strong></span> <span class='ocrx_word' id='word_1_411' title='bbox 409 3300 560 3369; x_wconf 79' lang='lat' dir='ltr'><strong>pyramidis</strong></span> <span class='ocrx_word' id='word_1_412' title='bbox 576 3302 625 3354; x_wconf 89' lang='lat' dir='ltr'><strong>flat</strong></span> <span class='ocrx_word' id='word_1_413' title='bbox 639 3301 784 3371; x_wconf 87' lang='lat' dir='ltr'><strong>diagonios</strong></span> <span class='ocrx_word' id='word_1_414' title='bbox 799 3300 879 3352; x_wconf 89' lang='lat' dir='ltr'><strong>unius</strong></span> <span class='ocrx_word' id='word_1_415' title='bbox 900 3300 977 3368; x_wconf 89' lang='lat' dir='ltr'><strong>plani</strong></span> <span class='ocrx_word' id='word_1_416' title='bbox 999 3299 1100 3352; x_wconf 85' lang='lat' dir='ltr'><strong>cubici:</strong></span> <span class='ocrx_word' id='word_1_417' title='bbox 1122 3298 1314 3369; x_wconf 79' lang='lat' dir='ltr'><strong>perfectiorem</strong></span> <span class='ocrx_word' id='word_1_418' title='bbox 1328 3315 1402 3361; x_wconf 81' lang='lat' dir='ltr'><strong>vero,</strong></span> <span class='ocrx_word' id='word_1_419' title='bbox 1425 3297 1490 3367; x_wconf 91' lang='lat' dir='ltr'><strong>quia</strong></span> <span class='ocrx_word' id='word_1_420' title='bbox 1503 3297 1526 3349; x_wconf 92' lang='lat' dir='ltr'><strong>si</strong></span> 
     </span>
     <span class='ocr_line' id='line_1_39' title="bbox 192 3377 1526 3449; baseline 0.001 -21"><span class='ocrx_word' id='word_1_421' title='bbox 192 3378 281 3432; x_wconf 81' lang='lat' dir='ltr'><strong>manime</strong></span> <span class='ocrx_word' id='word_1_422' title='bbox 295 3380 371 3434; x_wconf 86' lang='lat' dir='ltr'><strong>basis</strong></span> <span class='ocrx_word' id='word_1_423' title='bbox 386 3396 443 3433; x_wconf 92' lang='lat' dir='ltr'><strong>una</strong></span> <span class='ocrx_word' id='word_1_424' title='bbox 456 3381 606 3449; x_wconf 86' lang='lat' dir='ltr'><strong>pyramidis</strong></span> <span class='ocrx_word' id='word_1_425' title='bbox 620 3382 670 3434; x_wconf 88' lang='lat' dir='ltr'><strong>liat</strong></span> <span class='ocrx_word' id='word_1_426' title='bbox 684 3381 825 3449; x_wconf 88' lang='lat' dir='ltr'><strong>parallela</strong></span> <span class='ocrx_word' id='word_1_427' title='bbox 838 3380 900 3432; x_wconf 87' lang='lat' dir='ltr'><strong>basi</strong></span> <span class='ocrx_word' id='word_1_428' title='bbox 915 3380 961 3433; x_wconf 89' lang='lat' dir='ltr'><strong>uni</strong></span> <span class='ocrx_word' id='word_1_429' title='bbox 977 3379 1047 3442; x_wconf 92' lang='lat' dir='ltr'><strong>cubi,</strong></span> <span class='ocrx_word' id='word_1_430' title='bbox 1063 3388 1158 3432; x_wconf 81' lang='lat' dir='ltr'><strong>tamen</strong></span> <span class='ocrx_word' id='word_1_431' title='bbox 1171 3379 1260 3432; x_wconf 90' lang='lat' dir='ltr'><strong>adhuc</strong></span> <span class='ocrx_word' id='word_1_432' title='bbox 1275 3377 1381 3432; x_wconf 88' lang='lat' dir='ltr'><strong>incerta</strong></span> <span class='ocrx_word' id='word_1_433' title='bbox 1394 3386 1439 3431; x_wconf 84' lang='lat' dir='ltr'><strong>est·</strong></span> <span class='ocrx_word' id='word_1_434' title='bbox 1452 3378 1526 3430; x_wconf 90' lang='lat' dir='ltr'><strong>loca·</strong></span> 
     </span>
     <span class='ocr_line' id='line_1_40' title="bbox 194 3451 1526 3530; baseline 0 -20"><span class='ocrx_word' id='word_1_435' title='bbox 194 3451 221 3504; x_wconf 70' lang='lat' dir='ltr'><strong>lio</strong></span> <span class='ocrx_word' id='word_1_436' title='bbox 238 3457 344 3515; x_wconf 84' lang='lat' dir='ltr'><strong>laterum</strong></span> <span class='ocrx_word' id='word_1_437' title='bbox 367 3461 442 3514; x_wconf 86' lang='lat' dir='ltr'><strong>basis</strong></span> <span class='ocrx_word' id='word_1_438' title='bbox 466 3460 627 3530; x_wconf 88' lang='lat' dir='ltr'><strong>triangulae</strong></span> <span class='ocrx_word' id='word_1_439' title='bbox 651 3461 740 3523; x_wconf 88' lang='lat' dir='ltr'><strong>trium,</strong></span> <span class='ocrx_word' id='word_1_440' title='bbox 766 3468 896 3530; x_wconf 89' lang='lat' dir='ltr'><strong>respectu</strong></span> <span class='ocrx_word' id='word_1_441' title='bbox 921 3460 1039 3513; x_wconf 90' lang='lat' dir='ltr'><strong>laterum</strong></span> <span class='ocrx_word' id='word_1_442' title='bbox 1066 3459 1141 3513; x_wconf 87' lang='lat' dir='ltr'><strong>basis</strong></span> <span class='ocrx_word' id='word_1_443' title='bbox 1166 3459 1375 3529; x_wconf 86' lang='lat' dir='ltr'><strong>quadrangulae</strong></span> <span class='ocrx_word' id='word_1_444' title='bbox 1399 3464 1526 3528; x_wconf 90' lang='lat' dir='ltr'><strong>quatuor.</strong></span> 
     </span>
     <span class='ocr_line' id='line_1_41' title="bbox 194 3529 1566 3610; baseline 0.001 -22"><span class='ocrx_word' id='word_1_445' title='bbox 194 3529 266 3592; x_wconf 81' lang='lat' dir='ltr'><strong>Potest</strong></span> <span class='ocrx_word' id='word_1_446' title='bbox 277 3541 346 3595; x_wconf 87' lang='lat' dir='ltr'><strong>enirn</strong></span> <span class='ocrx_word' id='word_1_447' title='bbox 362 3540 505 3610; x_wconf 87' lang='lat' dir='ltr'><strong>quodlibet</strong></span> <span class='ocrx_word' id='word_1_448' title='bbox 518 3540 627 3595; x_wconf 92' lang='lat' dir='ltr'><strong>illorum</strong></span> <span class='ocrx_word' id='word_1_449' title='bbox 649 3541 764 3595; x_wconf 88' lang='lat' dir='ltr'><strong>cuilibet</strong></span> <span class='ocrx_word' id='word_1_450' title='bbox 786 3541 881 3593; x_wconf 88' lang='lat' dir='ltr'><strong>horum</strong></span> <span class='ocrx_word' id='word_1_451' title='bbox 895 3540 1061 3608; x_wconf 89' lang='lat' dir='ltr'><strong>parallelum</strong></span> <span class='ocrx_word' id='word_1_452' title='bbox 1084 3539 1184 3600; x_wconf 80' lang='lat' dir='ltr'><strong>statui:</strong></span> <span class='ocrx_word' id='word_1_453' title='bbox 1208 3545 1303 3608; x_wconf 90' lang='lat' dir='ltr'><strong>potest</strong></span> <span class='ocrx_word' id='word_1_454' title='bbox 1318 3549 1346 3592; x_wconf 82' lang='lat' dir='ltr'><strong>ct</strong></span> <span class='ocrx_word' id='word_1_455' title='bbox 1361 3538 1527 3609; x_wconf 87' lang='lat' dir='ltr'><strong>angulorum</strong></span> <span class='ocrx_word' id='word_1_456' title='bbox 1563 3565 1566 3578; x_wconf 85' lang='lat'><em>=</em></span> 
     </span>
     <span class='ocr_line' id='line_1_42' title="bbox 195 3613 1526 3690; baseline -0.002 -19"><span class='ocrx_word' id='word_1_457' title='bbox 195 3613 227 3664; x_wconf 72' lang='lat' dir='ltr'><strong>ussi</strong></span> <span class='ocrx_word' id='word_1_458' title='bbox 237 3619 350 3673; x_wconf 75' lang='grc' dir='ltr'>ιιιιιιιιὶε</span> <span class='ocrx_word' id='word_1_459' title='bbox 373 3628 406 3673; x_wconf 89' lang='grc' dir='ltr'><strong>ιι</strong></span> <span class='ocrx_word' id='word_1_460' title='bbox 420 3620 656 3690; x_wconf 89' lang='lat' dir='ltr'><strong>perpendicularis</strong></span> <span class='ocrx_word' id='word_1_461' title='bbox 671 3621 764 3689; x_wconf 90' lang='lat' dir='ltr'><strong>potius</strong></span> <span class='ocrx_word' id='word_1_462' title='bbox 780 3620 857 3690; x_wconf 89' lang='lat' dir='ltr'><strong>plani</strong></span> <span class='ocrx_word' id='word_1_463' title='bbox 872 3619 1053 3690; x_wconf 87' lang='lat' dir='ltr'><strong>triangularis</strong></span> <span class='ocrx_word' id='word_1_464' title='bbox 1069 3637 1129 3673; x_wconf 90' lang='lat' dir='ltr'><strong>curn</strong></span> <span class='ocrx_word' id='word_1_465' title='bbox 1151 3619 1240 3672; x_wconf 85' lang='lat' dir='ltr'><strong>latere</strong></span> <span class='ocrx_word' id='word_1_466' title='bbox 1254 3620 1316 3672; x_wconf 86' lang='lat' dir='ltr'><strong>cubi</strong></span> <span class='ocrx_word' id='word_1_467' title='bbox 1340 3620 1365 3671; x_wconf 91' lang='lat' dir='ltr'><strong>in</strong></span> <span class='ocrx_word' id='word_1_468' title='bbox 1381 3619 1450 3671; x_wconf 89' lang='lat' dir='ltr'><strong>idem</strong></span> <span class='ocrx_word' id='word_1_469' title='bbox 1464 3617 1526 3687; x_wconf 91' lang='lat' dir='ltr'><strong>pla·</strong></span> 
     </span>
     <span class='ocr_line' id='line_1_43' title="bbox 194 3696 1526 3770; baseline -0.002 -18"><span class='ocrx_word' id='word_1_470' title='bbox 194 3705 238 3747; x_wconf 63' lang='lat' dir='ltr'><strong>lim</strong></span> <span class='ocrx_word' id='word_1_471' title='bbox 255 3709 396 3770; x_wconf 84' lang='lat' dir='ltr'><strong>competat.</strong></span> <span class='ocrx_word' id='word_1_472' title='bbox 439 3701 565 3770; x_wconf 87' lang='lat' dir='ltr'><strong>Denique</strong></span> <span class='ocrx_word' id='word_1_473' title='bbox 590 3703 717 3770; x_wconf 88' lang='lat' dir='ltr'><strong>perfecta</strong></span> <span class='ocrx_word' id='word_1_474' title='bbox 741 3701 842 3754; x_wconf 88' lang='lat' dir='ltr'><strong>locatio</strong></span> <span class='ocrx_word' id='word_1_475' title='bbox 865 3717 918 3753; x_wconf 93' lang='lat' dir='ltr'><strong>non</strong></span> <span class='ocrx_word' id='word_1_476' title='bbox 941 3708 993 3763; x_wconf 89' lang='lat' dir='ltr'><strong>est,</strong></span> <span class='ocrx_word' id='word_1_477' title='bbox 1019 3700 1066 3752; x_wconf 91' lang='lat' dir='ltr'><strong>ubi</strong></span> <span class='ocrx_word' id='word_1_478' title='bbox 1088 3717 1142 3752; x_wconf 91' lang='lat' dir='ltr'><strong>nou</strong></span> <span class='ocrx_word' id='word_1_479' title='bbox 1166 3700 1289 3752; x_wconf 89' lang='lat' dir='ltr'><strong>omnibus</strong></span> <span class='ocrx_word' id='word_1_480' title='bbox 1311 3699 1400 3767; x_wconf 72' lang='lat' dir='ltr'><strong>plantis</strong></span> <span class='ocrx_word' id='word_1_481' title='bbox 1422 3696 1526 3750; x_wconf 90' lang='lat' dir='ltr'><strong>similes</strong></span> 
     </span>
     <span class='ocr_line' id='line_1_44' title="bbox 195 3769 1527 3852; baseline 0.006 -30"><span class='ocrx_word' id='word_1_482' title='bbox 195 3769 427 3852; x_wconf 75' lang='lat' dir='ltr'><strong>ntnscnntinguut3</strong></span> <span class='ocrx_word' id='word_1_483' title='bbox 450 3788 481 3833; x_wconf 87' lang='lat' dir='ltr'><strong>at</strong></span> <span class='ocrx_word' id='word_1_484' title='bbox 504 3798 563 3834; x_wconf 92' lang='lat' dir='ltr'><strong>cum</strong></span> <span class='ocrx_word' id='word_1_485' title='bbox 578 3797 661 3834; x_wconf 90' lang='lat' dir='ltr'><strong>unum</strong></span> <span class='ocrx_word' id='word_1_486' title='bbox 682 3781 833 3852; x_wconf 88' lang='lat' dir='ltr'><strong>pyramidis</strong></span> <span class='ocrx_word' id='word_1_487' title='bbox 849 3780 962 3849; x_wconf 90' lang='lat' dir='ltr'><strong>planum</strong></span> <span class='ocrx_word' id='word_1_488' title='bbox 984 3779 1016 3832; x_wconf 84' lang='lat' dir='ltr'><strong>fit</strong></span> <span class='ocrx_word' id='word_1_489' title='bbox 1036 3780 1202 3848; x_wconf 89' lang='lat' dir='ltr'><strong>parallelum</strong></span> <span class='ocrx_word' id='word_1_490' title='bbox 1224 3781 1309 3849; x_wconf 88' lang='lat' dir='ltr'><strong>plano</strong></span> <span class='ocrx_word' id='word_1_491' title='bbox 1324 3779 1395 3839; x_wconf 89' lang='lat' dir='ltr'><strong>cubi,</strong></span> <span class='ocrx_word' id='word_1_492' title='bbox 1417 3777 1527 3846; x_wconf 89' lang='lat' dir='ltr'><strong>reliqua</strong></span> 
     </span>
     <span class='ocr_line' id='line_1_45' title="bbox 196 3848 1458 3931; baseline 0.006 -31"><span class='ocrx_word' id='word_1_493' title='bbox 196 3848 258 3921; x_wconf 87' lang='lat' dir='ltr'><strong>illins,</strong></span> <span class='ocrx_word' id='word_1_494' title='bbox 271 3861 335 3914; x_wconf 90' lang='lat' dir='ltr'><strong>nulli</strong></span> <span class='ocrx_word' id='word_1_495' title='bbox 351 3861 435 3929; x_wconf 76' lang='lat' dir='ltr'><strong>hujus</strong></span> <span class='ocrx_word' id='word_1_496' title='bbox 450 3867 531 3913; x_wconf 90' lang='lat' dir='ltr'><strong>eruut</strong></span> <span class='ocrx_word' id='word_1_497' title='bbox 545 3861 704 3931; x_wconf 75' lang='lat' dir='ltr'><strong>paralisis:</strong></span> <span class='ocrx_word' id='word_1_498' title='bbox 727 3861 796 3915; x_wconf 89' lang='lat' dir='ltr'><strong>idem</strong></span> <span class='ocrx_word' id='word_1_499' title='bbox 812 3862 888 3913; x_wconf 89' lang='lat' dir='ltr'><strong>etde</strong></span> <span class='ocrx_word' id='word_1_500' title='bbox 903 3860 1038 3913; x_wconf 90' lang='lat' dir='ltr'><strong>lateribus</strong></span> <span class='ocrx_word' id='word_1_501' title='bbox 1054 3868 1084 3913; x_wconf 89' lang='lat' dir='ltr'><strong>et</strong></span> <span class='ocrx_word' id='word_1_502' title='bbox 1097 3862 1130 3912; x_wconf 90' lang='lat' dir='ltr'><strong>de</strong></span> <span class='ocrx_word' id='word_1_503' title='bbox 1146 3860 1257 3928; x_wconf 91' lang='lat' dir='ltr'><strong>angulis</strong></span> <span class='ocrx_word' id='word_1_504' title='bbox 1273 3859 1373 3912; x_wconf 89' lang='lat' dir='ltr'><strong>dictum</strong></span> <span class='ocrx_word' id='word_1_505' title='bbox 1388 3857 1458 3910; x_wconf 82' lang='lat' dir='ltr'><strong>e&#39;sto.</strong></span> 
     </span>
    </p>

    <p class='ocr_par' dir='ltr' id='par_1_9' title="bbox 192 3933 1527 4410">
     <span class='ocr_line' id='line_1_46' title="bbox 250 3933 1526 4012; baseline -0.003 -18"><span class='ocrx_word' id='word_1_506' title='bbox 250 3933 279 4009; x_wconf 75' lang='lat' dir='ltr'><strong>g)</strong></span> <span class='ocrx_word' id='word_1_507' title='bbox 301 3941 353 3994; x_wconf 85' lang='lat' dir='ltr'><strong>Hic</strong></span> <span class='ocrx_word' id='word_1_508' title='bbox 373 3940 434 4010; x_wconf 90' lang='lat' dir='ltr'><strong>jam</strong></span> <span class='ocrx_word' id='word_1_509' title='bbox 454 3941 522 3994; x_wconf 84' lang='lat' dir='ltr'><strong>situs</strong></span> <span class='ocrx_word' id='word_1_510' title='bbox 543 3942 579 3994; x_wconf 88' lang='lat' dir='ltr'><strong>ab</strong></span> <span class='ocrx_word' id='word_1_511' title='bbox 598 3949 716 4011; x_wconf 87' lang='lat' dir='ltr'><strong>utraque</strong></span> <span class='ocrx_word' id='word_1_512' title='bbox 739 3943 831 4012; x_wconf 85' lang='lat' dir='ltr'><strong>ligura</strong></span> <span class='ocrx_word' id='word_1_513' title='bbox 845 3941 985 4002; x_wconf 88' lang='lat' dir='ltr'><strong>abhorret,</strong></span> <span class='ocrx_word' id='word_1_514' title='bbox 1008 3947 1038 3993; x_wconf 89' lang='lat' dir='ltr'><strong>et</strong></span> <span class='ocrx_word' id='word_1_515' title='bbox 1060 3956 1077 3992; x_wconf 92' lang='lat' dir='ltr'><strong>a</strong></span> <span class='ocrx_word' id='word_1_516' title='bbox 1096 3939 1238 4009; x_wconf 85' lang='lat' dir='ltr'><strong>pyramide</strong></span> <span class='ocrx_word' id='word_1_517' title='bbox 1258 3948 1287 3991; x_wconf 90' lang='lat' dir='ltr'><strong>et</strong></span> <span class='ocrx_word' id='word_1_518' title='bbox 1301 3953 1318 3990; x_wconf 93' lang='lat' dir='ltr'><strong>a</strong></span> <span class='ocrx_word' id='word_1_519' title='bbox 1334 3939 1413 3990; x_wconf 90' lang='lat' dir='ltr'><strong>cubo.</strong></span> <span class='ocrx_word' id='word_1_520' title='bbox 1456 3937 1526 3991; x_wconf 88' lang='lat' dir='ltr'><strong>Nam</strong></span> 
     </span>
     <span class='ocr_line' id='line_1_47' title="bbox 194 4008 1525 4093; baseline 0.007 -33"><span class='ocrx_word' id='word_1_521' title='bbox 194 4008 304 4088; x_wconf 86' lang='lat' dir='ltr'><strong>inscriptio</strong></span> <span class='ocrx_word' id='word_1_522' title='bbox 318 4019 488 4093; x_wconf 85' lang='lat' dir='ltr'><strong>geometrica</strong></span> <span class='ocrx_word' id='word_1_523' title='bbox 503 4022 590 4083; x_wconf 91' lang='lat' dir='ltr'><strong>docet,</strong></span> <span class='ocrx_word' id='word_1_524' title='bbox 606 4022 724 4092; x_wconf 80' lang='lat' dir='ltr'><strong>angulos</strong></span> <span class='ocrx_word' id='word_1_525' title='bbox 740 4021 831 4090; x_wconf 91' lang='lat' dir='ltr'><strong>potius</strong></span> <span class='ocrx_word' id='word_1_526' title='bbox 847 4026 965 4091; x_wconf 90' lang='lat' dir='ltr'><strong>quatuor</strong></span> <span class='ocrx_word' id='word_1_527' title='bbox 980 4019 1130 4090; x_wconf 88' lang='lat' dir='ltr'><strong>pyramidis</strong></span> <span class='ocrx_word' id='word_1_528' title='bbox 1145 4019 1246 4073; x_wconf 90' lang='lat' dir='ltr'><strong>debere</strong></span> <span class='ocrx_word' id='word_1_529' title='bbox 1256 4017 1340 4088; x_wconf 88' lang='lat' dir='ltr'><strong>jungi</strong></span> <span class='ocrx_word' id='word_1_530' title='bbox 1356 4013 1415 4086; x_wconf 84' lang='grc' dir='ltr'>(ιιι</span> <span class='ocrx_word' id='word_1_531' title='bbox 1429 4033 1525 4086; x_wconf 90' lang='lat' dir='ltr'><strong>super·</strong></span> 
     </span>
     <span class='ocr_line' id='line_1_48' title="bbox 194 4090 1527 4172; baseline -0.005 -15"><span class='ocrx_word' id='word_1_532' title='bbox 194 4090 251 4163; x_wconf 85' lang='lat' dir='ltr'><strong>poni)</strong></span> <span class='ocrx_word' id='word_1_533' title='bbox 263 4100 371 4156; x_wconf 83' lang='lat' dir='ltr'><strong>lotidem</strong></span> <span class='ocrx_word' id='word_1_534' title='bbox 386 4101 497 4171; x_wconf 80' lang='lat' dir='ltr'><strong>angulis</strong></span> <span class='ocrx_word' id='word_1_535' title='bbox 511 4103 545 4154; x_wconf 88' lang='lat' dir='ltr'><strong>de</strong></span> <span class='ocrx_word' id='word_1_536' title='bbox 560 4102 721 4154; x_wconf 69' lang='lat' dir='ltr'><strong>dodecaedri</strong></span> <span class='ocrx_word' id='word_1_537' title='bbox 736 4101 844 4172; x_wconf 84' lang='lat' dir='ltr'><strong>viginti.</strong></span> <span class='ocrx_word' id='word_1_538' title='bbox 886 4099 931 4154; x_wconf 89' lang='lat' dir='ltr'><strong>Sic</strong></span> <span class='ocrx_word' id='word_1_539' title='bbox 950 4101 1047 4153; x_wconf 89' lang='lat' dir='ltr'><strong>eadem</strong></span> <span class='ocrx_word' id='word_1_540' title='bbox 1068 4099 1209 4168; x_wconf 90' lang='lat' dir='ltr'><strong>inscriptio</strong></span> <span class='ocrx_word' id='word_1_541' title='bbox 1228 4099 1400 4169; x_wconf 86' lang='lat' dir='ltr'><strong>geometrica</strong></span> <span class='ocrx_word' id='word_1_542' title='bbox 1423 4096 1484 4152; x_wconf 80' lang='lat' dir='ltr'><strong>cuti</strong></span> <span class='ocrx_word' id='word_1_543' title='bbox 1500 4097 1527 4151; x_wconf 89' lang='lat' dir='ltr'><strong>in</strong></span> 
     </span>
     <span class='ocr_line' id='line_1_49' title="bbox 193 4171 1526 4254; baseline -0.001 -21"><span class='ocrx_word' id='word_1_544' title='bbox 193 4171 350 4236; x_wconf 67' lang='lat' dir='ltr'><strong>dodeoaedron</strong></span> <span class='ocrx_word' id='word_1_545' title='bbox 372 4184 461 4244; x_wconf 86' lang='lat' dir='ltr'><strong>docet,</strong></span> <span class='ocrx_word' id='word_1_546' title='bbox 477 4179 621 4252; x_wconf 90' lang='lat' dir='ltr'><strong>diagonios</strong></span> <span class='ocrx_word' id='word_1_547' title='bbox 637 4183 801 4235; x_wconf 76' lang='lat' dir='ltr'><strong>dodecaedri</strong></span> <span class='ocrx_word' id='word_1_548' title='bbox 817 4189 878 4235; x_wconf 89' lang='lat' dir='ltr'><strong>octo</strong></span> <span class='ocrx_word' id='word_1_549' title='bbox 894 4182 927 4233; x_wconf 90' lang='lat' dir='ltr'><strong>de</strong></span> <span class='ocrx_word' id='word_1_550' title='bbox 942 4179 1091 4254; x_wconf 84' lang='lat' dir='ltr'><strong>duodecim,</strong></span> <span class='ocrx_word' id='word_1_551' title='bbox 1113 4178 1171 4232; x_wconf 87' lang='lat' dir='ltr'><strong>fleri</strong></span> <span class='ocrx_word' id='word_1_552' title='bbox 1191 4188 1253 4234; x_wconf 90' lang='lat' dir='ltr'><strong>octo</strong></span> <span class='ocrx_word' id='word_1_553' title='bbox 1268 4178 1361 4232; x_wconf 89' lang='lat' dir='ltr'><strong>latera</strong></span> <span class='ocrx_word' id='word_1_554' title='bbox 1376 4179 1452 4232; x_wconf 90' lang='lat' dir='ltr'><strong>cubi:</strong></span> <span class='ocrx_word' id='word_1_555' title='bbox 1473 4178 1526 4232; x_wconf 85' lang='lat' dir='ltr'><strong>ita·</strong></span> 
     </span>
     <span class='ocr_line' id='line_1_50' title="bbox 193 4257 1526 4329; baseline 0.001 -19"><span class='ocrx_word' id='word_1_556' title='bbox 193 4266 230 4319; x_wconf 77' lang='lat' dir='ltr'><strong>que</strong></span> <span class='ocrx_word' id='word_1_557' title='bbox 241 4259 259 4311; x_wconf 90' lang='lat' dir='ltr'><strong>si</strong></span> <span class='ocrx_word' id='word_1_558' title='bbox 271 4262 458 4316; x_wconf 72' lang='lat' dir='ltr'><strong>dodeoaedrcu</strong></span> <span class='ocrx_word' id='word_1_559' title='bbox 472 4261 590 4314; x_wconf 82' lang='lat' dir='ltr'><strong>vicissim</strong></span> <span class='ocrx_word' id='word_1_560' title='bbox 613 4262 649 4315; x_wconf 89' lang='lat' dir='ltr'><strong>sit</strong></span> <span class='ocrx_word' id='word_1_561' title='bbox 671 4263 745 4315; x_wconf 90' lang='lat' dir='ltr'><strong>intra</strong></span> <span class='ocrx_word' id='word_1_562' title='bbox 765 4262 871 4323; x_wconf 90' lang='lat' dir='ltr'><strong>cubum,</strong></span> <span class='ocrx_word' id='word_1_563' title='bbox 897 4265 1007 4329; x_wconf 88' lang='lat' dir='ltr'><strong>oportet</strong></span> <span class='ocrx_word' id='word_1_564' title='bbox 1028 4261 1061 4312; x_wconf 89' lang='lat' dir='ltr'><strong>de</strong></span> <span class='ocrx_word' id='word_1_565' title='bbox 1077 4257 1194 4329; x_wconf 87' lang='lat' dir='ltr'><strong>triginta</strong></span> <span class='ocrx_word' id='word_1_566' title='bbox 1213 4258 1348 4313; x_wconf 89' lang='lat' dir='ltr'><strong>lateribus</strong></span> <span class='ocrx_word' id='word_1_567' title='bbox 1363 4257 1526 4312; x_wconf 78' lang='lat' dir='ltr'><strong>dodecaedri</strong></span> 
     </span>
     <span class='ocr_line' id='line_1_51' title="bbox 192 4340 920 4410; baseline 0.012 -27"><span class='ocrx_word' id='word_1_568' title='bbox 192 4347 241 4388; x_wconf 84' lang='lat' dir='ltr'><strong>sena</strong></span> <span class='ocrx_word' id='word_1_569' title='bbox 252 4341 417 4396; x_wconf 86' lang='lat' dir='ltr'><strong>subordinari</strong></span> <span class='ocrx_word' id='word_1_570' title='bbox 432 4342 505 4394; x_wconf 88' lang='lat' dir='ltr'><strong>senis</strong></span> <span class='ocrx_word' id='word_1_571' title='bbox 520 4340 611 4409; x_wconf 90' lang='lat' dir='ltr'><strong>planis</strong></span> <span class='ocrx_word' id='word_1_572' title='bbox 627 4342 688 4396; x_wconf 90' lang='lat' dir='ltr'><strong>cubi</strong></span> <span class='ocrx_word' id='word_1_573' title='bbox 704 4343 759 4395; x_wconf 88' lang='lat' dir='ltr'><strong>situ</strong></span> <span class='ocrx_word' id='word_1_574' title='bbox 773 4340 920 4410; x_wconf 89' lang='lat' dir='ltr'><strong>parallelo.</strong></span> 
     </span>
    </p>

    <p class='ocr_par' dir='ltr' id='par_1_10' title="bbox 189 4415 1570 4815">
     <span class='ocr_line' id='line_1_52' title="bbox 248 4415 1570 4492; baseline -0.003 -20"><span class='ocrx_word' id='word_1_575' title='bbox 248 4415 275 4484; x_wconf 82' lang='lat' dir='ltr'><strong>b)</strong></span> <span class='ocrx_word' id='word_1_576' title='bbox 293 4423 352 4475; x_wconf 86' lang='lat' dir='ltr'><strong>Hoc</strong></span> <span class='ocrx_word' id='word_1_577' title='bbox 365 4428 450 4491; x_wconf 86' lang='lat' dir='ltr'><strong>pacto</strong></span> <span class='ocrx_word' id='word_1_578' title='bbox 464 4422 644 4490; x_wconf 89' lang='lat' dir='ltr'><strong>respondebit</strong></span> <span class='ocrx_word' id='word_1_579' title='bbox 653 4422 760 4492; x_wconf 89' lang='lat' dir='ltr'><strong>quidem</strong></span> <span class='ocrx_word' id='word_1_580' title='bbox 775 4421 844 4474; x_wconf 88' lang='lat' dir='ltr'><strong>situs</strong></span> <span class='ocrx_word' id='word_1_581' title='bbox 860 4422 982 4475; x_wconf 70' lang='lat' dir='ltr'><strong>octaedri</strong></span> <span class='ocrx_word' id='word_1_582' title='bbox 997 4420 1084 4474; x_wconf 83' lang='lat' dir='ltr'><strong>intimi</strong></span> <span class='ocrx_word' id='word_1_583' title='bbox 1105 4419 1132 4472; x_wconf 93' lang='lat' dir='ltr'><strong>in</strong></span> <span class='ocrx_word' id='word_1_584' title='bbox 1148 4420 1217 4472; x_wconf 92' lang='lat' dir='ltr'><strong>cubo</strong></span> <span class='ocrx_word' id='word_1_585' title='bbox 1232 4418 1335 4472; x_wconf 82' lang='lat' dir='ltr'><strong>extimo</strong></span> <span class='ocrx_word' id='word_1_586' title='bbox 1356 4416 1525 4485; x_wconf 89' lang='lat' dir='ltr'><strong>inscriptioni</strong></span> <span class='ocrx_word' id='word_1_587' title='bbox 1567 4469 1570 4474; x_wconf 81' lang='grc'><strong>,</strong></span> 
     </span>
     <span class='ocr_line' id='line_1_53' title="bbox 190 4496 1524 4572; baseline -0.001 -21"><span class='ocrx_word' id='word_1_588' title='bbox 190 4501 348 4559; x_wconf 75' lang='lat' dir='ltr'><strong>eunetncse</strong></span> <span class='ocrx_word' id='word_1_589' title='bbox 362 4501 487 4570; x_wconf 88' lang='lat' dir='ltr'><strong>ejusdem</strong></span> <span class='ocrx_word' id='word_1_590' title='bbox 501 4501 529 4553; x_wconf 91' lang='lat' dir='ltr'><strong>in</strong></span> <span class='ocrx_word' id='word_1_591' title='bbox 544 4502 626 4555; x_wconf 89' lang='lat' dir='ltr'><strong>cubo:</strong></span> <span class='ocrx_word' id='word_1_592' title='bbox 642 4509 673 4556; x_wconf 93' lang='lat' dir='ltr'><strong>at</strong></span> <span class='ocrx_word' id='word_1_593' title='bbox 682 4501 826 4572; x_wconf 90' lang='lat' dir='ltr'><strong>pyramidi,</strong></span> <span class='ocrx_word' id='word_1_594' title='bbox 849 4503 1028 4562; x_wconf 71' lang='lat' dir='ltr'><strong>dodecaidro,</strong></span> <span class='ocrx_word' id='word_1_595' title='bbox 1053 4501 1195 4553; x_wconf 76' lang='lat' dir='ltr'><strong>icosaedro</strong></span> <span class='ocrx_word' id='word_1_596' title='bbox 1210 4515 1264 4552; x_wconf 88' lang='lat' dir='ltr'><strong>non</strong></span> <span class='ocrx_word' id='word_1_597' title='bbox 1279 4496 1405 4570; x_wconf 89' lang='lat' dir='ltr'><strong>legitime</strong></span> <span class='ocrx_word' id='word_1_598' title='bbox 1420 4512 1524 4549; x_wconf 88' lang='lat' dir='ltr'><strong>accom-</strong></span> 
     </span>
     <span class='ocr_line' id='line_1_54' title="bbox 190 4575 1527 4652; baseline 0 -25"><span class='ocrx_word' id='word_1_599' title='bbox 190 4575 326 4644; x_wconf 81' lang='lat' dir='ltr'><strong>modabitur,</strong></span> <span class='ocrx_word' id='word_1_600' title='bbox 351 4581 404 4635; x_wconf 90' lang='lat' dir='ltr'><strong>nisi</strong></span> <span class='ocrx_word' id='word_1_601' title='bbox 428 4580 497 4634; x_wconf 84' lang='lat' dir='ltr'><strong>situs</strong></span> <span class='ocrx_word' id='word_1_602' title='bbox 517 4580 623 4635; x_wconf 75' lang='lat' dir='ltr'><strong>illorsum</strong></span> <span class='ocrx_word' id='word_1_603' title='bbox 646 4581 672 4635; x_wconf 94' lang='lat' dir='ltr'><strong>in</strong></span> <span class='ocrx_word' id='word_1_604' title='bbox 697 4583 766 4635; x_wconf 92' lang='lat' dir='ltr'><strong>cubo</strong></span> <span class='ocrx_word' id='word_1_605' title='bbox 791 4584 825 4635; x_wconf 90' lang='lat' dir='ltr'><strong>ad</strong></span> <span class='ocrx_word' id='word_1_606' title='bbox 850 4583 928 4652; x_wconf 89' lang='lat' dir='ltr'><strong>leges</strong></span> <span class='ocrx_word' id='word_1_607' title='bbox 948 4582 1008 4650; x_wconf 90' lang='lat' dir='ltr'><strong>jam</strong></span> <span class='ocrx_word' id='word_1_608' title='bbox 1031 4579 1218 4650; x_wconf 85' lang='lat' dir='ltr'><strong>praescriptas</strong></span> <span class='ocrx_word' id='word_1_609' title='bbox 1239 4579 1407 4633; x_wconf 85' lang='lat' dir='ltr'><strong>emendetur.</strong></span> <span class='ocrx_word' id='word_1_610' title='bbox 1450 4575 1527 4628; x_wconf 86' lang='grc' dir='ltr'>Τιιι</span> 
     </span>
     <span class='ocr_line' id='line_1_55' title="bbox 189 4653 1524 4731; baseline -0.002 -20"><span class='ocrx_word' id='word_1_611' title='bbox 189 4653 242 4711; x_wconf 66' lang='lat' dir='ltr'><strong>enlm</strong></span> <span class='ocrx_word' id='word_1_612' title='bbox 259 4668 422 4716; x_wconf 80' lang='lat' dir='ltr'><strong>ornourreut</strong></span> <span class='ocrx_word' id='word_1_613' title='bbox 443 4661 472 4714; x_wconf 93' lang='lat' dir='ltr'><strong>in</strong></span> <span class='ocrx_word' id='word_1_614' title='bbox 491 4677 547 4715; x_wconf 92' lang='lat' dir='ltr'><strong>una</strong></span> <span class='ocrx_word' id='word_1_615' title='bbox 567 4670 647 4715; x_wconf 90' lang='lat' dir='ltr'><strong>recta</strong></span> <span class='ocrx_word' id='word_1_616' title='bbox 669 4661 745 4716; x_wconf 90' lang='lat' dir='ltr'><strong>linea</strong></span> <span class='ocrx_word' id='word_1_617' title='bbox 767 4680 805 4715; x_wconf 88' lang='lat' dir='ltr'><strong>ex</strong></span> <span class='ocrx_word' id='word_1_618' title='bbox 827 4669 921 4715; x_wconf 88' lang='lat' dir='ltr'><strong>centro</strong></span> <span class='ocrx_word' id='word_1_619' title='bbox 944 4662 1077 4716; x_wconf 90' lang='lat' dir='ltr'><strong>communi</strong></span> <span class='ocrx_word' id='word_1_620' title='bbox 1104 4661 1255 4731; x_wconf 81' lang='lat' dir='ltr'><strong>figurarum</strong></span> <span class='ocrx_word' id='word_1_621' title='bbox 1274 4656 1391 4710; x_wconf 90' lang='lat' dir='ltr'><strong>omnium</strong></span> <span class='ocrx_word' id='word_1_622' title='bbox 1415 4656 1524 4717; x_wconf 87' lang='lat' dir='ltr'><strong>educta,</strong></span> 
     </span>
     <span class='ocr_line' id='line_1_56' title="bbox 191 4729 1524 4815; baseline -0.008 -19"><span class='ocrx_word' id='word_1_623' title='bbox 191 4729 211 4796; x_wconf 86' lang='grc'><strong>1)</strong></span> <span class='ocrx_word' id='word_1_624' title='bbox 229 4741 340 4811; x_wconf 74' lang='lat' dir='ltr'><strong>angelus</strong></span> <span class='ocrx_word' id='word_1_625' title='bbox 355 4740 487 4803; x_wconf 75' lang='grc' dir='ltr'>ιιιιιιιτι,</span> <span class='ocrx_word' id='word_1_626' title='bbox 513 4739 545 4810; x_wconf 87' lang='grc'><strong>2)</strong></span> <span class='ocrx_word' id='word_1_627' title='bbox 560 4741 679 4798; x_wconf 89' lang='lat' dir='ltr'><strong>laterum</strong></span> <span class='ocrx_word' id='word_1_628' title='bbox 694 4742 836 4806; x_wconf 70' lang='lat' dir='ltr'><strong>icosatdri,</strong></span> <span class='ocrx_word' id='word_1_629' title='bbox 860 4738 890 4806; x_wconf 84' lang='lat'><strong>3)</strong></span> <span class='ocrx_word' id='word_1_630' title='bbox 906 4740 1077 4805; x_wconf 70' lang='lat' dir='ltr'><strong>dodecaedri,</strong></span> <span class='ocrx_word' id='word_1_631' title='bbox 1100 4737 1130 4805; x_wconf 81' lang='lat' dir='ltr'><strong>l)</strong></span> <span class='ocrx_word' id='word_1_632' title='bbox 1145 4737 1294 4815; x_wconf 85' lang='lat' dir='ltr'><strong>pyramidis</strong></span> <span class='ocrx_word' id='word_1_633' title='bbox 1308 4734 1398 4790; x_wconf 88' lang='lat' dir='ltr'><strong>media</strong></span> <span class='ocrx_word' id='word_1_634' title='bbox 1412 4741 1524 4808; x_wconf 87' lang='lat' dir='ltr'><strong>puncta,</strong></span> 
     </span>
    </p>
   </div>
   <div class='ocr_carea' id='block_1_5' title="bbox 0 0 1695 5482">
    <p class='ocr_par' dir='ltr' id='par_1_11' title="bbox 0 0 1695 5482">
     <span class='ocr_line' id='line_1_57' title="bbox 0 0 1695 5482; baseline 0 0"><span class='ocrx_word' id='word_1_635' title='bbox 0 0 1695 5482; x_wconf 95' lang='lat' dir='ltr'><strong> </strong></span> 
     </span>
    </p>
   </div>
  </div>
 </body>
</html>
