<?xml version="1.0" encoding="UTF-8"?>
<!DOCTYPE html PUBLIC "-//W3C//DTD XHTML 1.0 Transitional//EN"
    "http://www.w3.org/TR/xhtml1/DTD/xhtml1-transitional.dtd">
<html xmlns="http://www.w3.org/1999/xhtml" xml:lang="en" lang="en">
 <head>
  <title>
</title>
<meta http-equiv="Content-Type" content="text/html;charset=utf-8" />
  <meta name='ocr-system' content='tesseract 3.04.00' />
  <meta name='ocr-capabilities' content='ocr_page ocr_carea ocr_par ocr_line ocrx_word'/>
</head>
<body>
  <div class='ocr_page' id='page_1' title='image "./joanniskepleria04frisgoog_0035.png"; bbox 0 0 3366 5482; ppageno 0'>
   <div class='ocr_carea' id='block_1_1' title="bbox 169 173 912 293">
    <p class='ocr_par' dir='ltr' id='par_1_1' title="bbox 169 173 912 293">
     <span class='ocr_line' id='line_1_1' title="bbox 169 173 912 293; baseline 0.001 -1"><span class='ocrx_word' id='word_1_1' title='bbox 169 226 208 293; x_wconf 80' lang='lat' dir='ltr'><strong>m</strong></span> <span class='ocrx_word' id='word_1_2' title='bbox 249 183 252 188; x_wconf 66' lang='lat'><strong>,</strong></span> <span class='ocrx_word' id='word_1_3' title='bbox 537 173 540 186; x_wconf 85' lang='lat'><strong>.</strong></span> <span class='ocrx_word' id='word_1_4' title='bbox 745 228 912 281; x_wconf 19' lang='lat' dir='ltr'><strong>*namura</strong></span> 
     </span>
    </p>
   </div>
   <div class='ocr_carea' id='block_1_2' title="bbox 72 385 1515 4735">
    <p class='ocr_par' dir='ltr' id='par_1_2' title="bbox 72 385 1515 4735">
     <span class='ocr_line' id='line_1_2' title="bbox 164 385 1514 466; baseline 0.004 -19"><span class='ocrx_word' id='word_1_5' title='bbox 164 389 291 464; x_wconf 88' lang='lat' dir='ltr'><strong>demere.</strong></span> <span class='ocrx_word' id='word_1_6' title='bbox 338 385 453 456; x_wconf 85' lang='lat' dir='ltr'><strong>Quodsi</strong></span> <span class='ocrx_word' id='word_1_7' title='bbox 476 385 631 453; x_wconf 72' lang='lat' dir='ltr'><strong>existimas</strong></span> <span class='ocrx_word' id='word_1_8' title='bbox 656 386 763 447; x_wconf 87' lang='lat' dir='ltr'><strong>licere:</strong></span> <span class='ocrx_word' id='word_1_9' title='bbox 793 394 948 466; x_wconf 85' lang='lat' dir='ltr'><strong>sequetur,</strong></span> <span class='ocrx_word' id='word_1_10' title='bbox 972 406 1026 455; x_wconf 88' lang='lat' dir='ltr'><strong>nos</strong></span> <span class='ocrx_word' id='word_1_11' title='bbox 1049 406 1138 466; x_wconf 88' lang='lat' dir='ltr'><strong>posse</strong></span> <span class='ocrx_word' id='word_1_12' title='bbox 1162 389 1272 450; x_wconf 87' lang='lat' dir='ltr'><strong>habere</strong></span> <span class='ocrx_word' id='word_1_13' title='bbox 1296 390 1514 452; x_wconf 77' lang='lat' dir='ltr'><strong>exactissimos</strong></span> 
     </span>
     <span class='ocr_line' id='line_1_3' title="bbox 164 474 1514 548; baseline 0.002 -11"><span class='ocrx_word' id='word_1_14' title='bbox 164 485 271 541; x_wconf 82' lang='lat' dir='ltr'><strong>motus.</strong></span> <span class='ocrx_word' id='word_1_15' title='bbox 317 475 395 537; x_wconf 90' lang='lat' dir='ltr'><strong>Nam</strong></span> <span class='ocrx_word' id='word_1_16' title='bbox 418 474 517 536; x_wconf 88' lang='lat' dir='ltr'><strong>media</strong></span> <span class='ocrx_word' id='word_1_17' title='bbox 540 474 606 535; x_wconf 89' lang='lat' dir='ltr'><strong>loca</strong></span> <span class='ocrx_word' id='word_1_18' title='bbox 628 482 697 535; x_wconf 90' lang='lat' dir='ltr'><strong>sunt</strong></span> <span class='ocrx_word' id='word_1_19' title='bbox 719 493 757 534; x_wconf 88' lang='lat' dir='ltr'><strong>ex</strong></span> <span class='ocrx_word' id='word_1_20' title='bbox 779 474 834 535; x_wconf 88' lang='lat' dir='ltr'><strong>hoc</strong></span> <span class='ocrx_word' id='word_1_21' title='bbox 858 474 963 548; x_wconf 92' lang='lat' dir='ltr'><strong>modo;</strong></span> <span class='ocrx_word' id='word_1_22' title='bbox 995 475 1101 538; x_wconf 91' lang='lat' dir='ltr'><strong>deinde</strong></span> <span class='ocrx_word' id='word_1_23' title='bbox 1133 477 1335 540; x_wconf 77' lang='lat' dir='ltr'><strong>dimensiones</strong></span> <span class='ocrx_word' id='word_1_24' title='bbox 1359 479 1514 541; x_wconf 86' lang='lat' dir='ltr'><strong>ecceutri-</strong></span> 
     </span>
     <span class='ocr_line' id='line_1_4' title="bbox 163 560 1515 643; baseline 0.003 -17"><span class='ocrx_word' id='word_1_25' title='bbox 163 565 287 632; x_wconf 86' lang='lat' dir='ltr'><strong>citatum</strong></span> <span class='ocrx_word' id='word_1_26' title='bbox 311 583 348 626; x_wconf 89' lang='lat' dir='ltr'><strong>ex</strong></span> <span class='ocrx_word' id='word_1_27' title='bbox 370 560 550 643; x_wconf 69' lang='lat' dir='ltr'><strong>corporibus.</strong></span> <span class='ocrx_word' id='word_1_28' title='bbox 598 560 792 624; x_wconf 80' lang='lat' dir='ltr'><strong>Consideravi</strong></span> <span class='ocrx_word' id='word_1_29' title='bbox 815 570 924 636; x_wconf 89' lang='lat' dir='ltr'><strong>autem,</strong></span> <span class='ocrx_word' id='word_1_30' title='bbox 947 572 1043 625; x_wconf 90' lang='lat' dir='ltr'><strong>utrum</strong></span> <span class='ocrx_word' id='word_1_31' title='bbox 1063 578 1121 627; x_wconf 88' lang='lat' dir='ltr'><strong>nun</strong></span> <span class='ocrx_word' id='word_1_32' title='bbox 1136 564 1276 628; x_wconf 82' lang='lat' dir='ltr'><strong>debilitas</strong></span> <span class='ocrx_word' id='word_1_33' title='bbox 1290 567 1345 633; x_wconf 88' lang='lat' dir='ltr'><strong>illa</strong></span> <span class='ocrx_word' id='word_1_34' title='bbox 1359 588 1378 628; x_wconf 93' lang='lat' dir='ltr'><strong>a</strong></span> <span class='ocrx_word' id='word_1_35' title='bbox 1393 567 1515 630; x_wconf 67' lang='lat' dir='ltr'><strong>summi</strong></span> 
     </span>
     <span class='ocr_line' id='line_1_5' title="bbox 106 651 1514 732; baseline 0.002 -17"><span class='ocrx_word' id='word_1_36' title='bbox 106 696 109 704; x_wconf 84' lang='lat'><em>-</em></span> <span class='ocrx_word' id='word_1_37' title='bbox 163 652 310 729; x_wconf 81' lang='lat' dir='ltr'><strong>inferioris</strong></span> <span class='ocrx_word' id='word_1_38' title='bbox 333 652 371 713; x_wconf 88' lang='lat' dir='ltr'><strong>ed</strong></span> <span class='ocrx_word' id='word_1_39' title='bbox 394 652 482 721; x_wconf 89' lang='lat' dir='ltr'><strong>imam</strong></span> <span class='ocrx_word' id='word_1_40' title='bbox 505 651 666 729; x_wconf 90' lang='lat' dir='ltr'><strong>superioris</strong></span> <span class='ocrx_word' id='word_1_41' title='bbox 689 651 887 729; x_wconf 86' lang='lat' dir='ltr'><strong>computenda</strong></span> <span class='ocrx_word' id='word_1_42' title='bbox 910 651 967 713; x_wconf 87' lang='lat' dir='ltr'><strong>sit:</strong></span> <span class='ocrx_word' id='word_1_43' title='bbox 999 661 1034 714; x_wconf 92' lang='lat' dir='ltr'><strong>ut</strong></span> <span class='ocrx_word' id='word_1_44' title='bbox 1056 653 1176 732; x_wconf 87' lang='lat' dir='ltr'><strong>itaper</strong></span> <span class='ocrx_word' id='word_1_45' title='bbox 1199 655 1370 717; x_wconf 86' lang='lat' dir='ltr'><strong>crassitiem</strong></span> <span class='ocrx_word' id='word_1_46' title='bbox 1394 655 1514 718; x_wconf 90' lang='lat' dir='ltr'><strong>orbium</strong></span> 
     </span>
     <span class='ocr_line' id='line_1_6' title="bbox 163 737 1515 818; baseline 0.002 -15"><span class='ocrx_word' id='word_1_47' title='bbox 163 742 245 804; x_wconf 86' lang='lat' dir='ltr'><strong>nulle</strong></span> <span class='ocrx_word' id='word_1_48' title='bbox 268 738 617 802; x_wconf 80' lang='lat' dir='ltr'><strong>accideretdebilitatio.</strong></span> <span class='ocrx_word' id='word_1_49' title='bbox 664 737 724 800; x_wconf 90' lang='lat' dir='ltr'><strong>Sed</strong></span> <span class='ocrx_word' id='word_1_50' title='bbox 753 757 807 801; x_wconf 86' lang='lat' dir='ltr'><strong>nec</strong></span> <span class='ocrx_word' id='word_1_51' title='bbox 835 740 889 801; x_wconf 88' lang='lat' dir='ltr'><strong>hoc</strong></span> <span class='ocrx_word' id='word_1_52' title='bbox 921 741 1040 803; x_wconf 85' lang='lat' dir='ltr'><strong>sufficit.</strong></span> <span class='ocrx_word' id='word_1_53' title='bbox 1086 742 1165 804; x_wconf 89' lang='lat' dir='ltr'><strong>Nam</strong></span> <span class='ocrx_word' id='word_1_54' title='bbox 1193 743 1316 818; x_wconf 88' lang='lat' dir='ltr'><strong>Venus,</strong></span> <span class='ocrx_word' id='word_1_55' title='bbox 1350 744 1448 805; x_wconf 89' lang='lat' dir='ltr'><strong>Terra</strong></span> <span class='ocrx_word' id='word_1_56' title='bbox 1481 755 1515 806; x_wconf 89' lang='lat' dir='ltr'><strong>et</strong></span> 
     </span>
     <span class='ocr_line' id='line_1_7' title="bbox 162 827 1513 911; baseline 0.003 -20"><span class='ocrx_word' id='word_1_57' title='bbox 162 831 246 892; x_wconf 89' lang='lat' dir='ltr'><strong>Mars</strong></span> <span class='ocrx_word' id='word_1_58' title='bbox 270 830 414 891; x_wconf 88' lang='lat' dir='ltr'><strong>deberent</strong></span> <span class='ocrx_word' id='word_1_59' title='bbox 435 829 544 890; x_wconf 87' lang='lat' dir='ltr'><strong>habere</strong></span> <span class='ocrx_word' id='word_1_60' title='bbox 568 827 728 889; x_wconf 86' lang='lat' dir='ltr'><strong>maximam</strong></span> <span class='ocrx_word' id='word_1_61' title='bbox 751 828 920 890; x_wconf 85' lang='lat' dir='ltr'><strong>crassitiem</strong></span> <span class='ocrx_word' id='word_1_62' title='bbox 944 829 972 889; x_wconf 93' lang='lat' dir='ltr'><strong>in</strong></span> <span class='ocrx_word' id='word_1_63' title='bbox 995 831 1186 909; x_wconf 84' lang='lat' dir='ltr'><strong>proportione</strong></span> <span class='ocrx_word' id='word_1_64' title='bbox 1209 851 1281 895; x_wconf 88' lang='lat' dir='ltr'><strong>suae</strong></span> <span class='ocrx_word' id='word_1_65' title='bbox 1305 833 1446 911; x_wconf 88' lang='lat' dir='ltr'><strong>propriae</strong></span> <span class='ocrx_word' id='word_1_66' title='bbox 1463 835 1513 895; x_wconf 92' lang='lat' dir='ltr'><strong>di·</strong></span> 
     </span>
     <span class='ocr_line' id='line_1_8' title="bbox 163 915 1512 1000; baseline 0.001 -19"><span class='ocrx_word' id='word_1_67' title='bbox 163 919 313 982; x_wconf 81' lang='lat' dir='ltr'><strong>stantiae:</strong></span> <span class='ocrx_word' id='word_1_68' title='bbox 347 938 413 980; x_wconf 91' lang='lat' dir='ltr'><strong>cum</strong></span> <span class='ocrx_word' id='word_1_69' title='bbox 435 918 534 980; x_wconf 87' lang='lat' dir='ltr'><strong>tamen</strong></span> <span class='ocrx_word' id='word_1_70' title='bbox 556 916 587 990; x_wconf 76' lang='lat' dir='ltr'><strong>ll</strong></span> <span class='ocrx_word' id='word_1_71' title='bbox 609 924 641 976; x_wconf 91' lang='lat' dir='ltr'><strong>et</strong></span> <span class='ocrx_word' id='word_1_72' title='bbox 664 918 689 993; x_wconf 67' lang='grc' dir='ltr'>ὅ</span> <span class='ocrx_word' id='word_1_73' title='bbox 714 915 846 978; x_wconf 78' lang='lat' dir='ltr'><strong>habeant</strong></span> <span class='ocrx_word' id='word_1_74' title='bbox 868 916 1010 996; x_wconf 88' lang='lat' dir='ltr'><strong>aequales</strong></span> <span class='ocrx_word' id='word_1_75' title='bbox 1034 928 1065 979; x_wconf 90' lang='lat' dir='ltr'><strong>et</strong></span> <span class='ocrx_word' id='word_1_76' title='bbox 1088 919 1243 994; x_wconf 89' lang='lat' dir='ltr'><strong>minimas,</strong></span> <span class='ocrx_word' id='word_1_77' title='bbox 1277 930 1350 1000; x_wconf 87' lang='lat' dir='ltr'><strong>post</strong></span> <span class='ocrx_word' id='word_1_78' title='bbox 1371 917 1392 998; x_wconf 69' lang='lat' dir='ltr'><strong>i)</strong></span> <span class='ocrx_word' id='word_1_79' title='bbox 1417 931 1449 982; x_wconf 89' lang='lat' dir='ltr'><strong>et</strong></span> <span class='ocrx_word' id='word_1_80' title='bbox 1475 921 1512 996; x_wconf 81' lang='grc' dir='ltr'><strong>ῼ,</strong></span> 
     </span>
     <span class='ocr_line' id='line_1_9' title="bbox 163 1005 1513 1084; baseline 0.001 -14"><span class='ocrx_word' id='word_1_81' title='bbox 163 1008 230 1070; x_wconf 91' lang='lat' dir='ltr'><strong>inde</strong></span> <span class='ocrx_word' id='word_1_82' title='bbox 254 1005 287 1078; x_wconf 70' lang='grc' dir='ltr'><strong>(ς’</strong></span> <span class='ocrx_word' id='word_1_83' title='bbox 302 1014 334 1069; x_wconf 90' lang='lat' dir='ltr'><strong>et</strong></span> <span class='ocrx_word' id='word_1_84' title='bbox 356 1009 381 1082; x_wconf 69' lang='grc' dir='ltr'>ὀ</span> <span class='ocrx_word' id='word_1_85' title='bbox 406 1025 473 1067; x_wconf 90' lang='lat' dir='ltr'><strong>cnm</strong></span> <span class='ocrx_word' id='word_1_86' title='bbox 495 1006 595 1078; x_wconf 90' lang='lat' dir='ltr'><strong>Luna,</strong></span> <span class='ocrx_word' id='word_1_87' title='bbox 624 1023 666 1066; x_wconf 89' lang='lat' dir='ltr'><strong>so.</strong></span> <span class='ocrx_word' id='word_1_88' title='bbox 691 1005 717 1064; x_wconf 90' lang='lat' dir='ltr'><strong>si</strong></span> <span class='ocrx_word' id='word_1_89' title='bbox 741 1005 836 1083; x_wconf 88' lang='lat' dir='ltr'><strong>ipsam</strong></span> <span class='ocrx_word' id='word_1_90' title='bbox 859 1005 940 1067; x_wconf 90' lang='lat' dir='ltr'><strong>orbis</strong></span> <span class='ocrx_word' id='word_1_91' title='bbox 963 1007 1113 1070; x_wconf 86' lang='lat' dir='ltr'><strong>crassitiei</strong></span> <span class='ocrx_word' id='word_1_92' title='bbox 1136 1024 1324 1084; x_wconf 71' lang='lat' dir='ltr'><strong>accenseam</strong></span> <span class='ocrx_word' id='word_1_93' title='bbox 1347 1010 1513 1080; x_wconf 84' lang='lat' dir='ltr'><strong>maximam</strong></span> 
     </span>
     <span class='ocr_line' id='line_1_10' title="bbox 162 1092 1512 1178; baseline 0.003 -21"><span class='ocrx_word' id='word_1_94' title='bbox 162 1103 237 1178; x_wconf 81' lang='lat' dir='ltr'><strong>vero</strong></span> <span class='ocrx_word' id='word_1_95' title='bbox 258 1096 370 1159; x_wconf 88' lang='lat' dir='ltr'><strong>habeat</strong></span> <span class='ocrx_word' id='word_1_96' title='bbox 392 1098 424 1172; x_wconf 71' lang='grc' dir='ltr'><strong>ζὲ.</strong></span> <span class='ocrx_word' id='word_1_97' title='bbox 471 1095 579 1174; x_wconf 81' lang='lat' dir='ltr'><strong>Atque</strong></span> <span class='ocrx_word' id='word_1_98' title='bbox 595 1093 669 1154; x_wconf 89' lang='lat' dir='ltr'><strong>haec</strong></span> <span class='ocrx_word' id='word_1_99' title='bbox 693 1092 847 1155; x_wconf 84' lang='lat' dir='ltr'><strong>hactenns.</strong></span> <span class='ocrx_word' id='word_1_100' title='bbox 894 1093 942 1155; x_wconf 89' lang='lat' dir='ltr'><strong>Ex</strong></span> <span class='ocrx_word' id='word_1_101' title='bbox 966 1095 1070 1174; x_wconf 87' lang='lat' dir='ltr'><strong>quibus</strong></span> <span class='ocrx_word' id='word_1_102' title='bbox 1084 1097 1179 1167; x_wconf 84' lang='lat' dir='ltr'><strong>vides,</strong></span> <span class='ocrx_word' id='word_1_103' title='bbox 1203 1117 1250 1158; x_wconf 93' lang='lat' dir='ltr'><strong>me</strong></span> <span class='ocrx_word' id='word_1_104' title='bbox 1273 1109 1420 1177; x_wconf 89' lang='lat' dir='ltr'><strong>nugatum</strong></span> <span class='ocrx_word' id='word_1_105' title='bbox 1442 1118 1512 1161; x_wconf 85' lang='lat' dir='ltr'><strong>esse</strong></span> 
     </span>
     <span class='ocr_line' id='line_1_11' title="bbox 163 1181 1512 1266; baseline 0.001 -19"><span class='ocrx_word' id='word_1_106' title='bbox 163 1186 193 1253; x_wconf 84' lang='lat' dir='ltr'><strong>iu</strong></span> <span class='ocrx_word' id='word_1_107' title='bbox 221 1185 361 1266; x_wconf 84' lang='lat' dir='ltr'><strong>proximis</strong></span> <span class='ocrx_word' id='word_1_108' title='bbox 390 1183 484 1246; x_wconf 88' lang='lat' dir='ltr'><strong>literis</strong></span> <span class='ocrx_word' id='word_1_109' title='bbox 513 1182 551 1243; x_wconf 89' lang='lat' dir='ltr'><strong>de</strong></span> <span class='ocrx_word' id='word_1_110' title='bbox 577 1182 743 1262; x_wconf 87' lang='lat' dir='ltr'><strong>quadrante</strong></span> <span class='ocrx_word' id='word_1_111' title='bbox 765 1183 888 1245; x_wconf 83' lang='lat' dir='ltr'><strong>lixarum</strong></span> <span class='ocrx_word' id='word_1_112' title='bbox 913 1181 1043 1248; x_wconf 88' lang='lat' dir='ltr'><strong>ambitus</strong></span> <span class='ocrx_word' id='word_1_113' title='bbox 1066 1187 1172 1248; x_wconf 91' lang='lat' dir='ltr'><strong>mundo</strong></span> <span class='ocrx_word' id='word_1_114' title='bbox 1197 1186 1378 1266; x_wconf 87' lang='lat' dir='ltr'><strong>invergendo</strong></span> <span class='ocrx_word' id='word_1_115' title='bbox 1403 1207 1512 1250; x_wconf 89' lang='lat' dir='ltr'><strong>versus</strong></span> 
     </span>
     <span class='ocr_line' id='line_1_12' title="bbox 163 1264 1514 1354; baseline 0.001 -18"><span class='ocrx_word' id='word_1_116' title='bbox 163 1274 274 1343; x_wconf 86' lang='lat' dir='ltr'><strong>Solem.</strong></span> <span class='ocrx_word' id='word_1_117' title='bbox 319 1273 386 1352; x_wconf 87' lang='lat' dir='ltr'><strong>Ego</strong></span> <span class='ocrx_word' id='word_1_118' title='bbox 415 1279 496 1334; x_wconf 90' lang='lat' dir='ltr'><strong>certe</strong></span> <span class='ocrx_word' id='word_1_119' title='bbox 525 1264 683 1332; x_wconf 81' lang='lat' dir='ltr'><strong>artificiose</strong></span> <span class='ocrx_word' id='word_1_120' title='bbox 712 1290 758 1332; x_wconf 90' lang='lat' dir='ltr'><strong>me</strong></span> <span class='ocrx_word' id='word_1_121' title='bbox 786 1272 882 1351; x_wconf 86' lang='lat' dir='ltr'><strong>ipsum</strong></span> <span class='ocrx_word' id='word_1_122' title='bbox 912 1271 1028 1351; x_wconf 89' lang='lat' dir='ltr'><strong>decepi,</strong></span> <span class='ocrx_word' id='word_1_123' title='bbox 1057 1282 1089 1335; x_wconf 90' lang='lat' dir='ltr'><strong>et</strong></span> <span class='ocrx_word' id='word_1_124' title='bbox 1111 1274 1218 1337; x_wconf 88' lang='lat' dir='ltr'><strong>misere</strong></span> <span class='ocrx_word' id='word_1_125' title='bbox 1243 1275 1369 1354; x_wconf 91' lang='lat' dir='ltr'><strong>quidem.</strong></span> <span class='ocrx_word' id='word_1_126' title='bbox 1417 1277 1514 1338; x_wconf 86' lang='lat' dir='ltr'><strong>Nulla</strong></span> 
     </span>
     <span class='ocr_line' id='line_1_13' title="bbox 163 1359 1513 1444; baseline 0.001 -20"><span class='ocrx_word' id='word_1_127' title='bbox 163 1382 291 1443; x_wconf 89' lang='lat' dir='ltr'><strong>nuquam</strong></span> <span class='ocrx_word' id='word_1_128' title='bbox 313 1360 472 1424; x_wconf 84' lang='lat' dir='ltr'><strong>calculatio</strong></span> <span class='ocrx_word' id='word_1_129' title='bbox 495 1361 562 1440; x_wconf 93' lang='lat' dir='ltr'><strong>plus</strong></span> <span class='ocrx_word' id='word_1_130' title='bbox 585 1359 728 1439; x_wconf 90' lang='lat' dir='ltr'><strong>temporis</strong></span> <span class='ocrx_word' id='word_1_131' title='bbox 753 1360 918 1439; x_wconf 86' lang='lat' dir='ltr'><strong>occupavit,</strong></span> <span class='ocrx_word' id='word_1_132' title='bbox 942 1360 1009 1439; x_wconf 87' lang='lat' dir='ltr'><strong>plus</strong></span> <span class='ocrx_word' id='word_1_133' title='bbox 1033 1361 1189 1440; x_wconf 86' lang='lat' dir='ltr'><strong>spirituum</strong></span> <span class='ocrx_word' id='word_1_134' title='bbox 1211 1365 1323 1437; x_wconf 88' lang='lat' dir='ltr'><strong>hausit,</strong></span> <span class='ocrx_word' id='word_1_135' title='bbox 1349 1384 1439 1444; x_wconf 91' lang='lat' dir='ltr'><strong>quam</strong></span> <span class='ocrx_word' id='word_1_136' title='bbox 1456 1365 1513 1427; x_wconf 88' lang='lat' dir='ltr'><strong>illa</strong></span> 
     </span>
     <span class='ocr_line' id='line_1_14' title="bbox 164 1448 1510 1533; baseline 0.001 -19"><span class='ocrx_word' id='word_1_137' title='bbox 164 1453 230 1532; x_wconf 87' lang='lat' dir='ltr'><strong>ipsa</strong></span> <span class='ocrx_word' id='word_1_138' title='bbox 248 1460 310 1512; x_wconf 89' lang='lat' dir='ltr'><strong>tam</strong></span> <span class='ocrx_word' id='word_1_139' title='bbox 334 1470 412 1510; x_wconf 88' lang='lat' dir='ltr'><strong>vana</strong></span> <span class='ocrx_word' id='word_1_140' title='bbox 435 1459 555 1529; x_wconf 89' lang='lat' dir='ltr'><strong>tamque</strong></span> <span class='ocrx_word' id='word_1_141' title='bbox 579 1448 758 1509; x_wconf 85' lang='lat' dir='ltr'><strong>frustranea.</strong></span> <span class='ocrx_word' id='word_1_142' title='bbox 804 1448 846 1510; x_wconf 85' lang='lat' dir='ltr'><strong>Et</strong></span> <span class='ocrx_word' id='word_1_143' title='bbox 868 1458 969 1509; x_wconf 90' lang='lat' dir='ltr'><strong>tamen</strong></span> <span class='ocrx_word' id='word_1_144' title='bbox 993 1448 1121 1512; x_wconf 87' lang='lat' dir='ltr'><strong>fortasse</strong></span> <span class='ocrx_word' id='word_1_145' title='bbox 1145 1453 1241 1514; x_wconf 88' lang='lat' dir='ltr'><strong>simile</strong></span> <span class='ocrx_word' id='word_1_146' title='bbox 1261 1453 1404 1533; x_wconf 90' lang='lat' dir='ltr'><strong>quiddam</strong></span> <span class='ocrx_word' id='word_1_147' title='bbox 1418 1456 1510 1528; x_wconf 79' lang='lat' dir='ltr'><strong>inest,</strong></span> 
     </span>
     <span class='ocr_line' id='line_1_15' title="bbox 100 1534 1509 1622; baseline 0.001 -19"><span class='ocrx_word' id='word_1_148' title='bbox 100 1571 104 1580; x_wconf 96' lang='lat'>·</span> <span class='ocrx_word' id='word_1_149' title='bbox 164 1541 242 1622; x_wconf 90' lang='lat' dir='ltr'><strong>quod</strong></span> <span class='ocrx_word' id='word_1_150' title='bbox 265 1558 320 1620; x_wconf 88' lang='lat' dir='ltr'><strong>ego</strong></span> <span class='ocrx_word' id='word_1_151' title='bbox 344 1547 465 1602; x_wconf 89' lang='lat' dir='ltr'><strong>secutus</strong></span> <span class='ocrx_word' id='word_1_152' title='bbox 488 1556 562 1599; x_wconf 92' lang='lat' dir='ltr'><strong>snm.</strong></span> <span class='ocrx_word' id='word_1_153' title='bbox 609 1534 671 1599; x_wconf 82' lang='lat' dir='ltr'><strong>Sed</strong></span> <span class='ocrx_word' id='word_1_154' title='bbox 695 1546 762 1598; x_wconf 89' lang='lat' dir='ltr'><strong>utut</strong></span> <span class='ocrx_word' id='word_1_155' title='bbox 785 1538 866 1612; x_wconf 90' lang='lat' dir='ltr'><strong>insit,</strong></span> <span class='ocrx_word' id='word_1_156' title='bbox 891 1537 1002 1599; x_wconf 91' lang='lat' dir='ltr'><strong>accidit</strong></span> <span class='ocrx_word' id='word_1_157' title='bbox 1024 1541 1131 1601; x_wconf 91' lang='lat' dir='ltr'><strong>mundo</strong></span> <span class='ocrx_word' id='word_1_158' title='bbox 1156 1550 1187 1601; x_wconf 91' lang='lat' dir='ltr'><strong>et</strong></span> <span class='ocrx_word' id='word_1_159' title='bbox 1205 1542 1351 1603; x_wconf 88' lang='lat' dir='ltr'><strong>creatoris</strong></span> <span class='ocrx_word' id='word_1_160' title='bbox 1370 1543 1509 1617; x_wconf 89' lang='lat' dir='ltr'><strong>consilio,</strong></span> 
     </span>
     <span class='ocr_line' id='line_1_16' title="bbox 163 1625 1511 1712; baseline 0.001 -20"><span class='ocrx_word' id='word_1_161' title='bbox 163 1631 227 1692; x_wconf 89' lang='lat' dir='ltr'><strong>sive</strong></span> <span class='ocrx_word' id='word_1_162' title='bbox 250 1629 309 1710; x_wconf 77' lang='lat' dir='ltr'><strong>ipsi</strong></span> <span class='ocrx_word' id='word_1_163' title='bbox 332 1625 582 1701; x_wconf 80' lang='lat' dir='ltr'><strong>naturaeSolis,</strong></span> <span class='ocrx_word' id='word_1_164' title='bbox 606 1645 673 1687; x_wconf 89' lang='lat' dir='ltr'><strong>cum</strong></span> <span class='ocrx_word' id='word_1_165' title='bbox 696 1626 805 1687; x_wconf 88' lang='lat' dir='ltr'><strong>nullam</strong></span> <span class='ocrx_word' id='word_1_166' title='bbox 828 1626 941 1688; x_wconf 86' lang='lat' dir='ltr'><strong>habeat</strong></span> <span class='ocrx_word' id='word_1_167' title='bbox 963 1645 1103 1689; x_wconf 87' lang='lat' dir='ltr'><strong>cansam:</strong></span> <span class='ocrx_word' id='word_1_168' title='bbox 1128 1629 1180 1689; x_wconf 90' lang='lat' dir='ltr'><strong>sed</strong></span> <span class='ocrx_word' id='word_1_169' title='bbox 1195 1649 1231 1691; x_wconf 90' lang='lat' dir='ltr'><strong>ne</strong></span> <span class='ocrx_word' id='word_1_170' title='bbox 1247 1628 1408 1693; x_wconf 90' lang='lat' dir='ltr'><strong>verisimile</strong></span> <span class='ocrx_word' id='word_1_171' title='bbox 1423 1633 1511 1712; x_wconf 90' lang='lat' dir='ltr'><strong>quic·</strong></span> 
     </span>
     <span class='ocr_line' id='line_1_17' title="bbox 163 1714 1511 1800; baseline 0.001 -20"><span class='ocrx_word' id='word_1_172' title='bbox 163 1738 250 1800; x_wconf 91' lang='lat' dir='ltr'><strong>qnam</strong></span> <span class='ocrx_word' id='word_1_173' title='bbox 281 1726 402 1797; x_wconf 89' lang='lat' dir='ltr'><strong>praeter</strong></span> <span class='ocrx_word' id='word_1_174' title='bbox 432 1714 683 1795; x_wconf 90' lang='lat' dir='ltr'><strong>pulchritudinem</strong></span> <span class='ocrx_word' id='word_1_175' title='bbox 715 1715 807 1776; x_wconf 87' lang='lat' dir='ltr'><strong>stulte</strong></span> <span class='ocrx_word' id='word_1_176' title='bbox 839 1714 981 1777; x_wconf 90' lang='lat' dir='ltr'><strong>creditam</strong></span> <span class='ocrx_word' id='word_1_177' title='bbox 1020 1726 1053 1777; x_wconf 87' lang='lat' dir='ltr'><strong>et</strong></span> <span class='ocrx_word' id='word_1_178' title='bbox 1083 1717 1191 1797; x_wconf 85' lang='lat' dir='ltr'><strong>qnietis</strong></span> <span class='ocrx_word' id='word_1_179' title='bbox 1219 1719 1343 1786; x_wconf 83' lang='lat' dir='ltr'><strong>fixarum</strong></span> <span class='ocrx_word' id='word_1_180' title='bbox 1376 1740 1511 1783; x_wconf 89' lang='lat' dir='ltr'><strong>cansam.</strong></span> 
     </span>
     <span class='ocr_line' id='line_1_18' title="bbox 162 1803 1509 1888; baseline 0.001 -18"><span class='ocrx_word' id='word_1_181' title='bbox 162 1808 275 1870; x_wconf 88' lang='lat' dir='ltr'><strong>Verum</strong></span> <span class='ocrx_word' id='word_1_182' title='bbox 299 1823 524 1885; x_wconf 87' lang='lat' dir='ltr'><strong>supervacanea</strong></span> <span class='ocrx_word' id='word_1_183' title='bbox 547 1812 595 1865; x_wconf 88' lang='lat' dir='ltr'><strong>est</strong></span> <span class='ocrx_word' id='word_1_184' title='bbox 618 1822 709 1864; x_wconf 90' lang='lat' dir='ltr'><strong>causa</strong></span> <span class='ocrx_word' id='word_1_185' title='bbox 732 1803 801 1878; x_wconf 88' lang='lat' dir='ltr'><strong>illa,</strong></span> <span class='ocrx_word' id='word_1_186' title='bbox 836 1823 900 1865; x_wconf 91' lang='lat' dir='ltr'><strong>cum</strong></span> <span class='ocrx_word' id='word_1_187' title='bbox 932 1805 992 1865; x_wconf 88' lang='lat' dir='ltr'><strong>alia</strong></span> <span class='ocrx_word' id='word_1_188' title='bbox 1024 1807 1064 1867; x_wconf 90' lang='lat' dir='ltr'><strong>sit</strong></span> <span class='ocrx_word' id='word_1_189' title='bbox 1089 1807 1182 1869; x_wconf 92' lang='lat' dir='ltr'><strong>multo</strong></span> <span class='ocrx_word' id='word_1_190' title='bbox 1205 1807 1302 1888; x_wconf 87' lang='lat' dir='ltr'><strong>magis</strong></span> <span class='ocrx_word' id='word_1_191' title='bbox 1325 1810 1509 1872; x_wconf 89' lang='lat' dir='ltr'><strong>necessaria.</strong></span> 
     </span>
     <span class='ocr_line' id='line_1_19' title="bbox 161 1892 1510 1973; baseline 0.001 -14"><span class='ocrx_word' id='word_1_192' title='bbox 161 1898 239 1960; x_wconf 80' lang='lat' dir='ltr'><strong>Nam</strong></span> <span class='ocrx_word' id='word_1_193' title='bbox 264 1897 321 1957; x_wconf 88' lang='lat' dir='ltr'><strong>etsi</strong></span> <span class='ocrx_word' id='word_1_194' title='bbox 346 1895 455 1973; x_wconf 89' lang='lat' dir='ltr'><strong>exigua</strong></span> <span class='ocrx_word' id='word_1_195' title='bbox 478 1894 578 1972; x_wconf 91' lang='lat' dir='ltr'><strong>aliqua</strong></span> <span class='ocrx_word' id='word_1_196' title='bbox 603 1892 696 1952; x_wconf 89' lang='lat' dir='ltr'><strong>virtus</strong></span> <span class='ocrx_word' id='word_1_197' title='bbox 720 1911 842 1965; x_wconf 86' lang='lat' dir='ltr'><strong>movens</strong></span> <span class='ocrx_word' id='word_1_198' title='bbox 866 1893 907 1953; x_wconf 92' lang='lat' dir='ltr'><strong>sit</strong></span> <span class='ocrx_word' id='word_1_199' title='bbox 929 1912 1019 1973; x_wconf 89' lang='lat' dir='ltr'><strong>prope</strong></span> <span class='ocrx_word' id='word_1_200' title='bbox 1043 1895 1135 1970; x_wconf 86' lang='lat' dir='ltr'><strong>fixas,</strong></span> <span class='ocrx_word' id='word_1_201' title='bbox 1160 1916 1217 1957; x_wconf 93' lang='lat' dir='ltr'><strong>non</strong></span> <span class='ocrx_word' id='word_1_202' title='bbox 1242 1907 1342 1958; x_wconf 89' lang='lat' dir='ltr'><strong>movet</strong></span> <span class='ocrx_word' id='word_1_203' title='bbox 1365 1898 1436 1960; x_wconf 88' lang='lat' dir='ltr'><strong>illas</strong></span> <span class='ocrx_word' id='word_1_204' title='bbox 1458 1908 1510 1960; x_wconf 91' lang='lat' dir='ltr'><strong>ta-</strong></span> 
     </span>
     <span class='ocr_line' id='line_1_20' title="bbox 162 1973 1510 2068; baseline 0 -19"><span class='ocrx_word' id='word_1_205' title='bbox 162 2005 240 2061; x_wconf 90' lang='lat' dir='ltr'><strong>men,</strong></span> <span class='ocrx_word' id='word_1_206' title='bbox 267 1985 336 2065; x_wconf 90' lang='lat' dir='ltr'><strong>qnia</strong></span> <span class='ocrx_word' id='word_1_207' title='bbox 359 2002 417 2044; x_wconf 91' lang='lat' dir='ltr'><strong>non</strong></span> <span class='ocrx_word' id='word_1_208' title='bbox 443 1973 512 2043; x_wconf 77' lang='lat' dir='ltr'><strong>suist</strong></span> <span class='ocrx_word' id='word_1_209' title='bbox 534 1982 562 2042; x_wconf 90' lang='lat' dir='ltr'><strong>in</strong></span> <span class='ocrx_word' id='word_1_210' title='bbox 587 1981 662 2041; x_wconf 88' lang='lat' dir='ltr'><strong>loco.</strong></span> <span class='ocrx_word' id='word_1_211' title='bbox 708 1981 787 2043; x_wconf 77' lang='lat' dir='ltr'><strong>liam</strong></span> <span class='ocrx_word' id='word_1_212' title='bbox 811 1982 892 2042; x_wconf 91' lang='lat' dir='ltr'><strong>locus</strong></span> <span class='ocrx_word' id='word_1_213' title='bbox 916 2001 953 2043; x_wconf 89' lang='lat' dir='ltr'><strong>ex</strong></span> <span class='ocrx_word' id='word_1_214' title='bbox 976 1981 1021 2044; x_wconf 91' lang='lat' dir='ltr'><strong>his</strong></span> <span class='ocrx_word' id='word_1_215' title='bbox 1044 1983 1196 2063; x_wconf 89' lang='lat' dir='ltr'><strong>principiis</strong></span> <span class='ocrx_word' id='word_1_216' title='bbox 1218 1987 1257 2047; x_wconf 88' lang='lat' dir='ltr'><strong>ad</strong></span> <span class='ocrx_word' id='word_1_217' title='bbox 1279 1996 1392 2048; x_wconf 90' lang='lat' dir='ltr'><strong>motum</strong></span> <span class='ocrx_word' id='word_1_218' title='bbox 1408 1988 1510 2068; x_wconf 89' lang='lat' dir='ltr'><strong>requi·</strong></span> 
     </span>
     <span class='ocr_line' id='line_1_21' title="bbox 162 2068 1508 2154; baseline 0.001 -17"><span class='ocrx_word' id='word_1_219' title='bbox 162 2075 254 2137; x_wconf 89' lang='lat' dir='ltr'><strong>ritur:</strong></span> <span class='ocrx_word' id='word_1_220' title='bbox 271 2099 273 2102; x_wconf 47' lang='lat'>&gt;</span> <span class='ocrx_word' id='word_1_221' title='bbox 292 2074 353 2133; x_wconf 88' lang='lat' dir='ltr'><strong>tale</strong></span> <span class='ocrx_word' id='word_1_222' title='bbox 378 2089 482 2149; x_wconf 89' lang='lat' dir='ltr'><strong>nempe</strong></span> <span class='ocrx_word' id='word_1_223' title='bbox 507 2069 585 2148; x_wconf 90' lang='lat' dir='ltr'><strong>qnid,</strong></span> <span class='ocrx_word' id='word_1_224' title='bbox 611 2068 639 2129; x_wconf 93' lang='lat' dir='ltr'><strong>in</strong></span> <span class='ocrx_word' id='word_1_225' title='bbox 664 2088 720 2148; x_wconf 93' lang='lat' dir='ltr'><strong>quo</strong></span> <span class='ocrx_word' id='word_1_226' title='bbox 744 2071 838 2132; x_wconf 86' lang='lat' dir='ltr'><strong>virtus</strong></span> <span class='ocrx_word' id='word_1_227' title='bbox 863 2069 974 2154; x_wconf 77' lang='lat' dir='ltr'><strong>a,Sole</strong></span> <span class='ocrx_word' id='word_1_228' title='bbox 999 2089 1152 2150; x_wconf 84' lang='lat' dir='ltr'><strong>emergens</strong></span> <span class='ocrx_word' id='word_1_229' title='bbox 1175 2075 1289 2136; x_wconf 89' lang='lat' dir='ltr'><strong>nitatur</strong></span> <span class='ocrx_word' id='word_1_230' title='bbox 1312 2083 1343 2137; x_wconf 90' lang='lat' dir='ltr'><strong>et</strong></span> <span class='ocrx_word' id='word_1_231' title='bbox 1367 2077 1508 2139; x_wconf 87' lang='lat' dir='ltr'><strong>reflecta-</strong></span> 
     </span>
     <span class='ocr_line' id='line_1_22' title="bbox 162 2157 1511 2245; baseline 0.002 -21"><span class='ocrx_word' id='word_1_232' title='bbox 162 2174 220 2225; x_wconf 91' lang='lat' dir='ltr'><strong>tnr.</strong></span> <span class='ocrx_word' id='word_1_233' title='bbox 246 2162 289 2235; x_wconf 86' lang='lat' dir='ltr'><strong>(in</strong></span> <span class='ocrx_word' id='word_1_234' title='bbox 313 2160 469 2238; x_wconf 80' lang='lat' dir='ltr'><strong>margine:</strong></span> <span class='ocrx_word' id='word_1_235' title='bbox 493 2158 623 2219; x_wconf 81' lang='lat' dir='ltr'><strong>Axioma</strong></span> <span class='ocrx_word' id='word_1_236' title='bbox 646 2157 861 2221; x_wconf 89' lang='lat' dir='ltr'><strong>divinissimum</strong></span> <span class='ocrx_word' id='word_1_237' title='bbox 883 2159 1042 2221; x_wconf 90' lang='lat' dir='ltr'><strong>valiturum</strong></span> <span class='ocrx_word' id='word_1_238' title='bbox 1065 2178 1119 2240; x_wconf 89' lang='lat' dir='ltr'><strong>per</strong></span> <span class='ocrx_word' id='word_1_239' title='bbox 1146 2181 1248 2236; x_wconf 86' lang='lat' dir='ltr'><strong>omnes</strong></span> <span class='ocrx_word' id='word_1_240' title='bbox 1280 2164 1426 2227; x_wconf 90' lang='lat' dir='ltr'><strong>scientias</strong></span> <span class='ocrx_word' id='word_1_241' title='bbox 1455 2184 1511 2245; x_wconf 87' lang='lat' dir='ltr'><strong>ego</strong></span> 
     </span>
     <span class='ocr_line' id='line_1_23' title="bbox 161 2244 1510 2334; baseline 0.003 -21"><span class='ocrx_word' id='word_1_242' title='bbox 161 2252 226 2331; x_wconf 90' lang='lat' dir='ltr'><strong>jam</strong></span> <span class='ocrx_word' id='word_1_243' title='bbox 250 2250 347 2312; x_wconf 90' lang='lat' dir='ltr'><strong>animo</strong></span> <span class='ocrx_word' id='word_1_244' title='bbox 371 2248 525 2326; x_wconf 87' lang='lat' dir='ltr'><strong>suspicor:</strong></span> <span class='ocrx_word' id='word_1_245' title='bbox 548 2266 592 2308; x_wconf 89' lang='lat' dir='ltr'><strong>sc.</strong></span> <span class='ocrx_word' id='word_1_246' title='bbox 618 2244 801 2326; x_wconf 80' lang='lat' dir='ltr'><strong>Quidquid</strong></span> <span class='ocrx_word' id='word_1_247' title='bbox 825 2249 1013 2309; x_wconf 88' lang='lat' dir='ltr'><strong>constanti</strong></span> <span class='ocrx_word' id='word_1_248' title='bbox 1038 2250 1152 2311; x_wconf 90' lang='lat' dir='ltr'><strong>utitur</strong></span> <span class='ocrx_word' id='word_1_249' title='bbox 1174 2271 1319 2314; x_wconf 92' lang='lat' dir='ltr'><strong>numero</strong></span> <span class='ocrx_word' id='word_1_250' title='bbox 1343 2253 1379 2314; x_wconf 94' lang='lat' dir='ltr'><strong>in</strong></span> <span class='ocrx_word' id='word_1_251' title='bbox 1403 2257 1510 2334; x_wconf 86' lang='lat' dir='ltr'><strong>coelo</strong></span> 
     </span>
     <span class='ocr_line' id='line_1_24' title="bbox 163 2332 1510 2416; baseline 0.004 -17"><span class='ocrx_word' id='word_1_252' title='bbox 163 2341 223 2402; x_wconf 89' lang='lat' dir='ltr'><strong>vel</strong></span> <span class='ocrx_word' id='word_1_253' title='bbox 243 2340 373 2414; x_wconf 76' lang='lat' dir='ltr'><strong>Terra,</strong></span> <span class='ocrx_word' id='word_1_254' title='bbox 398 2336 637 2416; x_wconf 78' lang='lat' dir='ltr'><strong>ejusnnmeri</strong></span> <span class='ocrx_word' id='word_1_255' title='bbox 660 2332 759 2397; x_wconf 91' lang='lat' dir='ltr'><strong>ratio</strong></span> <span class='ocrx_word' id='word_1_256' title='bbox 784 2338 838 2397; x_wconf 85' lang='lat' dir='ltr'><strong>vel</strong></span> <span class='ocrx_word' id='word_1_257' title='bbox 861 2337 1019 2399; x_wconf 89' lang='lat' dir='ltr'><strong>mediate</strong></span> <span class='ocrx_word' id='word_1_258' title='bbox 1042 2341 1102 2401; x_wconf 88' lang='lat' dir='ltr'><strong>vel</strong></span> <span class='ocrx_word' id='word_1_259' title='bbox 1125 2339 1340 2403; x_wconf 89' lang='lat' dir='ltr'><strong>immediate</strong></span> <span class='ocrx_word' id='word_1_260' title='bbox 1360 2341 1413 2405; x_wconf 73' lang='lat' dir='ltr'><strong>ab</strong></span> <span class='ocrx_word' id='word_1_261' title='bbox 1430 2362 1510 2405; x_wconf 87' lang='lat' dir='ltr'><strong>uor-</strong></span> 
     </span>
     <span class='ocr_line' id='line_1_25' title="bbox 161 2424 1514 2509; baseline 0.001 -18"><span class='ocrx_word' id='word_1_262' title='bbox 161 2428 312 2509; x_wconf 91' lang='lat' dir='ltr'><strong>poribus</strong></span> <span class='ocrx_word' id='word_1_263' title='bbox 337 2425 559 2496; x_wconf 89' lang='lat' dir='ltr'><strong>deducenda.</strong></span> <span class='ocrx_word' id='word_1_264' title='bbox 606 2424 699 2487; x_wconf 93' lang='lat' dir='ltr'><strong>Utin</strong></span> <span class='ocrx_word' id='word_1_265' title='bbox 723 2444 794 2486; x_wconf 88' lang='lat' dir='ltr'><strong>rosa</strong></span> <span class='ocrx_word' id='word_1_266' title='bbox 817 2425 942 2505; x_wconf 91' lang='lat' dir='ltr'><strong>quinque</strong></span> <span class='ocrx_word' id='word_1_267' title='bbox 966 2428 1267 2504; x_wconf 68' lang='lat' dir='ltr'><strong>concitauerat).</strong></span> <span class='ocrx_word' id='word_1_268' title='bbox 1312 2431 1397 2493; x_wconf 89' lang='lat' dir='ltr'><strong>Haec</strong></span> <span class='ocrx_word' id='word_1_269' title='bbox 1412 2432 1514 2495; x_wconf 91' lang='lat' dir='ltr'><strong>omnia</strong></span> 
     </span>
     <span class='ocr_line' id='line_1_26' title="bbox 161 2512 1511 2599; baseline 0.002 -19"><span class='ocrx_word' id='word_1_270' title='bbox 161 2517 274 2598; x_wconf 91' lang='lat' dir='ltr'><strong>poterit</strong></span> <span class='ocrx_word' id='word_1_271' title='bbox 296 2516 334 2577; x_wconf 91' lang='lat' dir='ltr'><strong>D.</strong></span> <span class='ocrx_word' id='word_1_272' title='bbox 359 2523 536 2599; x_wconf 89' lang='lat' dir='ltr'><strong>praeceptor</strong></span> <span class='ocrx_word' id='word_1_273' title='bbox 559 2532 647 2575; x_wconf 89' lang='lat' dir='ltr'><strong>mann</strong></span> <span class='ocrx_word' id='word_1_274' title='bbox 670 2512 882 2576; x_wconf 83' lang='lat' dir='ltr'><strong>Emdschochii</strong></span> <span class='ocrx_word' id='word_1_275' title='bbox 906 2513 1058 2593; x_wconf 89' lang='lat' dir='ltr'><strong>descripta</strong></span> <span class='ocrx_word' id='word_1_276' title='bbox 1085 2517 1176 2579; x_wconf 87' lang='lat' dir='ltr'><strong>etiam</strong></span> <span class='ocrx_word' id='word_1_277' title='bbox 1209 2519 1248 2580; x_wconf 87' lang='lat' dir='ltr'><strong>ad</strong></span> <span class='ocrx_word' id='word_1_278' title='bbox 1279 2519 1356 2581; x_wconf 89' lang='lat' dir='ltr'><strong>alios</strong></span> <span class='ocrx_word' id='word_1_279' title='bbox 1388 2521 1511 2584; x_wconf 89' lang='lat' dir='ltr'><strong>mittere</strong></span> 
     </span>
     <span class='ocr_line' id='line_1_27' title="bbox 163 2602 1511 2691; baseline 0.003 -23"><span class='ocrx_word' id='word_1_280' title='bbox 163 2618 194 2668; x_wconf 89' lang='lat' dir='ltr'><strong>et</strong></span> <span class='ocrx_word' id='word_1_281' title='bbox 215 2606 376 2691; x_wconf 67' lang='lat' dir='ltr'><strong>‚praecipue</strong></span> <span class='ocrx_word' id='word_1_282' title='bbox 397 2604 435 2664; x_wconf 93' lang='lat' dir='ltr'><strong>ad</strong></span> <span class='ocrx_word' id='word_1_283' title='bbox 458 2602 633 2665; x_wconf 72' lang='lat' dir='ltr'><strong>Rbslinumt</strong></span> <span class='ocrx_word' id='word_1_284' title='bbox 658 2603 707 2683; x_wconf 92' lang='lat' dir='ltr'><strong>qui</strong></span> <span class='ocrx_word' id='word_1_285' title='bbox 730 2602 831 2684; x_wconf 91' lang='lat' dir='ltr'><strong>procul</strong></span> <span class='ocrx_word' id='word_1_286' title='bbox 855 2603 943 2664; x_wconf 92' lang='lat' dir='ltr'><strong>dnbio</strong></span> <span class='ocrx_word' id='word_1_287' title='bbox 962 2604 1025 2683; x_wconf 89' lang='lat' dir='ltr'><strong>jam</strong></span> <span class='ocrx_word' id='word_1_288' title='bbox 1047 2623 1136 2683; x_wconf 89' lang='lat' dir='ltr'><strong>porro</strong></span> <span class='ocrx_word' id='word_1_289' title='bbox 1159 2607 1282 2669; x_wconf 90' lang='lat' dir='ltr'><strong>fatiscet</strong></span> <span class='ocrx_word' id='word_1_290' title='bbox 1305 2609 1359 2670; x_wconf 90' lang='lat' dir='ltr'><strong>sub</strong></span> <span class='ocrx_word' id='word_1_291' title='bbox 1378 2610 1511 2688; x_wconf 86' lang='lat' dir='ltr'><strong>pondere</strong></span> 
     </span>
     <span class='ocr_line' id='line_1_28' title="bbox 163 2691 1510 2771; baseline 0.002 -14"><span class='ocrx_word' id='word_1_292' title='bbox 163 2697 214 2759; x_wconf 90' lang='lat' dir='ltr'><strong>illo</strong></span> <span class='ocrx_word' id='word_1_293' title='bbox 239 2694 332 2756; x_wconf 88' lang='lat' dir='ltr'><strong>totins</strong></span> <span class='ocrx_word' id='word_1_294' title='bbox 355 2693 429 2754; x_wconf 90' lang='lat' dir='ltr'><strong>coeli</strong></span> <span class='ocrx_word' id='word_1_295' title='bbox 454 2691 621 2753; x_wconf 89' lang='lat' dir='ltr'><strong>ecceutrioi.</strong></span> <span class='ocrx_word' id='word_1_296' title='bbox 667 2692 767 2755; x_wconf 84' lang='lat' dir='ltr'><strong>Etiam</strong></span> <span class='ocrx_word' id='word_1_297' title='bbox 799 2692 828 2753; x_wconf 90' lang='lat' dir='ltr'><strong>in</strong></span> <span class='ocrx_word' id='word_1_298' title='bbox 852 2691 908 2753; x_wconf 93' lang='lat' dir='ltr'><strong>hoc</strong></span> <span class='ocrx_word' id='word_1_299' title='bbox 931 2693 1001 2754; x_wconf 89' lang='lat' dir='ltr'><strong>mihi</strong></span> <span class='ocrx_word' id='word_1_300' title='bbox 1022 2695 1258 2771; x_wconf 86' lang='lat' dir='ltr'><strong>gratificaretur,</strong></span> <span class='ocrx_word' id='word_1_301' title='bbox 1291 2697 1317 2759; x_wconf 89' lang='lat' dir='ltr'><strong>si</strong></span> <span class='ocrx_word' id='word_1_302' title='bbox 1340 2697 1510 2760; x_wconf 87' lang='lat' dir='ltr'><strong>Hohanlel-</strong></span> 
     </span>
     <span class='ocr_line' id='line_1_29' title="bbox 163 2778 1510 2860; baseline 0.001 -12"><span class='ocrx_word' id='word_1_303' title='bbox 163 2786 225 2848; x_wconf 89' lang='lat' dir='ltr'><strong>deri</strong></span> <span class='ocrx_word' id='word_1_304' title='bbox 239 2778 266 2858; x_wconf 77' lang='lat'><strong>¹)</strong></span> <span class='ocrx_word' id='word_1_305' title='bbox 290 2791 325 2844; x_wconf 93' lang='lat' dir='ltr'><strong>ut</strong></span> <span class='ocrx_word' id='word_1_306' title='bbox 343 2781 466 2856; x_wconf 89' lang='lat' dir='ltr'><strong>nobiles,</strong></span> <span class='ocrx_word' id='word_1_307' title='bbox 491 2800 575 2842; x_wconf 89' lang='lat' dir='ltr'><strong>suam</strong></span> <span class='ocrx_word' id='word_1_308' title='bbox 598 2781 779 2842; x_wconf 89' lang='lat' dir='ltr'><strong>sententiam</strong></span> <span class='ocrx_word' id='word_1_309' title='bbox 804 2781 933 2842; x_wconf 87' lang='lat' dir='ltr'><strong>carruine</strong></span> <span class='ocrx_word' id='word_1_310' title='bbox 956 2781 1004 2842; x_wconf 89' lang='lat' dir='ltr'><strong>vel</strong></span> <span class='ocrx_word' id='word_1_311' title='bbox 1027 2800 1126 2860; x_wconf 85' lang='lat' dir='ltr'><strong>prosa,</strong></span> <span class='ocrx_word' id='word_1_312' title='bbox 1151 2793 1184 2846; x_wconf 92' lang='lat' dir='ltr'><strong>ut</strong></span> <span class='ocrx_word' id='word_1_313' title='bbox 1198 2786 1290 2859; x_wconf 90' lang='lat' dir='ltr'><strong>lubet,</strong></span> <span class='ocrx_word' id='word_1_314' title='bbox 1316 2784 1510 2850; x_wconf 87' lang='lat' dir='ltr'><strong>demonstra-</strong></span> 
     </span>
     <span class='ocr_line' id='line_1_30' title="bbox 162 2869 1512 2950; baseline 0.001 -13"><span class='ocrx_word' id='word_1_315' title='bbox 162 2884 237 2937; x_wconf 86' lang='lat' dir='ltr'><strong>rent.</strong></span> <span class='ocrx_word' id='word_1_316' title='bbox 286 2873 366 2935; x_wconf 92' lang='lat' dir='ltr'><strong>Nam</strong></span> <span class='ocrx_word' id='word_1_317' title='bbox 389 2871 432 2932; x_wconf 90' lang='lat' dir='ltr'><strong>illi</strong></span> <span class='ocrx_word' id='word_1_318' title='bbox 456 2870 540 2933; x_wconf 87' lang='lat' dir='ltr'><strong>liberi</strong></span> <span class='ocrx_word' id='word_1_319' title='bbox 571 2878 649 2931; x_wconf 88' lang='lat' dir='ltr'><strong>sunt.</strong></span> <span class='ocrx_word' id='word_1_320' title='bbox 696 2869 742 2930; x_wconf 88' lang='lat' dir='ltr'><strong>De</strong></span> <span class='ocrx_word' id='word_1_321' title='bbox 774 2869 842 2931; x_wconf 89' lang='lat' dir='ltr'><strong>aliis</strong></span> <span class='ocrx_word' id='word_1_322' title='bbox 872 2869 1044 2931; x_wconf 88' lang='lat' dir='ltr'><strong>academiae</strong></span> <span class='ocrx_word' id='word_1_323' title='bbox 1068 2871 1178 2950; x_wconf 83' lang='lat' dir='ltr'><strong>juratis</strong></span> <span class='ocrx_word' id='word_1_324' title='bbox 1201 2882 1321 2948; x_wconf 83' lang='lat' dir='ltr'><strong>metuo,</strong></span> <span class='ocrx_word' id='word_1_325' title='bbox 1354 2885 1389 2936; x_wconf 92' lang='lat' dir='ltr'><strong>ut</strong></span> <span class='ocrx_word' id='word_1_326' title='bbox 1416 2877 1512 2939; x_wconf 87' lang='lat' dir='ltr'><strong>velint</strong></span> 
     </span>
     <span class='ocr_line' id='line_1_31' title="bbox 72 2951 1512 3044; baseline 0.001 -18"><span class='ocrx_word' id='word_1_327' title='bbox 72 2988 74 2993; x_wconf 66' lang='grc'>’</span> <span class='ocrx_word' id='word_1_328' title='bbox 162 2951 274 3044; x_wconf 81' lang='lat' dir='ltr'><strong>aliquid</strong></span> <span class='ocrx_word' id='word_1_329' title='bbox 298 2969 402 3023; x_wconf 89' lang='lat' dir='ltr'><strong>contra</strong></span> <span class='ocrx_word' id='word_1_330' title='bbox 424 2967 576 3037; x_wconf 88' lang='lat' dir='ltr'><strong>receptam</strong></span> <span class='ocrx_word' id='word_1_331' title='bbox 599 2958 779 3019; x_wconf 88' lang='lat' dir='ltr'><strong>sententiam</strong></span> <span class='ocrx_word' id='word_1_332' title='bbox 803 2956 913 3036; x_wconf 85' lang='lat' dir='ltr'><strong>largiri.</strong></span> <span class='ocrx_word' id='word_1_333' title='bbox 961 2959 1021 3021; x_wconf 90' lang='lat' dir='ltr'><strong>Vel</strong></span> <span class='ocrx_word' id='word_1_334' title='bbox 1050 2960 1080 3020; x_wconf 92' lang='lat' dir='ltr'><strong>in</strong></span> <span class='ocrx_word' id='word_1_335' title='bbox 1104 2961 1304 3042; x_wconf 89' lang='lat' dir='ltr'><strong>disputatione</strong></span> <span class='ocrx_word' id='word_1_336' title='bbox 1329 2964 1366 3025; x_wconf 90' lang='lat' dir='ltr'><strong>de</strong></span> <span class='ocrx_word' id='word_1_337' title='bbox 1382 2965 1471 3028; x_wconf 90' lang='lat' dir='ltr'><strong>Luna</strong></span> <span class='ocrx_word' id='word_1_338' title='bbox 1493 2987 1512 3027; x_wconf 91' lang='lat' dir='ltr'><strong>a</strong></span> 
     </span>
     <span class='ocr_line' id='line_1_32' title="bbox 161 3047 1510 3131; baseline 0.001 -16"><span class='ocrx_word' id='word_1_339' title='bbox 161 3074 208 3116; x_wconf 89' lang='lat' dir='ltr'><strong>me</strong></span> <span class='ocrx_word' id='word_1_340' title='bbox 231 3050 402 3131; x_wconf 89' lang='lat' dir='ltr'><strong>conscripta</strong></span> <span class='ocrx_word' id='word_1_341' title='bbox 424 3049 480 3110; x_wconf 89' lang='lat' dir='ltr'><strong>hoc</strong></span> <span class='ocrx_word' id='word_1_342' title='bbox 503 3047 546 3109; x_wconf 91' lang='lat' dir='ltr'><strong>M.</strong></span> <span class='ocrx_word' id='word_1_343' title='bbox 572 3047 716 3108; x_wconf 82' lang='lat' dir='ltr'><strong>Miillerus</strong></span> <span class='ocrx_word' id='word_1_344' title='bbox 740 3047 972 3122; x_wconf 88' lang='lat' dir='ltr'><strong>demonstravit,</strong></span> <span class='ocrx_word' id='word_1_345' title='bbox 997 3068 1085 3128; x_wconf 92' lang='lat' dir='ltr'><strong>qnam</strong></span> <span class='ocrx_word' id='word_1_346' title='bbox 1108 3051 1219 3131; x_wconf 91' lang='lat' dir='ltr'><strong>alioqui</strong></span> <span class='ocrx_word' id='word_1_347' title='bbox 1241 3052 1418 3117; x_wconf 82' lang='lat' dir='ltr'><strong>defensurus</strong></span> <span class='ocrx_word' id='word_1_348' title='bbox 1443 3054 1510 3116; x_wconf 86' lang='lat' dir='ltr'><strong>fne-</strong></span> 
     </span>
     <span class='ocr_line' id='line_1_33' title="bbox 161 3133 1510 3223; baseline -0.001 -18"><span class='ocrx_word' id='word_1_349' title='bbox 161 3152 209 3206; x_wconf 90' lang='lat' dir='ltr'><strong>rat</strong></span> <span class='ocrx_word' id='word_1_350' title='bbox 233 3139 380 3203; x_wconf 88' lang='lat' dir='ltr'><strong>Besoldne</strong></span> <span class='ocrx_word' id='word_1_351' title='bbox 395 3133 431 3212; x_wconf 79' lang='lat'><strong>⁶).</strong></span> <span class='ocrx_word' id='word_1_352' title='bbox 478 3135 613 3216; x_wconf 88' lang='lat' dir='ltr'><strong>Denique</strong></span> <span class='ocrx_word' id='word_1_353' title='bbox 637 3135 673 3196; x_wconf 90' lang='lat' dir='ltr'><strong>de</strong></span> <span class='ocrx_word' id='word_1_354' title='bbox 696 3135 883 3216; x_wconf 82' lang='lat' dir='ltr'><strong>typographo</strong></span> <span class='ocrx_word' id='word_1_355' title='bbox 907 3144 989 3197; x_wconf 88' lang='lat' dir='ltr'><strong>tuam</strong></span> <span class='ocrx_word' id='word_1_356' title='bbox 1003 3140 1184 3201; x_wconf 88' lang='lat' dir='ltr'><strong>sententiam</strong></span> <span class='ocrx_word' id='word_1_357' title='bbox 1199 3141 1327 3210; x_wconf 86' lang='lat' dir='ltr'><strong>audiam,</strong></span> <span class='ocrx_word' id='word_1_358' title='bbox 1351 3162 1389 3203; x_wconf 93' lang='lat' dir='ltr'><strong>an</strong></span> <span class='ocrx_word' id='word_1_359' title='bbox 1406 3141 1510 3223; x_wconf 88' lang='lat' dir='ltr'><strong>Gmp-</strong></span> 
     </span>
     <span class='ocr_line' id='line_1_34' title="bbox 161 3228 1510 3313; baseline 0 -20"><span class='ocrx_word' id='word_1_360' title='bbox 161 3229 358 3313; x_wconf 89' lang='lat' dir='ltr'><strong>penbachinm</strong></span> <span class='ocrx_word' id='word_1_361' title='bbox 382 3235 578 3308; x_wconf 89' lang='lat' dir='ltr'><strong>opportunum</strong></span> <span class='ocrx_word' id='word_1_362' title='bbox 592 3234 623 3286; x_wconf 89' lang='lat' dir='ltr'><strong>et</strong></span> <span class='ocrx_word' id='word_1_363' title='bbox 636 3233 775 3303; x_wconf 89' lang='lat' dir='ltr'><strong>paratum</strong></span> <span class='ocrx_word' id='word_1_364' title='bbox 797 3233 945 3300; x_wconf 87' lang='lat' dir='ltr'><strong>censeres,</strong></span> <span class='ocrx_word' id='word_1_365' title='bbox 971 3245 1008 3287; x_wconf 92' lang='lat' dir='ltr'><strong>an</strong></span> <span class='ocrx_word' id='word_1_366' title='bbox 1027 3228 1255 3290; x_wconf 85' lang='lat' dir='ltr'><strong>Francollrrtum</strong></span> <span class='ocrx_word' id='word_1_367' title='bbox 1266 3231 1445 3294; x_wconf 88' lang='lat' dir='ltr'><strong>mittendum</strong></span> <span class='ocrx_word' id='word_1_368' title='bbox 1460 3233 1510 3308; x_wconf 90' lang='lat' dir='ltr'><strong>sit,</strong></span> 
     </span>
     <span class='ocr_line' id='line_1_35' title="bbox 160 3311 1510 3401; baseline -0.001 -17"><span class='ocrx_word' id='word_1_369' title='bbox 160 3329 193 3384; x_wconf 92' lang='lat' dir='ltr'><strong>et</strong></span> <span class='ocrx_word' id='word_1_370' title='bbox 215 3339 290 3401; x_wconf 86' lang='lat' dir='ltr'><strong>quae</strong></span> <span class='ocrx_word' id='word_1_371' title='bbox 314 3318 433 3378; x_wconf 86' lang='lat' dir='ltr'><strong>soleant</strong></span> <span class='ocrx_word' id='word_1_372' title='bbox 455 3314 522 3376; x_wconf 88' lang='lat' dir='ltr'><strong>iniri</strong></span> <span class='ocrx_word' id='word_1_373' title='bbox 537 3313 732 3376; x_wconf 88' lang='lat' dir='ltr'><strong>conditiones.</strong></span> <span class='ocrx_word' id='word_1_374' title='bbox 770 3313 846 3392; x_wconf 80' lang='lat' dir='ltr'><strong>Ego,</strong></span> <span class='ocrx_word' id='word_1_375' title='bbox 871 3316 982 3394; x_wconf 89' lang='lat' dir='ltr'><strong>optime</strong></span> <span class='ocrx_word' id='word_1_376' title='bbox 996 3311 1183 3397; x_wconf 82' lang='lat' dir='ltr'><strong>praeceptor,</strong></span> <span class='ocrx_word' id='word_1_377' title='bbox 1199 3337 1343 3399; x_wconf 92' lang='lat' dir='ltr'><strong>propero:</strong></span> <span class='ocrx_word' id='word_1_378' title='bbox 1369 3339 1429 3381; x_wconf 95' lang='lat' dir='ltr'><strong>non</strong></span> <span class='ocrx_word' id='word_1_379' title='bbox 1444 3341 1510 3383; x_wconf 93' lang='lat' dir='ltr'><strong>meo</strong></span> 
     </span>
     <span class='ocr_line' id='line_1_36' title="bbox 161 3402 1510 3492; baseline 0 -20"><span class='ocrx_word' id='word_1_380' title='bbox 161 3409 325 3472; x_wconf 89' lang='lat' dir='ltr'><strong>commodo.</strong></span> <span class='ocrx_word' id='word_1_381' title='bbox 371 3407 451 3469; x_wconf 89' lang='lat' dir='ltr'><strong>Nam</strong></span> <span class='ocrx_word' id='word_1_382' title='bbox 474 3404 548 3465; x_wconf 89' lang='lat' dir='ltr'><strong>haec</strong></span> <span class='ocrx_word' id='word_1_383' title='bbox 570 3402 620 3464; x_wconf 94' lang='lat' dir='ltr'><strong>nbi</strong></span> <span class='ocrx_word' id='word_1_384' title='bbox 643 3402 923 3481; x_wconf 87' lang='lat' dir='ltr'><strong>evulgatafnerint,</strong></span> <span class='ocrx_word' id='word_1_385' title='bbox 948 3405 998 3467; x_wconf 90' lang='lat' dir='ltr'><strong>alii</strong></span> <span class='ocrx_word' id='word_1_386' title='bbox 1019 3406 1120 3468; x_wconf 80' lang='lat' dir='ltr'><strong>forsan</strong></span> <span class='ocrx_word' id='word_1_387' title='bbox 1138 3405 1225 3487; x_wconf 91' lang='lat' dir='ltr'><strong>plura</strong></span> <span class='ocrx_word' id='word_1_388' title='bbox 1247 3408 1409 3483; x_wconf 79' lang='lat' dir='ltr'><strong>invenient,</strong></span> <span class='ocrx_word' id='word_1_389' title='bbox 1435 3429 1510 3492; x_wconf 91' lang='lat' dir='ltr'><strong>quae</strong></span> 
     </span>
     <span class='ocr_line' id='line_1_37' title="bbox 161 3490 1509 3580; baseline 0 -18"><span class='ocrx_word' id='word_1_390' title='bbox 161 3499 232 3562; x_wconf 90' lang='lat' dir='ltr'><strong>mihi</strong></span> <span class='ocrx_word' id='word_1_391' title='bbox 255 3497 420 3579; x_wconf 88' lang='lat' dir='ltr'><strong>potuissem</strong></span> <span class='ocrx_word' id='word_1_392' title='bbox 442 3511 608 3556; x_wconf 81' lang='lat' dir='ltr'><strong>reservare.</strong></span> <span class='ocrx_word' id='word_1_393' title='bbox 658 3490 719 3552; x_wconf 84' lang='lat' dir='ltr'><strong>Sed</strong></span> <span class='ocrx_word' id='word_1_394' title='bbox 743 3510 844 3553; x_wconf 88' lang='lat' dir='ltr'><strong>snmus</strong></span> <span class='ocrx_word' id='word_1_395' title='bbox 867 3511 968 3556; x_wconf 87' lang='lat' dir='ltr'><strong>omnes</strong></span> <span class='ocrx_word' id='word_1_396' title='bbox 993 3495 1039 3568; x_wconf 90' lang='lat' dir='ltr'><strong>(et</strong></span> <span class='ocrx_word' id='word_1_397' title='bbox 1062 3515 1117 3576; x_wconf 87' lang='lat' dir='ltr'><strong>ego</strong></span> <span class='ocrx_word' id='word_1_398' title='bbox 1141 3497 1332 3576; x_wconf 88' lang='lat' dir='ltr'><strong>praesertim)</strong></span> <span class='ocrx_word' id='word_1_399' title='bbox 1356 3497 1509 3580; x_wconf 76' lang='grc' dir='ltr'><strong><em>ἐφημεροι.</em></strong></span> 
     </span>
     <span class='ocr_line' id='line_1_38' title="bbox 160 3580 1510 3670; baseline -0.001 -19"><span class='ocrx_word' id='word_1_400' title='bbox 160 3590 225 3670; x_wconf 81' lang='lat' dir='ltr'><strong>Ego</strong></span> <span class='ocrx_word' id='word_1_401' title='bbox 248 3587 320 3650; x_wconf 78' lang='lat' dir='ltr'><strong>v&#39;ero</strong></span> <span class='ocrx_word' id='word_1_402' title='bbox 348 3586 472 3657; x_wconf 90' lang='lat' dir='ltr'><strong>studeo,</strong></span> <span class='ocrx_word' id='word_1_403' title='bbox 506 3591 539 3643; x_wconf 94' lang='lat' dir='ltr'><strong>ut</strong></span> <span class='ocrx_word' id='word_1_404' title='bbox 561 3581 635 3643; x_wconf 90' lang='lat' dir='ltr'><strong>haec</strong></span> <span class='ocrx_word' id='word_1_405' title='bbox 659 3580 698 3641; x_wconf 90' lang='lat' dir='ltr'><strong>ad</strong></span> <span class='ocrx_word' id='word_1_406' title='bbox 721 3581 785 3642; x_wconf 77' lang='lat' dir='ltr'><strong>Dei&#39;</strong></span> <span class='ocrx_word' id='word_1_407' title='bbox 801 3581 939 3661; x_wconf 83' lang='lat' dir='ltr'><strong>gloriam,</strong></span> <span class='ocrx_word' id='word_1_408' title='bbox 975 3584 1024 3663; x_wconf 92' lang='lat' dir='ltr'><strong>qui</strong></span> <span class='ocrx_word' id='word_1_409' title='bbox 1055 3585 1120 3645; x_wconf 91' lang='lat' dir='ltr'><strong>vult</strong></span> <span class='ocrx_word' id='word_1_410' title='bbox 1143 3605 1181 3646; x_wconf 88' lang='lat' dir='ltr'><strong>ex</strong></span> <span class='ocrx_word' id='word_1_411' title='bbox 1203 3586 1277 3647; x_wconf 93' lang='lat' dir='ltr'><strong>libro</strong></span> <span class='ocrx_word' id='word_1_412' title='bbox 1302 3595 1428 3649; x_wconf 89' lang='lat' dir='ltr'><strong>naturae</strong></span> <span class='ocrx_word' id='word_1_413' title='bbox 1453 3608 1510 3669; x_wconf 92' lang='lat' dir='ltr'><strong>ag-</strong></span> 
     </span>
     <span class='ocr_line' id='line_1_39' title="bbox 160 3670 1509 3759; baseline -0.001 -19"><span class='ocrx_word' id='word_1_414' title='bbox 160 3678 252 3754; x_wconf 89' lang='lat' dir='ltr'><strong>nosci,</strong></span> <span class='ocrx_word' id='word_1_415' title='bbox 277 3694 365 3757; x_wconf 92' lang='lat' dir='ltr'><strong>qnam</strong></span> <span class='ocrx_word' id='word_1_416' title='bbox 388 3670 559 3735; x_wconf 88' lang='lat' dir='ltr'><strong>maturrime</strong></span> <span class='ocrx_word' id='word_1_417' title='bbox 582 3670 757 3749; x_wconf 91' lang='lat' dir='ltr'><strong>vulgentur:</strong></span> <span class='ocrx_word' id='word_1_418' title='bbox 783 3689 839 3750; x_wconf 95' lang='lat' dir='ltr'><strong>quo</strong></span> <span class='ocrx_word' id='word_1_419' title='bbox 864 3672 931 3753; x_wconf 89' lang='lat' dir='ltr'><strong>plns</strong></span> <span class='ocrx_word' id='word_1_420' title='bbox 956 3672 1007 3734; x_wconf 92' lang='lat' dir='ltr'><strong>alii</strong></span> <span class='ocrx_word' id='word_1_421' title='bbox 1030 3672 1099 3734; x_wconf 89' lang='lat' dir='ltr'><strong>inde</strong></span> <span class='ocrx_word' id='word_1_422' title='bbox 1122 3675 1316 3750; x_wconf 82' lang='lat' dir='ltr'><strong>extraxerint,</strong></span> <span class='ocrx_word' id='word_1_423' title='bbox 1341 3677 1396 3738; x_wconf 89' lang='lat' dir='ltr'><strong>boc</strong></span> <span class='ocrx_word' id='word_1_424' title='bbox 1410 3679 1509 3759; x_wconf 84' lang='lat' dir='ltr'><strong>magis</strong></span> 
     </span>
     <span class='ocr_line' id='line_1_40' title="bbox 161 3756 1510 3848; baseline -0.001 -18"><span class='ocrx_word' id='word_1_425' title='bbox 161 3768 306 3848; x_wconf 83' lang='lat' dir='ltr'><strong>gaudebo,</strong></span> <span class='ocrx_word' id='word_1_426' title='bbox 330 3763 408 3826; x_wconf 83' lang='lat' dir='ltr'><strong>nulli·</strong></span> <span class='ocrx_word' id='word_1_427' title='bbox 426 3760 573 3823; x_wconf 88' lang='lat' dir='ltr'><strong>invidebo.</strong></span> <span class='ocrx_word' id='word_1_428' title='bbox 620 3756 670 3821; x_wconf 87' lang='lat' dir='ltr'><strong>Sic</strong></span> <span class='ocrx_word' id='word_1_429' title='bbox 694 3760 762 3821; x_wconf 88' lang='lat' dir='ltr'><strong>vovi</strong></span> <span class='ocrx_word' id='word_1_430' title='bbox 784 3758 860 3836; x_wconf 88' lang='lat' dir='ltr'><strong>Deo,</strong></span> <span class='ocrx_word' id='word_1_431' title='bbox 886 3762 929 3823; x_wconf 88' lang='lat' dir='ltr'><strong>sic</strong></span> <span class='ocrx_word' id='word_1_432' title='bbox 952 3768 1016 3823; x_wconf 88' lang='lat' dir='ltr'><strong>stat</strong></span> <span class='ocrx_word' id='word_1_433' title='bbox 1038 3763 1199 3824; x_wconf 87' lang='lat' dir='ltr'><strong>sententia.</strong></span> <span class='ocrx_word' id='word_1_434' title='bbox 1222 3836 1225 3840; x_wconf 20' lang='lat'><strong>⁴</strong></span> <span class='ocrx_word' id='word_1_435' title='bbox 1246 3765 1417 3843; x_wconf 86' lang='lat' dir='ltr'><strong>Theologus</strong></span> <span class='ocrx_word' id='word_1_436' title='bbox 1441 3787 1510 3829; x_wconf 87' lang='lat' dir='ltr'><strong>esse</strong></span> 
     </span>
     <span class='ocr_line' id='line_1_41' title="bbox 160 3848 1508 3931; baseline 0.001 -14"><span class='ocrx_word' id='word_1_437' title='bbox 160 3858 314 3919; x_wconf 85' lang='lat' dir='ltr'><strong>volebam:</strong></span> <span class='ocrx_word' id='word_1_438' title='bbox 343 3853 394 3916; x_wconf 89' lang='lat' dir='ltr'><strong>diu</strong></span> <span class='ocrx_word' id='word_1_439' title='bbox 417 3850 563 3930; x_wconf 88' lang='lat' dir='ltr'><strong>angebar:</strong></span> <span class='ocrx_word' id='word_1_440' title='bbox 589 3848 671 3910; x_wconf 91' lang='lat' dir='ltr'><strong>Deus</strong></span> <span class='ocrx_word' id='word_1_441' title='bbox 694 3868 763 3911; x_wconf 90' lang='lat' dir='ltr'><strong>ecce</strong></span> <span class='ocrx_word' id='word_1_442' title='bbox 787 3849 855 3910; x_wconf 79' lang='lat' dir='ltr'><strong>meai</strong></span> <span class='ocrx_word' id='word_1_443' title='bbox 878 3849 971 3931; x_wconf 77' lang='lat' dir='ltr'><strong>operia</strong></span> <span class='ocrx_word' id='word_1_444' title='bbox 993 3851 1085 3911; x_wconf 88' lang='lat' dir='ltr'><strong>etiam</strong></span> <span class='ocrx_word' id='word_1_445' title='bbox 1108 3852 1138 3913; x_wconf 91' lang='lat' dir='ltr'><strong>in</strong></span> <span class='ocrx_word' id='word_1_446' title='bbox 1162 3854 1345 3916; x_wconf 90' lang='lat' dir='ltr'><strong>astronomia</strong></span> <span class='ocrx_word' id='word_1_447' title='bbox 1368 3856 1508 3919; x_wconf 89' lang='lat' dir='ltr'><strong>celebra-</strong></span> 
     </span>
     <span class='ocr_line' id='line_1_42' title="bbox 160 3938 1510 4026; baseline 0.001 -18"><span class='ocrx_word' id='word_1_448' title='bbox 160 3955 218 4009; x_wconf 92' lang='lat' dir='ltr'><strong>tur.</strong></span> <span class='ocrx_word' id='word_1_449' title='bbox 265 3943 344 4015; x_wconf 80' lang='lat' dir='ltr'><strong>Quin</strong></span> <span class='ocrx_word' id='word_1_450' title='bbox 368 3939 491 4004; x_wconf 85' lang='lat' dir='ltr'><strong>tandem</strong></span> <span class='ocrx_word' id='word_1_451' title='bbox 513 3957 579 4000; x_wconf 90' lang='lat' dir='ltr'><strong>cnm</strong></span> <span class='ocrx_word' id='word_1_452' title='bbox 592 3938 682 3999; x_wconf 88' lang='lat' dir='ltr'><strong>Petro</strong></span> <span class='ocrx_word' id='word_1_453' title='bbox 706 3938 852 4001; x_wconf 91' lang='lat' dir='ltr'><strong>attonitus</strong></span> <span class='ocrx_word' id='word_1_454' title='bbox 876 3958 1015 4019; x_wconf 90' lang='lat' dir='ltr'><strong>erumpo:</strong></span> <span class='ocrx_word' id='word_1_455' title='bbox 1039 3940 1100 4001; x_wconf 88' lang='lat' dir='ltr'><strong>Abi</strong></span> <span class='ocrx_word' id='word_1_456' title='bbox 1124 3960 1143 4001; x_wconf 93' lang='lat' dir='ltr'><strong>a</strong></span> <span class='ocrx_word' id='word_1_457' title='bbox 1165 3960 1222 4016; x_wconf 91' lang='lat' dir='ltr'><strong>me,</strong></span> <span class='ocrx_word' id='word_1_458' title='bbox 1246 3943 1316 4022; x_wconf 89' lang='lat' dir='ltr'><strong>qnia</strong></span> <span class='ocrx_word' id='word_1_459' title='bbox 1330 3943 1419 4009; x_wconf 90' lang='lat' dir='ltr'><strong>homo</strong></span> <span class='ocrx_word' id='word_1_460' title='bbox 1433 3965 1510 4026; x_wconf 85' lang='lat' dir='ltr'><strong>pec-</strong></span> 
     </span>
     <span class='ocr_line' id='line_1_43' title="bbox 161 4027 1508 4108; baseline -0.001 -10"><span class='ocrx_word' id='word_1_461' title='bbox 161 4044 246 4098; x_wconf 88' lang='lat' dir='ltr'><strong>cator</strong></span> <span class='ocrx_word' id='word_1_462' title='bbox 268 4053 342 4096; x_wconf 87' lang='lat' dir='ltr'><strong>sum.</strong></span> <span class='ocrx_word' id='word_1_463' title='bbox 391 4029 426 4094; x_wconf 88' lang='lat' dir='ltr'><strong>Si</strong></span> <span class='ocrx_word' id='word_1_464' title='bbox 449 4046 586 4108; x_wconf 87' lang='lat' dir='ltr'><strong>unquam,</strong></span> <span class='ocrx_word' id='word_1_465' title='bbox 610 4027 659 4088; x_wconf 89' lang='lat' dir='ltr'><strong>vel</strong></span> <span class='ocrx_word' id='word_1_466' title='bbox 682 4027 729 4089; x_wconf 93' lang='lat' dir='ltr'><strong>hic</strong></span> <span class='ocrx_word' id='word_1_467' title='bbox 753 4029 903 4090; x_wconf 86' lang='lat' dir='ltr'><strong>etiam&#39;de&#39;</strong></span> <span class='ocrx_word' id='word_1_468' title='bbox 926 4027 1074 4091; x_wconf 89' lang='lat' dir='ltr'><strong>industria</strong></span> <span class='ocrx_word' id='word_1_469' title='bbox 1096 4029 1259 4099; x_wconf 85' lang='lat' dir='ltr'><strong>voluissem</strong></span> <span class='ocrx_word' id='word_1_470' title='bbox 1282 4052 1349 4094; x_wconf 89' lang='lat' dir='ltr'><strong>esse</strong></span> <span class='ocrx_word' id='word_1_471' title='bbox 1365 4041 1508 4097; x_wconf 91' lang='lat' dir='ltr'><strong>astrono-</strong></span> 
     </span>
     <span class='ocr_line' id='line_1_44' title="bbox 160 4116 1508 4202; baseline 0.001 -16"><span class='ocrx_word' id='word_1_472' title='bbox 160 4144 243 4199; x_wconf 90' lang='lat' dir='ltr'><strong>mus,</strong></span> <span class='ocrx_word' id='word_1_473' title='bbox 277 4123 302 4202; x_wconf 85' lang='lat' dir='ltr'><strong>si</strong></span> <span class='ocrx_word' id='word_1_474' title='bbox 330 4140 388 4183; x_wconf 93' lang='lat' dir='ltr'><strong>non</strong></span> <span class='ocrx_word' id='word_1_475' title='bbox 421 4117 520 4181; x_wconf 89' lang='lat' dir='ltr'><strong>omnia</strong></span> <span class='ocrx_word' id='word_1_476' title='bbox 543 4116 753 4179; x_wconf 87' lang='lat' dir='ltr'><strong>delectationis</strong></span> <span class='ocrx_word' id='word_1_477' title='bbox 776 4136 869 4179; x_wconf 88' lang='lat' dir='ltr'><strong>causa</strong></span> <span class='ocrx_word' id='word_1_478' title='bbox 892 4116 1122 4197; x_wconf 86' lang='lat' dir='ltr'><strong>suscepissem,</strong></span> <span class='ocrx_word' id='word_1_479' title='bbox 1145 4119 1240 4181; x_wconf 87' lang='lat' dir='ltr'><strong>minus</strong></span> <span class='ocrx_word' id='word_1_480' title='bbox 1264 4121 1397 4184; x_wconf 86' lang='lat' dir='ltr'><strong>mirarer.</strong></span> <span class='ocrx_word' id='word_1_481' title='bbox 1445 4123 1508 4188; x_wconf 88' lang='lat' dir='ltr'><strong>Sed</strong></span> 
     </span>
     <span class='ocr_line' id='line_1_45' title="bbox 159 4206 1509 4292; baseline 0.001 -17"><span class='ocrx_word' id='word_1_482' title='bbox 159 4213 279 4276; x_wconf 90' lang='lat' dir='ltr'><strong>nimium</strong></span> <span class='ocrx_word' id='word_1_483' title='bbox 294 4231 340 4274; x_wconf 91' lang='lat' dir='ltr'><strong>me</strong></span> <span class='ocrx_word' id='word_1_484' title='bbox 364 4209 489 4282; x_wconf 85' lang='lat' dir='ltr'><strong>effundo,</strong></span> <span class='ocrx_word' id='word_1_485' title='bbox 514 4206 629 4286; x_wconf 87' lang='lat' dir='ltr'><strong>gaudeo</strong></span> <span class='ocrx_word' id='word_1_486' title='bbox 652 4225 698 4270; x_wconf 91' lang='lat' dir='ltr'><strong>me</strong></span> <span class='ocrx_word' id='word_1_487' title='bbox 721 4207 822 4268; x_wconf 90' lang='lat' dir='ltr'><strong>videre</strong></span> <span class='ocrx_word' id='word_1_488' title='bbox 846 4207 933 4270; x_wconf 85' lang='lat' dir='ltr'><strong>finem</strong></span> <span class='ocrx_word' id='word_1_489' title='bbox 955 4207 1086 4269; x_wconf 79' lang='lat' dir='ltr'><strong>chartae</strong></span> <span class='ocrx_word' id='word_1_490' title='bbox 1135 4208 1211 4269; x_wconf 89' lang='lat' dir='ltr'><strong>Vale</strong></span> <span class='ocrx_word' id='word_1_491' title='bbox 1232 4209 1415 4290; x_wconf 88' lang='lat' dir='ltr'><strong>Praeceptor</strong></span> <span class='ocrx_word' id='word_1_492' title='bbox 1430 4211 1509 4292; x_wconf 81' lang='lat' dir='ltr'><strong>Cla-</strong></span> 
     </span>
     <span class='ocr_line' id='line_1_46' title="bbox 159 4293 1508 4375; baseline 0 -10"><span class='ocrx_word' id='word_1_493' title='bbox 159 4302 276 4366; x_wconf 87' lang='lat' dir='ltr'><strong>rissime</strong></span> <span class='ocrx_word' id='word_1_494' title='bbox 300 4311 332 4364; x_wconf 92' lang='lat' dir='ltr'><strong>et</strong></span> <span class='ocrx_word' id='word_1_495' title='bbox 351 4319 400 4362; x_wconf 91' lang='lat' dir='ltr'><strong>me</strong></span> <span class='ocrx_word' id='word_1_496' title='bbox 424 4317 524 4361; x_wconf 86' lang='lat' dir='ltr'><strong>amare</strong></span> <span class='ocrx_word' id='word_1_497' title='bbox 541 4313 641 4375; x_wconf 90' lang='lat' dir='ltr'><strong>perge.</strong></span> <span class='ocrx_word' id='word_1_498' title='bbox 687 4297 786 4359; x_wconf 88' lang='lat' dir='ltr'><strong>Datae</strong></span> <span class='ocrx_word' id='word_1_499' title='bbox 810 4294 840 4359; x_wconf 88' lang='lat'><strong>3.</strong></span> <span class='ocrx_word' id='word_1_500' title='bbox 866 4295 934 4359; x_wconf 90' lang='lat' dir='ltr'><strong>Oct.</strong></span> <span class='ocrx_word' id='word_1_501' title='bbox 961 4305 999 4357; x_wconf 88' lang='lat' dir='ltr'><strong>st.</strong></span> <span class='ocrx_word' id='word_1_502' title='bbox 1024 4315 1053 4356; x_wconf 92' lang='lat' dir='ltr'><strong>n.</strong></span> <span class='ocrx_word' id='word_1_503' title='bbox 1079 4316 1155 4358; x_wconf 87' lang='lat' dir='ltr'><strong>anno</strong></span> <span class='ocrx_word' id='word_1_504' title='bbox 1180 4293 1232 4361; x_wconf 83' lang='lat'><strong>95.</strong></span> <span class='ocrx_word' id='word_1_505' title='bbox 1272 4298 1417 4375; x_wconf 84' lang='lat' dir='ltr'><strong>¹Salutem</strong></span> <span class='ocrx_word' id='word_1_506' title='bbox 1440 4303 1508 4365; x_wconf 89' lang='lat' dir='ltr'><strong>dico</strong></span> 
     </span>
     <span class='ocr_line' id='line_1_47' title="bbox 161 4387 578 4468; baseline -0.012 -14"><span class='ocrx_word' id='word_1_507' title='bbox 161 4391 295 4460; x_wconf 89' lang='lat' dir='ltr'><strong>omnibus</strong></span> <span class='ocrx_word' id='word_1_508' title='bbox 319 4387 578 4468; x_wconf 87' lang='lat' dir='ltr'><strong>Praeceptoribns.</strong></span> 
     </span>
     <span class='ocr_line' id='line_1_48' title="bbox 456 4473 1450 4535; baseline -0.011 3"><span class='ocrx_word' id='word_1_509' title='bbox 456 4492 458 4496; x_wconf 56' lang='lat'><em>⁴</em></span> <span class='ocrx_word' id='word_1_510' title='bbox 678 4473 881 4535; x_wconf 82' lang='lat' dir='ltr'><strong>Humanitatis</strong></span> <span class='ocrx_word' id='word_1_511' title='bbox 905 4473 986 4534; x_wconf 87' lang='lat' dir='ltr'><strong>Tuae</strong></span> <span class='ocrx_word' id='word_1_512' title='bbox 1446 4519 1450 4527; x_wconf 94' lang='lat'><strong>.</strong></span> 
     </span>
     <span class='ocr_line' id='line_1_49' title="bbox 774 4562 1479 4648; baseline 0.007 -24"><span class='ocrx_word' id='word_1_513' title='bbox 774 4562 1009 4625; x_wconf 87' lang='lat' dir='ltr'><strong>officiosissimus</strong></span> <span class='ocrx_word' id='word_1_514' title='bbox 1032 4567 1063 4621; x_wconf 89' lang='lat' dir='ltr'><strong>et</strong></span> <span class='ocrx_word' id='word_1_515' title='bbox 1086 4562 1273 4641; x_wconf 84' lang='lat' dir='ltr'><strong>gratissimus</strong></span> <span class='ocrx_word' id='word_1_516' title='bbox 1298 4565 1479 4648; x_wconf 47' lang='lat' dir='ltr'><strong>discipulus.</strong></span> 
     </span>
     <span class='ocr_line' id='line_1_50' title="bbox 993 4649 1266 4735; baseline 0.015 -23"><span class='ocrx_word' id='word_1_517' title='bbox 993 4649 1038 4712; x_wconf 84' lang='lat' dir='ltr'><strong>M.</strong></span> <span class='ocrx_word' id='word_1_518' title='bbox 1061 4650 1113 4714; x_wconf 88' lang='lat' dir='ltr'><strong>Jo.</strong></span> <span class='ocrx_word' id='word_1_519' title='bbox 1136 4651 1266 4735; x_wconf 81' lang='lat' dir='ltr'><strong>Kopler.</strong></span> 
     </span>
    </p>
   </div>
   <div class='ocr_carea' id='block_1_3' title="bbox 0 0 1688 5482">
    <p class='ocr_par' dir='ltr' id='par_1_3' title="bbox 0 0 1688 5482">
     <span class='ocr_line' id='line_1_51' title="bbox 0 0 1688 5482; baseline 0 1"><span class='ocrx_word' id='word_1_520' title='bbox 0 0 1688 5482; x_wconf 95' lang='lat' dir='ltr'><strong> </strong></span> 
     </span>
    </p>
   </div>
  </div>
 </body>
</html>
