3366 5482
589 114 710 165 naemu
728 115 875 179 meon.
1354 111 1416 178 105

54 271 168 352 reliquo
191 271 285 334 etiarn
308 271 430 335 dimidio
453 272 614 335 excurrat?
658 272 685 334 Ε
709 271 814 356 Styria
836 274 1005 353 qnondam,
1029 282 1064 337 ut
1087 272 1165 348 dixi,
1190 274 1229 336 ad
1253 276 1413 351 Braheum,

54 362 83 423 id
106 368 157 421 est
180 361 220 421 ad
244 379 332 440 opus
355 361 575 423 Tabularum
598 361 914 441 Rudolphinarum
939 361 1161 436 maturandum,
1186 365 1340 442 profectus
1364 373 1413 427 est

54 449 172 511 libellus
197 448 265 523 iste,
291 469 336 511 me
361 450 472 511 latore:
498 450 568 530 quid
592 450 738 523 insoleus,
773 450 843 529 quid
872 451 947 511 adeo
971 452 1101 512 alienum
1129 473 1147 511 a
1169 452 1298 530 pristino
1322 453 1415 515 insti·
1493 521 1495 526 ,

56 546 118 599 tuto
143 545 258 607 vestro,
282 538 437 609 proceres,
462 539 531 619 quid
557 537 683 617 deniqne
707 557 764 597 non
789 546 907 616 gratum
931 539 1121 601 Ferdinando
1145 539 1322 617 Imperatori
1348 541 1415 605 Au-

54 634 161 706 gusto,
195 625 346 705 Rudolphi
370 634 441 705 post
464 626 628 687 Matthiam
653 625 834 699 successori,
869 627 1020 700 feceritis,
1057 627 1082 688 si
1107 635 1309 691 revertentem
1337 649 1414 692 nunc

54 714 203 789 libellum,
222 722 356 776 veterem
377 715 516 775 clientem
535 723 678 786 vestrum,
704 715 740 774 de
766 715 854 776 rebus
878 714 994 775 interea
1018 715 1114 794 gestis
1143 716 1288 791 audiatis,
1313 718 1339 779 si
1362 727 1413 779 ta·

54 803 189 864 bolarum
213 821 288 881 opus
313 803 494 864 laboriosnm
518 812 548 864 et
572 802 749 872 sollicitum,
781 801 807 862 si
832 802 956 863 delicias
982 804 1100 865 humani
1124 805 1258 884 generis,
1295 806 1321 867 si
1348 805 1416 869 Ru-

55 890 156 970 dolphi
176 891 371 970 imperatoris
395 910 500 952 nomeu
524 892 720 969 honoresque,
745 889 863 952 modica
878 891 1062 953 liberalitate
1081 893 1300 970 promovendos
1314 893 1415 956 susci·

54 979 162 1058 piatis;
187 979 214 1040 si
237 979 316 1041 hanc
331 980 568 1041 vetustissimam
586 979 867 1040 mathematicorum
882 980 1108 1057 disciplinarum
1123 981 1295 1042 clientelam
1311 983 1416 1044 domus

54 1067 232 1140 Austriaca,
264 1087 299 1129 ne
328 1068 384 1129 hoc
400 1068 530 1148 quidem
560 1066 739 1146 gravissimo
769 1073 850 1127 motu
878 1085 1039 1142 concussa,
1083 1069 1289 1130 intercedente
1313 1080 1417 1133 restra

55 1157 281 1217 succenturiata
303 1157 510 1236 providentia,
535 1155 670 1217 dimittat
694 1155 844 1215 exterisve
869 1155 979 1217 cedat?

142 1244 201 1305 Hic
224 1245 316 1323 igitur
339 1244 538 1306 dedicationis
562 1244 650 1322 hujus
677 1243 825 1321 repetitae
850 1262 958 1322 scopus
982 1249 1067 1318 esto,
1098 1262 1185 1323 quem
1209 1243 1235 1305 si
1260 1253 1416 1319 svestra,

54 1332 210 1406 Proceres‚
235 1333 460 1412 magnificentia
484 1334 567 1393 suero
591 1338 802 1410 consequutus,
828 1331 857 1391 id
881 1350 967 1393 omen
992 1332 1063 1392 rnihi
1078 1333 1238 1394 ruaximum
1259 1333 1324 1406 erit,
1342 1334 1416 1407 iore,

55 1430 88 1481 ut
108 1422 283 1502 priusquam
307 1439 363 1500 ego
382 1421 590 1500 Rudolphinas
619 1420 647 1480 in
678 1420 772 1480 lucem
801 1419 954 1497 proferam
981 1420 1146 1499 colophone
1175 1421 1232 1482 hcc
1256 1415 1415 1483 restaura-

56 1509 128 1569 tioni
153 1508 375 1572 astionomicae
399 1510 556 1588 imposito:
586 1516 774 1569 restauratus
798 1508 853 1567 sub
876 1508 1066 1570 Ferdinando
1091 1508 1130 1569 Il.
1154 1517 1227 1587 post
1255 1527 1349 1570 anuos
1378 1511 1417 1572 ab

58 1617 180 1659 excessu
204 1598 385 1660 Ferdinandi
411 1599 435 1660 l.
459 1598 556 1659 miuus
580 1595 754 1673 sexaginta,
779 1595 1000 1674 provinciarum
1018 1596 1247 1658 Austriacarum
1276 1598 1417 1679 antiquus

60 1686 107 1746 ille
131 1687 294 1765 quinarius,
319 1685 465 1765 repressis
489 1685 577 1747 bellis
601 1684 746 1756 civilibus,
772 1691 805 1744 et
822 1701 898 1762 pace
919 1703 1017 1745 rerum
1036 1684 1151 1764 optima
1165 1685 1298 1759 reducta,
1320 1687 1417 1749 denno

58 1774 212 1853 pristinum
241 1775 271 1836 in
296 1774 427 1838 nitorem
451 1774 638 1846 efflorescat;
663 1772 739 1852 quod
764 1790 865 1845 omen,
892 1772 1053 1851 angoribus
1077 1773 1114 1834 ob
1140 1774 1220 1834 suala
1241 1776 1418 1852 praesentia

62 1881 115 1922 uon
138 1863 243 1924 leviter
267 1872 452 1942 quassatum,
477 1863 559 1923 Deus
583 1862 656 1941 Opt.
682 1863 762 1922 Max.
789 1859 982 1921 miseratione
1007 1861 1172 1930 ecclesiae,
1197 1862 1249 1923 lilii
1273 1862 1319 1923 sui
1343 1884 1416 1925 san·

67 1950 144 2026 quiue
172 1952 338 2024 redemtus,
375 1951 522 2030 propitius
550 1952 656 2018 firmet,
682 1950 756 2009 iram
786 1967 872 2009 suam
908 1949 1029 2010 tandem
1058 1970 1077 2010 a
1104 1950 1190 2011 nobis
1219 1969 1360 2012 aversam
1387 1953 1417 2013 in

72 2047 163 2116 gentes
190 2040 349 2101 ecclesiam
372 2044 529 2101 vastantes
558 2044 731 2109 convertat,
766 2035 919 2114 imperium
949 2036 1131 2098 Perdinandi
1159 2039 1197 2099 ll.
1221 2040 1297 2118 Imp.
1323 2040 1415 2119 Aug„

74 2129 215 2190 exstinctis
244 2128 356 2189 irarum
386 2127 543 2189 incentivis
573 2126 698 2187 salutari
732 2124 911 2185 clementiae
941 2144 1015 2186 aura
1049 2126 1219 2205 mitigatum
1243 2136 1416 2208 prosperet;

81 2231 125 2290 qua
143 2218 254 2278 ratione
274 2225 304 2276 et
329 2215 448 2297 styria,
475 2218 610 2278 fortunae
636 2233 720 2274 meae
743 2212 1053 2292 prima-incunabula,
1085 2233 1207 2294 cumque
1231 2215 1284 2277 illa
1308 2225 1339 2278 et
1362 2207 1417 2278 vos

83 2305 297 2366 reverendissimi
322 2304 604 2385 generosissimique
627 2302 783 2373 Proceres,
808 2301 862 2362 sub
887 2301 943 2362 alis
968 2301 1086 2381 aquilae
1112 2303 1169 2365 tuti
1194 2324 1213 2364 a
1235 2304 1352 2367 vulture
1376 2306 1415 2367 li-

86 2389 198 2466 uitrucc,
222 2412 379 2473 rerumque
404 2394 532 2454 omniurn
557 2391 644 2471 copia
668 2388 841 2468 locupletes,
867 2390 896 2450 in
920 2407 1014 2450 annos
1039 2391 1209 2454 innumeros
1229 2393 1414 2472 perduretis:

10 2552 12 2569 Ι
89 2477 167 2552 quihus
188 2481 292 2542 debita
314 2500 381 2543 cum
404 2482 598 2543 veneratione
622 2498 667 2539 me
692 2477 878 2538 commendo.

154 2569 269 2631 Valetc.
316 2570 436 2631 Dabam
459 2567 652 2631 Frankofurti
676 2564 729 2629 20.
755 2561 841 2638 (30.)
864 2565 946 2626 Junii
969 2560 1063 2627 1621.

363 2656 440 2719 Rev.
466 2668 497 2718 et
521 2657 599 2719 Gen.
624 2656 707 2734 Mag.
732 2655 773 2714 V.

804 2740 1010 2802 deditissimus
1033 2741 1128 2803 cliens

607 2830 749 2893 Joounes
770 2826 943 2910 Keplenoe,
968 2829 1038 2890 olim
1062 2828 1183 2912 Styriae
1207 2847 1371 2909 procerum,

586 2926 657 2998 post
681 2918 775 2998 lmpp.
793 2915 901 2979 Caess.
923 2916 1074 2996 Rudolphi
1099 2926 1130 2979 et
1144 2917 1305 2992 Matthiae,
1330 2920 1350 2981 l.
1376 2940 1416 2982 m.

584 3009 668 3069 ordd.
690 3027 718 3087 q.
734 3005 879 3068 Austriae
901 3003 1156 3084 Supr-Anisanae
1170 3007 1416 3071 Mathematicus.
