3366 5482
680 274 1003 329 musam·
1459 277 1520 346 ror

159 433 284 534 quilibet
308 454 328 494 a
352 434 486 513 quolibet
506 434 536 495 in
562 432 730 513 (iopernico
745 434 917 498 dissideret.
964 436 1128 499 Plurimum
1154 436 1299 516 temporis
1323 437 1382 500 isto
1407 442 1520 518 labore,

159 522 241 600 quasi
275 522 358 596 lusu,
392 523 527 603 perdidi;
560 542 626 584 cum
659 524 742 584 uuila
776 543 870 604 neque
903 525 1034 603 ipsarum
1073 528 1310 604 proportionum,
1344 547 1439 609 neque
1470 531 1519 592 in-

160 618 378 672 crementorum
411 619 573 714 appareret
597 612 795 690 aequalitas.
829 613 960 692 nihilque
993 613 1135 674 utilitatis
1163 614 1231 675 iude
1260 617 1398 695 percepi,
1432 638 1521 699 quam

160 700 233 780 quod
259 700 456 761 distantias
449 718 548 778 ipsas,
583 708 616 760 ut
648 697 859 779 aCopernico
888 702 1028 779 proditae
1061 710 1147 775 suut,
1182 702 1330 763 altissime
1359 706 1521 767 memoriae

146 788 322 866 'insculpsit
358 789 511 890 quodque
517 788 594 848 baec
617 788 767 848 variorum
791 795 951 849 conatuum
975 791 1219 851 commemoratio
1248 798 1331 852 tuum
1355 812 1520 870 assensum,

162 879 270 947 lector,
297 878 382 956 quasi
406 875 528 938 marinis
553 876 706 950 fluctibus,
739 876 826 937 anxie
853 877 920 937 hinc
944 878 1012 938 iude
1031 878 1150 956 jactare
1174 885 1291 956 potest,
1316 880 1422 958 quibus
1447 883 1521 951 lati·

164 975 248 1045 gntus
279 965 407 1045 denique
439 973 525 1026 tauto
554 963 695 1025 libentius
719 965 757 1024 ad
781 983 890 1025 causas
914 965 969 1025 hoc
994 965 1094 1026 libello
1120 965 1292 1043 expositas,
1316 977 1460 1049 tauquam
1484 972 1521 1033 ad

165 1062 257 1116 tutum
287 1061 407 1133 portum
436 1062 466 1113 to
490 1052 629 1132 recipias.
676 1050 921 1114 Consolabautur
944 1072 990 1113 me
1025 1061 1125 1114 ιιιιιιιι
1158 1054 1281 1115 subinde
1315 1063 1347 1116 et
1374 1057 1403 1118 in
1437 1077 1521 1138 spem

163 1143 314 1204 meliorem
346 1142 505 1220 erigebant
543 1159 609 1201 cum
638 1141 716 1201 aliae
751 1140 898 1214 rationes,
933 1160 1008 1220 quae
1037 1140 1116 1202 iufra
1146 1149 1322 1222 sequentur,
1355 1151 1419 1206 tum
1443 1147 1522 1226 quod

164 1249 281 1309 semper
312 1239 413 1290 motus
442 1228 617 1290 distantiam
647 1247 725 1307 pone
754 1228 838 1309 sequi
862 1229 1035 1304 videbatur,
1070 1236 1160 1308 atque
1191 1230 1243 1291 ubi
1271 1250 1397 1311 maguus
1421 1234 1521 1297 hiatus

166 1329 227 1379 erat
257 1320 338 1380 inter
367 1318 472 1391 orbes,
506 1326 573 1379 erat
601 1326 631 1377 et
654 1318 733 1378 iuter
760 1326 869 1378 motus.
917 1315 1055 1386 Quodsi
1081 1318 1284 1396 (cogitabam)
1307 1320 1389 1381 Deus
1423 1333 1521 1384 motus

166 1409 199 1467 ad
224 1407 440 1468 distantiarum
462 1405 681 1486 praescriptum
705 1405 824 1483 aptarit
848 1404 987 1467 orbibus:
1012 1406 1115 1485 utique
1139 1415 1171 1466 et
1192 1406 1275 1485 ipsas
1295 1407 1459 1472 distantias
1483 1412 1522 1471 ad

165 1496 290 1575 alicujus
313 1495 358 1558 rei
381 1495 601 1574 praescriptum
625 1494 871 1555 accommodavit.

248 1583 328 1645 Cum
351 1583 444 1662 igitur
466 1583 524 1644 hac
547 1600 606 1643 nou
630 1583 819 1656 succederet,
844 1582 905 1643 alia
927 1581 991 1653 via,
1015 1581 1122 1642 mirum
1146 1599 1235 1660 quam
1258 1582 1379 1654 audaci,
1403 1586 1519 1647 tentavi

165 1673 286 1734 aditum.
337 1673 421 1733 luter
446 1671 553 1732 Jovem
583 1678 615 1731 et
647 1671 778 1732 Martem
812 1670 977 1749 interposui
1011 1687 1118 1730 novum
1149 1668 1357 1748 planetam,·)
1390 1671 1520 1752 itemque

167 1762 251 1823 adum
276 1761 359 1822 inter
382 1760 533 1821 Venerem
556 1769 589 1820 et
611 1760 806 1834 Mercurium,
841 1776 915 1839 quos
939 1759 1013 1818 duos
1038 1758 1114 1818 forte
1139 1756 1176 1817 ob
1200 1758 1366 1821 exilitatem
1390 1777 1447 1820 nou
1471 1762 1520 1821 vi-

167 1851 304 1922 deamus,
329 1849 425 1927 iisque
448 1867 504 1908 sua
527 1857 663 1926 tempora
686 1853 836 1926 περιοδικα
860 1846 997 1924 ascripsi.
1044 1844 1094 1907 Sic
1119 1843 1198 1906 enim
1222 1847 1448 1920 existimabam,
1473 1868 1520 1910 me

167 1938 296 2018 aliquam
319 1937 536 2015 aequalitatem
558 1936 783 2015 proportionum
808 1937 999 2006 effecturum,
1025 1951 1100 2014 quae
1119 1935 1328 2012 proportiones
1344 1937 1422 1996 inter
1436 1937 1521 1998 binos

167 2045 267 2088 rcrsus
294 2024 398 2086 Solem
431 2026 534 2086 ordine
558 2024 773 2098 minuerentur,
806 2043 913 2085 versus
936 2023 1013 2083 tixas
1036 2032 1250 2101 augescerent:
1275 2033 1308 2084 ut
1330 2024 1452 2103 propior
1475 2033 1524 2086 est

167 2114 255 2176 Terra
279 2113 395 2175 Veneri
427 2114 456 2174 in
485 2113 656 2193 quantitate
680 2113 761 2174 orbis
780 2112 962 2184 Terrestris,
997 2128 1084 2188 quarn
1110 2111 1194 2171 Mars
1221 2111 1332 2172 Terrae
1361 2113 1389 2173 in
1424 2131 1522 2192 quau-

166 2203 250 2264 titate
285 2202 368 2264 orbis
401 2201 515 2263 Martii.
563 2202 676 2261 Verum
709 2221 803 2281 neque
836 2201 922 2261 unius
953 2199 1096 2277 planetae
1131 2198 1321 2277 interpositio
1354 2200 1524 2263 sufficiebat

167 2291 277 2370 ingenti
302 2290 398 2352 hiatui
421 2290 451 2363 li
475 2297 507 2350 et
529 2297 565 2358 (ς.
612 2290 758 2350 Manebat
789 2289 867 2350 enim
889 2287 987 2365 major
1014 2284 1102 2346 Jovis
1136 2286 1176 2346 ad
1199 2286 1280 2348 illum
1314 2307 1421 2350 novum
1449 2307 1522 2368 pro·

167 2381 277 2458 portio,
317 2397 404 2456 quam
441 2385 490 2438 est
518 2377 640 2439 Saturni
676 2379 714 2438 ad
747 2378 868 2438 Jovem:
908 2385 940 2438 et
972 2375 1028 2434 hoc
1060 2381 1150 2452 pacto
1184 2377 1320 2454 quamvis
1354 2376 1521 2439 obtinerem

168 2468 397 2547 qualemcunque
426 2466 664 2546 proportionem,
694 2468 792 2527 nullus
816 2474 915 2527 tamen
940 2482 1007 2526 cum
1035 2463 1151 2524 ratione
1183 2463 1264 2538 linis,
1300 2466 1397 2526 nullos
1421 2474 1522 2527 certus

169 2576 303 2617 numerus
327 2555 478 2616 mobilium
504 2556 619 2615 futurus
640 2563 725 2624 erat,
760 2575 855 2635 neque
880 2573 985 2615 versus
1009 2550 1101 2621 fixas,
1132 2571 1224 2631 usque
1249 2553 1318 2614 dom
1342 2554 1412 2615 illae
1436 2554 1521 2633 ipsae

170 2651 373 2706 occurrerent:
406 2662 501 2723 neque
525 2661 631 2703 versus
656 2642 758 2705 Solem
784 2663 926 2723 unquam,
959 2639 1028 2720 quia
1052 2638 1158 2699 divisio
1187 2641 1278 2719 spatii
1307 2651 1377 2720 post
1400 2643 1522 2705 Mercu-

171 2734 237 2794 rium
260 2732 376 2795 residui
409 2750 463 2811 per
490 2732 566 2791 banc
598 2731 820 2811 proportionem
848 2732 877 2793 iu
906 2729 1052 2793 inlinitum
1079 2728 1267 2806 procederet.
1315 2731 1420 2811 Neque
1446 2731 1524 2791 euim

171 2820 200 2880 ab
222 2821 314 2882 ullius
334 2820 448 2880 numeri
468 2820 574 2880 nobilit
562 2827 625 2880 tate
646 2821 808 2899 conjectari
831 2816 1016 2898 poteram‘),

172 2927 214 2969 cur
236 2926 291 2988 pro
316 2908 439 2968 infinitis
467 2915 529 2968 tam
553 2928 650 2987 pauca
672 2908 793 2969 mobilia
821 2908 1014 2970 extitissent:
1063 2963 1068 2980 ,,

171 2996 267 3077 licque
293 2995 468 3057 verisimilia
492 2996 564 3056 dicit
586 2996 768 3057 Rheticus
760 3016 789 3056 ιιι
819 3016 874 3058 sua
896 2997 1015 3059 Narra·
1063 2983 1437 3086 3⁰¹¹-
1399 3042 1404 3066 «

174 3085 254 3159 tione,
280 3104 348 3145 cum
373 3105 391 3144 a
414 3084 578 3146 sanctitate
600 3086 709 3146 senarii
729 3092 955 3164 argumentatur
978 3083 1016 3144 ad
1064 3090 1077 3128 ι

175 3192 317 3234 numerum
342 3192 396 3233 sex
423 3174 572 3234 coelorum
596 3173 757 3236 mobilium.
804 3175 883 3235 Nam
907 3174 956 3274 qui
980 3149 1077 3233 de

176 3259 258 3339 ipsius
272 3262 376 3323 mundi
391 3261 512 3322 conditu
527 3262 671 3364 disputat,
696 3282 752 3322 oon
773 3262 863 3324 debet
884 3262 1017 3324 rationes
1060 3269 1077 3308 ἱ

178 3350 254 3412 ιιίἰι
269 3349 398 3411 numeris
413 3350 531 3424 ducere,
556 3350 605 3431 qui
624 3371 661 3411 ex
675 3351 764 3412 rebus
784 3351 891 3412 mundo
911 3358 1017 3429 poste·
1061 3376 1076 3441 q

179 3437 292 3500 n'oribus
316 3437 494 3517 dignitatem
518 3439 649 3519 aliquam
672 3440 773 3518 adepti
798 3446 878 3499 sunt
894 3441 922 3512 κ)

252 3526 387 3588 Rursum
411 3526 470 3588 alio
493 3528 580 3588 modo
597 3527 761 3606 exploravi,
786 3533 883 3588 utrum
907 3545 963 3588 uon
989 3527 1017 3587 io

183 3615 271 3676 eodem
299 3614 467 3694 quadrante
496 3616 641 3677 distantia
682 3615 841 3718 cujuslibet
878 3615 1018 3694 planetae

184 3700 211 3761 ιίι
231 3703 380 3764 residuum
405 3722 443 3764 ea
473 3703 555 3778 sinu,
589 3714 620 3766 et
648 3712 745 3765 motus
775 3704 838 3782 ejus
871 3704 912 3764 sit
938 3703 1017 3765 resi-

185 3787 255 3852 duum
278 3807 315 3852 ex
337 3791 405 3868 ejus
425 3793 634 3870 complemeuti
654 3794 730 3854 sinu.
770 3792 917 3894 Fingatur
941 3812 1017 3871 qua·
1059 3811 1082 3861 c

186 3875 285 3940 tntum
305 3879 378 3952 AB,
404 3900 423 3940 a
446 3880 668 3942 semidiametro
691 3880 784 3941 totius
809 3879 938 3942 universi
961 3876 1018 3942 Ac

187 3962 359 4047 descriptum.
406 3967 454 4027 Ex
477 3970 587 4046 angulo
611 3969 702 4048 igitur
723 3970 750 4029 B
774 3968 837 4031 Soli
862 3969 926 4029 sive
955 3976 1058 4031 centro
1091 3969 1191 4032 mnndi
1215 3970 1244 4030 A
1276 3969 1414 4049 opposito
1444 3968 1523 4031 scri-

187 4048 256 4117 batur
277 4074 344 4117 cum
367 4055 452 4117 radio
475 4055 529 4118 BC
555 4058 705 4137 quadrans
730 4055 822 4118 CED.
866 4057 982 4119 Deinde
1006 4058 1036 4119 iu
1060 4077 1131 4119 vero
1154 4058 1255 4120 mundi
1278 4058 1362 4120 radio
1385 4054 1443 4120 Ac
1466 4076 1523 4118 no-

188 4144 267 4204 tentur
290 4144 359 4219 Sol,
384 4145 460 4205 lixae
484 4152 516 4205 et
538 4146 659 4208 mobilia
681 4165 735 4224 pro
759 4146 875 4207 ratione
900 4146 1128 4208 distantiarum:
1154 4167 1172 4206 a
1196 4146 1302 4226 quibus
1325 4147 1444 4225 punctis
1469 4165 1525 4206 ex-

189 4226 294 4294 citentur
317 4240 430 4307 rectae,
455 4252 547 4312 usqne
572 4235 609 4296 ad
635 4236 793 4296 obversum
807 4233 871 4296 Soli
896 4236 1093 4314 quadrantem
1116 4242 1285 4313 porrectae.
1322 4233 1409 4304 Quae
1432 4233 1526 4314 igitur

189 4325 222 4377 ιιι
247 4321 398 4401 proportio
432 4321 660 4400 parallelorum,
695 4322 820 4382 eaodem
849 4323 978 4384 virtutis
999 4323 1147 4384 moventis
1176 4323 1247 4384 finni
1270 4343 1363 4403 penes
1388 4321 1524 4401 singulos

190 4403 314 4476 planetas.
354 4410 388 4470 Iu
405 4407 486 4471 Solis
507 4411 586 4472 linea
609 4411 740 4472 infinitas
763 4420 929 4489 permanet,
955 4412 1024 4491 quia
1047 4410 1106 4472 AD
1130 4412 1265 4491 tangitur
1288 4429 1345 4472 non
1370 4417 1523 4471 secatura

190 4496 342 4566 quadrante
380 4498 500 4558 Infinita
522 4498 615 4578 igitur
637 4499 683 4560 vis
706 4507 805 4560 motus
822 4499 851 4560 iu
868 4499 949 4573 Sole,
974 4518 1080 4578 nempe
1105 4499 1145 4560 nil
1169 4499 1227 4561 uisi
1250 4508 1350 4561 motus
1373 4497 1524 4576 ipsissimo

190 4590 249 4644 ιιιιι
288 4587 322 4647 ln
346 4585 497 4648 Mercurio
521 4586 637 4655 infinita
661 4587 771 4649 linea
763 4608 791 4648 ιιι
817 4588 845 4648 Κ
869 4588 1006 4649 abscissa
1030 4595 1087 4649 est
1126 4586 1228 4657 Quare
1252 4588 1317 4665 ejus
1341 4592 1440 4648 motus
1458 4584 1525 4662 jam

190 4677 223 4728 ιιι
241 4674 275 4735 ad
295 4683 414 4736 ceteros
429 4676 648 4753 comparabilis.
684 4677 717 4737 Iu
743 4677 809 4737 fixis
833 4677 945 4737 amissa
969 4683 1018 4736 est
1040 4676 1160 4736 omuino
1182 4675 1271 4748 linea,
1297 4684 1329 4735 et
1351 4688 1525 4751 compressa

1226 2891 1273 2941 rig.
1289 2894 1310 2934 a.

189 4770 209 4813 n
227 4778 332 4824 uterum
354 4762 558 4848 punctumC.
605 4764 739 4828 Nulla
730 4765 822 4852 igitur
852 4765 892 4827 ibi
924 4765 1020 4833 virtus
1049 4763 1086 4830 ad
1115 4771 1237 4831 motum.
1267 4762 1347 4826 Hoc
1370 4761 1526 4825 theorema
1632 4840 1637 4850 ι
