3366 5482
159 279 226 347 ese
579 279 1094 344 mamam-..m

159 443 234 503 lucie
258 441 298 502 sit
323 459 430 520 capax,
455 442 572 502 ruboris
596 458 712 519 quoque
736 439 846 499 Martis
870 441 962 499 luisse
987 461 1139 519 capacem,
1163 442 1267 522 itaque
1291 458 1329 500 ex
1352 438 1412 499 hoc
1434 437 1517 498 fon&

159 532 189 591 in
212 530 341 592 hominis
363 549 487 609 corpore
511 530 643 590 existere
667 528 816 588 terribiles
840 530 966 589 affectus
982 531 1052 602 ke„
1076 531 1227 608 etiamque
1241 528 1305 590 suis
1327 524 1517 606 temporibus

158 620 196 681 ad
221 620 305 699 leges
329 619 525 680 directionum
544 617 709 679 redundare
726 618 863 678 humores
878 632 910 678 et
928 619 1065 678 affectus.
1112 617 1192 687 Quid
1212 628 1246 678 tu
1263 616 1333 677 hic?
1380 613 1517 688 Talibus,

159 708 267 786 inquis,
291 708 474 787 argumentis
499 706 640 768 inauditis
664 705 749 764 uobis
774 706 862 783 plane
877 726 985 766 noram
1000 718 1031 766 et
1056 707 1286 784 imaginatisam
1309 715 1343 765 et
1365 723 1405 764 ex
1427 710 1517 782 parte

160 797 373 880 geometricam
406 796 602 874 astrologiam
634 795 812 855 constitues.
859 795 940 854 Tune
973 814 1031 854 nou
1060 797 1143 855 aliud
1171 796 1266 855 habes
1294 800 1515 872 argumentum,

161 885 240 964 quod
263 885 424 963 opponas?
471 885 637 961 figmenta,
663 882 719 942 hoe·
743 895 790 942 est
814 898 983 943 commenta
1008 884 1081 944 haec
1106 904 1174 944 esse
1198 885 1291 953 falsa,
1325 880 1516 961 probandam

161 973 214 1033 tibi
238 985 297 1034 est.
346 974 430 1033 l'era
454 974 586 1034 inaudite
612 990 669 1031 non
694 971 864 1031 reformido.
911 973 999 1032 Nora
1023 993 1061 1032 an
1085 975 1223 1046 afferam,
1248 991 1307 1032 uon
1330 970 1424 1049 plane
1438 969 1516 1042 scio;

161 1082 218 1122 non
241 1062 339 1122 evolvi
364 1064 493 1123 omnium
518 1062 621 1122 libros.
669 1059 902 1125 imaginatitam
919 1062 1068 1121 contendo
1083 1081 1199 1122 omnem
1215 1062 1382 1122 coelestem
1405 1076 1516 1138 opera·

160 1150 282 1223 tionem,
307 1160 338 1210 et
354 1151 470 1227 quidem
486 1149 730 1228 imaginationem
746 1148 776 1207 in
792 1149 903 1220 Terris,
929 1149 983 1209 hoc
999 1160 1044 1209 est
1064 1151 1092 1209 in
1113 1150 1310 1211 facultatibus
1324 1146 1516 1221 animalibus,

160 1239 202 1299 rei
218 1237 418 1318 geometricae
435 1237 689 1316 imaginabilibus,
705 1237 793 1296 simul
808 1248 839 1297 et
855 1238 938 1297 lucis.
980 1239 1064 1298 Haec
1087 1241 1176 1317 plane
1195 1250 1264 1299 sunt
1278 1257 1346 1298 mea
1361 1237 1515 1315 dogmata.

160 1327 227 1388 Nou
260 1347 306 1387 me
339 1337 435 1388 terres
463 1326 686 1407 explosionibus
717 1326 786 1384 tuis.
836 1327 879 1384 Tu
906 1346 978 1387 sero
1011 1347 1108 1387 nonne
1142 1328 1179 1389 de
1205 1328 1289 1388 noris
1321 1325 1456 1386 iuuentis
1487 1323 1514 1385 in

160 1417 327 1493 astrologia
351 1416 470 1495 etipse
496 1416 551 1475 toti
582 1416 713 1475 minatus
738 1434 771 1470 es
798 1416 991 1493 antiquitati?
1039 1416 1140 1493 Atque
1165 1417 1241 1477 adeo
1269 1433 1417 1494 perquam
1441 1431 1516 1474 nota

158 1504 232 1563 haec
248 1522 363 1564 mecum
383 1506 565 1565 communia:
591 1514 673 1562 astra
695 1519 753 1560 non
770 1522 840 1561 esse
860 1524 970 1565 causas
986 1523 1083 1565 rerum
1099 1505 1311 1576 sublunarium,
1337 1503 1393 1563 sed
1408 1519 1512 1562 exem-

159 1593 219 1667 pla,
244 1592 309 1652 Deo
334 1592 519 1654 internuncia
543 1604 573 1653 et
598 1600 794 1662 exsecutore;
824 1592 873 1650 ubi
898 1612 954 1670 ego
981 1593 1141 1671 cujuslibet
1166 1595 1208 1653 rei
1242 1592 1425 1654 facultatem
1449 1588 1514 1651 aui·

159 1680 265 1741 malem
295 1691 397 1741 statuo
421 1683 696 1757 exsecutricemque
722 1679 976 1756 imaginationem.
1024 1681 1090 1741 libi
1105 1682 1189 1742 Deus
1209 1683 1239 1742 iu
1266 1692 1408 1742 naturam
1424 1677 1515 1751 venir,

159 1768 230 1828 inihi
260 1779 368 1829 natura
396 1771 433 1830 ad
467 1770 655 1830 divinitatem
686 1767 812 1844 aspirat.
858 1772 961 1848 Atque
989 1772 1043 1829 en!
1081 1770 1122 1830 Et
1150 1770 1417 1848 imaginationibus
1441 1766 1514 1829 meir

159 1858 336 1918 subscribis.
384 1860 546 1937 Approbas
570 1855 723 1933 exempla;
752 1858 869 1934 profers
893 1859 921 1917 in
943 1869 1038 1935 peste,
1069 1878 1125 1918 non
1155 1872 1272 1919 terrore
1296 1859 1394 1918 solum
1419 1864 1514 1929 nocet,

160 1947 213 2007 sed
238 1948 416 2007 serenatione
440 1949 483 2008 rei
508 1948 614 2008 similis
639 1953 669 2003 et
694 1943 723 2001 in
748 1946 878 2005 membro
898 1947 997 2007 simili.
1046 1946 1160 2007 Contra
1178 1967 1237 2007 nou
1252 1946 1350 2007 omnis
1364 1947 1515 2024 imagina-

161 2034 252 2095 tionis
276 2054 350 2112 opus
375 2036 484 2096 malum
508 2049 571 2104 est:
600 2035 668 2095 huic
692 2032 880 2109 pulcherrimi
911 2050 940 2094 et
966 2046 1122 2113 parentum
1147 2037 1260 2096 similes
1294 2037 1447 2114 prodeunt
1469 2033 1515 2093 iu·

48 2157 57 2175 ·
161 2126 270 2194 lantes,
286 2123 354 2183 huic
369 2124 441 2183 nulli
453 2125 615 2184 sanitatem
631 2137 810 2197 recuperant
825 2143 863 2182 ex
878 2124 999 2183 morbis.
1038 2124 1188 2202 Denique,
1214 2124 1356 2203 quidquid
1370 2123 1516 2184 hacteuus

161 2212 215 2272 luit
239 2213 451 2289 exemplorum,
477 2232 535 2273 non
559 2214 663 2274 mirum
690 2208 754 2279 tuit,
780 2222 832 2271 aut
856 2222 937 2272 certe
961 2231 1018 2271 uon
1043 2233 1102 2290 qua
1125 2226 1212 2290 parte
1232 2213 1338 2273 mirum
1362 2232 1382 2271 a
1405 2220 1438 2272 te
1461 2208 1517 2288 tuit

160 2299 330 2361 adductum.
378 2300 472 2361 Tuum
501 2312 549 2362 est
580 2302 635 2362 hoc
660 2298 826 2360 clanculum
850 2313 879 2359 et
905 2320 997 2379 supra
1019 2312 1154 2361 nostrum
1178 2311 1315 2380 captum,
1340 2300 1420 2381 quod
1444 2317 1518 2361 uxor

159 2407 240 2462 mea,
284 2388 349 2448 riso
383 2389 488 2450 limace
522 2401 552 2451 et
587 2391 656 2450 forti
689 2384 903 2464 imaginatione
942 2389 1032 2449 filiolo
1067 2409 1132 2449 meo
1165 2389 1296 2450 ilenrico
1327 2408 1358 2469 p.
1392 2408 1432 2450 m.
1463 2406 1517 2466 pro

159 2477 294 2537 mentula
317 2476 509 2555 implantarit
531 2478 697 2542 limaceam.
725 2482 823 2546 (Comp.
846 2486 931 2534 litem
955 2486 1056 2549 septen
1082 2487 1115 2534 ar
1140 2486 1301 2535 stanuum
1324 2486 1416 2540 dam.
1443 2498 1519 2549 supra

159 2589 183 2636 p.
202 2569 276 2633 298.)
323 2565 372 2625 Ad
394 2567 449 2626 hoc
474 2586 557 2645 opus,
583 2569 718 2645 quamvis
743 2567 900 2627 rationalis
928 2577 1095 2637 creaturae,
1121 2567 1258 2627 discursu
1282 2586 1357 2627 sane
1377 2588 1436 2628 non
1462 2566 1517 2627 tuit

160 2672 216 2712 usa
247 2662 369 2726 natura,
403 2657 520 2716 occulto
554 2655 698 2717 instinctu
732 2656 854 2716 facturis.
910 2654 960 2716 Sic
1000 2675 1095 2734 neque
1130 2653 1238 2715 Jacobi
1272 2673 1345 2715 ores
1379 2656 1518 2718 discursu

160 2740 285 2801 rationis
319 2744 489 2805 utebantur.
555 2742 635 2814 Quid
669 2745 760 2822 igitur
794 2754 825 2803 tu
858 2744 905 2804 hic
935 2744 972 2803 de
1007 2745 1172 2804 structione
1211 2743 1265 2803 viri
1307 2752 1339 2804 et
1378 2742 1518 2818 feminae,

158 2828 284 2890 animosi
308 2841 340 2890 et
362 2832 535 2905 effeminati,
561 2832 686 2893 scientis
701 2832 870 2911 philosophi
895 2844 926 2891 et
944 2833 1110 2910 ignorantis
1135 2830 1239 2891 rustici
1260 2833 1424 2910 argutaris,
1451 2849 1520 2894 cum

158 2937 195 2977 ne
219 2918 338 2997 quidem
362 2920 440 2980 inter
463 2940 549 2980 ovem
573 2929 602 2979 et
627 2921 776 2980 homiuem
804 2921 891 2997 hujus
907 2922 949 2979 rei
974 2940 1068 2979 causa
1083 2921 1174 2979 liceat
1190 2920 1398 2998 distinguere?
1436 2919 1519 2981 Vide

158 3023 255 3066 meam
279 3006 573 3070 dissertatiunculam
598 3019 629 3068 et
652 3011 768 3069 reluta!
814 3010 974 3086 Nunquam
1006 3009 1083 3068 forte
1107 3009 1238 3068 Martem
1263 3008 1339 3069 vidit
1371 3009 1517 3088 agricola.

159 3095 236 3155 l'uto
260 3094 471 3157 multominus
496 3098 561 3175 eius
585 3116 676 3169 ux0r;
701 3110 732 3157 et
756 3109 866 3164 tamen,
891 3117 956 3156 cum
982 3097 1124 3174 gignunt,
1150 3097 1240 3157 horas
1265 3097 1431 3174 genesibus
1456 3096 1519 3160 suis

159 3190 377 3244 consentaneas
402 3185 565 3258 inveniunt,
595 3186 723 3246 maxime
747 3187 808 3246 illa.
856 3184 959 3245 Sitibi
984 3205 1041 3244 non
1067 3185 1201 3264 suppetit
1225 3187 1428 3264 experientia,
1462 3205 1523 3248 nou

160 3290 194 3330 es
217 3270 346 3350 diligens
371 3276 551 3352 astrologus.
597 3273 668 3334 Dixi
695 3275 773 3334 idem
797 3275 825 3333 in
851 3273 1129 3347 dissertatiuncula;
1155 3273 1343 3350 respexisses
1371 3275 1412 3335 ad
1443 3294 1556 3339 eam-

247 3360 294 3420 De
318 3370 418 3422 cetero
450 3363 478 3422 in
504 3362 694 3423 enamatione
719 3375 789 3422 tuae
813 3363 984 3422 sententiae
1014 3363 1186 3440 theologum
1218 3362 1305 3438 agis;
1336 3381 1465 3441 possum
1489 3372 1556 3425 et:

161 3465 217 3525 ego
232 3446 262 3508 in
277 3467 353 3509 mea.
398 3448 473 3511 Cum
493 3450 576 3511 Deus
592 3450 744 3523 irascitur,
769 3460 908 3511 naturam
922 3451 1198 3529 imaginationibus,
1224 3470 1299 3528 quas
1314 3452 1420 3526 mittit,
1447 3453 1556 3515 hor-

161 3535 262 3597 tendis
286 3538 458 3616 eclipsibus,
483 3538 717 3599 circumstantiis
741 3540 829 3612 acris,
854 3539 962 3617 agitat,
988 3548 1020 3599 ut
1043 3540 1206 3617 profundae
1231 3539 1295 3599 sint
1318 3540 1465 3601 tenebrae
1488 3546 1556 3602 e·

159 3633 297 3686 naturam
320 3626 392 3687 diris
416 3621 512 3688 modis
537 3636 680 3688 terreant.

247 3713 385 3777 Ridicule
410 3715 533 3776 desinis.
581 3716 663 3778 Deus
689 3724 720 3776 et
744 3715 840 3777 Satan
875 3723 1054 3775 concurrunt
1081 3744 1118 3753 —
1145 3714 1270 3775 stultum
1295 3734 1383 3796 ergo,
1419 3716 1556 3780 omnh

158 3801 197 3862 ad
222 3822 331 3863 causas
357 3805 511 3865 naturales
534 3805 656 3865 reterre.
705 3805 813 3875 Multa,
832 3804 961 3872 Fabrici,
987 3803 1089 3874 multa,
1112 3801 1170 3862 into
1194 3804 1354 3884 plerasque
1371 3804 1556 3869 scientia-

161 3891 249 3968 hujus
274 3893 444 3953 sententiae
469 3894 627 3973 tyrannide
651 3894 811 3972 opprimes.
859 3890 940 3961 Quid
956 3891 1053 3952 enim?
1100 3889 1134 3950 Si
1149 3892 1205 3952 hoc
1226 3910 1338 3967 rerum,
1366 3913 1438 3955 num
1453 3894 1556 3957 idea:

159 3997 256 4040 meam
281 3980 463 4042 senteutiam
488 4000 554 4042 cum
578 3990 632 4042 tua
654 3982 845 4059 permutabo,
879 3990 1040 4059 propterea
1069 3979 1148 4057 quod
1181 3988 1234 4039 tua
1258 3981 1315 4042 Dei
1340 3991 1374 4043 et
1396 3981 1556 4046 Diabo.

158 4085 215 4145 ope
239 4068 305 4145 plus
330 4068 453 4149 indiget,
479 4089 546 4129 mea
570 4070 638 4131 illas
653 4069 890 4151 hyperphysieas
905 4069 993 4148 plane
1019 4086 1077 4129 non
1101 4067 1255 4128 excludit?
1300 4070 1427 4132 Minime
1448 4073 1505 4134 boc
1551 4108 1556 4118 ι

159 4155 263 4217 Potius
288 4177 405 4219 ornnem
429 4158 627 4237 astrologiam
651 4159 805 4219 mittamus
829 4168 860 4218 et
875 4157 1013 4218 mundum
1038 4156 1229 4216 sublunarem
1248 4157 1315 4220 Deo
1340 4158 1556 4224 etDiabolc

158 4246 321 4323 regendum
345 4247 510 4307 tradamus.
559 4249 635 4320 Aut,
669 4248 694 4307 si
718 4247 797 4326 piutu
824 4259 854 4307 et
878 4256 1029 4320 sanctum,
1060 4244 1248 4306 naturalibus
1273 4258 1419 4326 quantum
1443 4268 1555 4330 post

158 4351 260 4395 sumus
283 4334 476 4408 contendere,
500 4335 668 4413 praestabit
692 4336 757 4414 ejus
781 4334 940 4408 sententia,
970 4333 1018 4413 qui
1048 4333 1240 4411 paucioribus
1255 4336 1412 4415 principiis
1431 4339 1545 4418 plur!

158 4421 260 4484 efficit.

229 4509 440 4560 Fabricius:
459 4509 499 4558 An
516 4511 722 4561 inflammare
741 4511 936 4560 essentialis
955 4511 1144 4573 proprietas
1164 4506 1251 4558 Solis
1270 4512 1317 4566 sit,
1336 4509 1523 4562 rddedrffle·

157 4581 223 4633 Nam
242 4580 405 4631 inflammatio
424 4577 471 4641 (sc,
491 4595 556 4645 quae
575 4596 591 4631 a
610 4581 667 4632 Sole
687 4581 773 4637 orituri
791 4595 840 4630 non
859 4582 888 4629 fit
906 4582 937 4630 ab
957 4582 1055 4629 actione
1074 4579 1138 4628 Solis
1158 4582 1285 4630 essentiali
1304 4583 1458 4646 praecipuo.
1475 4577 1523 4634 tol

158 4667 201 4715 per
219 4653 346 4708 reddens,
365 4664 383 4699 a
399 4651 523 4701 radlornm
541 4654 681 4703 reflexione.
719 4651 805 4700 Multis
823 4653 921 4715 probari
939 4656 1030 4715 potest,
1050 4649 1115 4699 Solis
1135 4651 1243 4700 calorem
1261 4654 1287 4702 in
1305 4666 1404 4703 mmmo
1417 4653 1518 4707 aethere

158 4724 277 4772 minorem
296 4736 361 4780 esre,
379 4736 454 4787 qnam
472 4723 497 4770 in
516 4721 606 4783 Terris,
626 4725 684 4785 quia
702 4721 771 4773 calor
788 4723 829 4772 ille
848 4738 897 4772 non
917 4729 955 4771 est
973 4722 1130 4772 elementaris
1142 4723 1216 4787 ignis.
1235 4730 1281 4772 ant
1297 4722 1368 4773 calor
1380 4722 1515 4789 depascent

157 4800 203 4845 eat
220 4793 359 4851 daurons
387 4793 432 4844 red
449 4791 576 4844 vivificans
603 4799 630 4842 ot
647 4806 811 4848 comeam.
835 4799 864 4844 ut
881 4799 909 4843 tu
927 4799 996 4844 recto
1014 4793 1114 4849 scribier
1142 4793 1289 4856 etprolade
1307 4795 1386 4845 οιίιιιι
1410 4794 1515 4849 umal
