3366 5482
164 228 209 296 00
402 285 404 288 ,
425 294 426 297 Ἴ
751 222 913 277 recemum.

160 406 217 445 rero
236 388 347 455 Keplerl,
365 403 430 456 quae
442 386 601 439 Prodromum
619 388 752 438 subsecuta
769 393 834 448 sunt,
854 401 893 444 ea,
912 399 976 453 qnae
994 401 1025 438 ex
1043 386 1114 439 dictis
1132 384 1292 437 voluminibus
1309 388 1424 438 dmumta
1440 356 1509 438 addi·

161 462 254 520 dlrnus,
272 461 339 513 haud
357 461 424 526 parri
443 465 501 510 sunt
518 460 645 510 momenti.
1490 500 1501 519 ,Δ

230 533 297 596 Jam,
316 534 447 587 redeuntes
461 532 493 581 ad
505 531 711 587 Hervartum,
729 530 801 587 haec,
821 528 995 581 concludentes
1012 529 1078 581 bano
1096 530 1254 593 praefationis
1271 535 1376 594 partem,
1396 528 1513 581 &denda

160 606 308 658 censuimus.
343 604 452 656 Primam
470 603 533 653 adiit
550 602 686 667 Keplemm
702 600 854 659 Hcrwartus,
874 601 1050 668 chronologicis
1067 601 1155 653 studiis
1172 609 1321 666 occupatus,
1340 617 1383 666 per
1402 600 1510 652 Christo

160 677 261 743 phorum
280 677 483 742 (iricubergerum
502 668 516 724 ὃ
535 672 590 724 Soc.
609 672 685 729 Jesu,
710 679 762 722 tum
779 673 894 737 temporis
913 673 1019 724 fimetis
1043 673 1198 724 mathemate
1215 673 1386 737 profitentem,
1413 677 1511 723 metata

160 749 220 800 anni
240 745 320 806 sset,
340 747 466 799 Lucani
484 746 577 796 dictum
595 745 628 796 ad
646 751 739 795 certum
758 759 850 795 mnam
866 744 956 795 referre
976 746 1091 810 cupiens,
1118 761 1164 811 quo
1185 745 1317 804 ,Lucanus
1336 750 1450 795 recenset
1468 744 1509 793 ob

160 821 324 872 servationem
343 818 544 875 constellationis,
564 831 638 881 quam
650 816 763 882 Nigidius
775 816 877 882 Figulus
890 815 1082 869 Mathematicus
1101 823 1160 867 ante
1179 816 1268 867 bellum
1283 816 1353 866 civile
1367 815 1395 865 C.
1407 815 1433 866 J.
1447 814 1509 865 Cae·

160 893 239 949 sads,
258 891 296 942 rel
315 891 404 943 saltem
421 889 543 954 Augusti,
563 887 712 939 observarit⁸⁴
734 885 819 950 (rerba
837 886 980 950 liemare).

235 1036 273 1088 ed
291 1037 357 1088 hanc
375 1039 545 1104 quaestionem
562 1036 688 1102 respondit
703 1035 858 1100 Keplerus
876 1036 941 1087 bunc
959 1038 985 1087 in
1002 1037 1115 1087 modum:

252 1142 328 1207 Cum
351 1145 380 1206 iu
403 1146 460 1207 hoc
482 1145 640 1225 dignitatis
664 1145 785 1225 fastigio
809 1145 974 1207 collocatus
1005 1144 1194 1207 nihilominus
1222 1144 1375 1206 literarum
1398 1138 1509 1216 studia,

93 1284 96 1291 .
160 1232 318 1297 lectionem
342 1234 533 1297 historiarum
557 1242 589 1296 et
612 1235 781 1297 matheseos
805 1235 1004 1314 cognitionem
1028 1253 1121 1310 ames,
1146 1254 1203 1296 nou
1227 1252 1349 1315 possum
1374 1232 1508 1312 equidem

159 1323 224 1398 tibi,
249 1323 306 1385 Vir
329 1324 446 1387 nubet
467 1325 566 1406 ampl,
592 1343 650 1386 nou
673 1324 827 1404 gratulari,
850 1333 953 1403 utpote
977 1325 1024 1387 cui
1048 1323 1120 1384 nibil
1144 1323 1273 1385 omnium
1295 1341 1393 1384 rerum
1413 1321 1507 1394 deest,

161 1430 236 1492 quae
261 1412 309 1474 vel
331 1412 396 1493 ipse
419 1414 603 1475 Aristoteles
635 1413 665 1475 iu
697 1433 751 1475 sua
782 1413 936 1477 felicitatis
963 1414 1032 1475 idea
1060 1411 1220 1474 desideret.
1269 1410 1335 1483 Quo
1359 1409 1509 1472 lubentius

160 1501 307 1563 desiderio
332 1511 392 1578 tuo,
417 1503 496 1583 quod
510 1502 606 1564 literis
620 1503 658 1563 ad
673 1503 711 1566 D.
727 1500 976 1582 Grieubergemm
1000 1503 1080 1565 datis
1104 1509 1236 1563 testatos
1260 1521 1302 1575 es,
1327 1499 1504 1562 satisfacere

160 1591 316 1666 contendo,
339 1592 512 1672 propositae
527 1591 711 1674 quaestionis
726 1592 923 1677 explicatione
938 1593 1069 1673 scripta:
1094 1611 1152 1653 uon
1167 1591 1295 1672 quidem,
1321 1589 1398 1670 quod
1418 1589 1464 1650 ita
1487 1609 1506 1649 a

161 1679 275 1741 nemine
299 1700 389 1761 quam
413 1702 432 1743 a
454 1699 501 1744 me
525 1681 636 1745 rectius
659 1681 722 1744 deri
745 1700 833 1761 posse
856 1699 1017 1760 sperarem,
1043 1681 1096 1743 sed
1115 1680 1185 1760 quia
1198 1679 1385 1742 occasionem
1401 1679 1504 1740 deme-

161 1770 243 1832 rendi
267 1769 337 1831 mihi
361 1771 440 1833 tanti
463 1771 536 1846 viri,
572 1771 656 1850 cujus
680 1771 749 1832 mihi
773 1790 855 1851 spem
878 1771 991 1834 faciunt
1014 1770 1082 1832 illae
1109 1769 1194 1849 ipsae
1226 1769 1350 1837 literae,
1383 1769 1504 1831 mirifice

162 1859 354 1921 deosculatus
378 1880 451 1922 snm.
485 1860 712 1922 Resolotiouem
736 1868 835 1922 autem
857 1860 954 1940 ipsam
972 1879 1030 1921 non
1046 1859 1107 1920 alia
1120 1858 1226 1939 scripsi
1242 1858 1391 1932 methodo,
1418 1878 1505 1938 quam

160 1966 205 2022 ca,
231 1966 289 2028 qua
312 1955 403 2010 natae
427 1948 499 2010 mibi
521 1956 592 2011 suut
614 1950 650 2011 de
674 1950 740 2029 ipsa
764 1949 936 2030 quaestione
959 1949 1172 2030 cogitationes:
1205 1968 1279 2029 quae
1308 1948 1403 2009 forma
1427 1946 1505 2009 scri-

160 2036 250 2098 bendi
273 2037 331 2098 etsi
354 2036 436 2098 rudis
459 2046 491 2099 et
513 2037 634 2117 indigna
657 2039 787 2100 fortasse
811 2045 894 2099 tanto
918 2040 1029 2101 lectore
1054 2045 1111 2109 est,
1134 2045 1234 2100 tamen
1254 2037 1291 2098 ob
1312 2036 1342 2096 id
1357 2036 1427 2097 mibi
1447 2055 1503 2117 po-

160 2124 308 2186 tissimum
332 2125 442 2199 arrisit,
467 2134 500 2188 nt
521 2144 575 2206 per
598 2145 664 2187 eam
687 2135 805 2206 pateret
826 2145 892 2188 cum
914 2128 987 2191 fides
1010 2146 1078 2189 mea
1099 2128 1130 2188 in
1148 2128 1205 2188 hac
1224 2125 1423 2206 explicatione
1447 2126 1503 2187 ad·

159 2212 256 2276 hibita
277 2221 340 2276 tum
365 2214 526 2276 difficultas
549 2213 577 2276 iu
603 2215 665 2276 alia
687 2215 890 2295 confingenda.
933 2214 1047 2288 Quibus
1069 2216 1098 2277 iu
1122 2215 1249 2297 pagellis
1272 2215 1299 2276 si
1322 2213 1391 2293 qnid
1414 2233 1503 2297 repe·

159 2303 245 2378 reris,
270 2304 348 2384 quod
371 2303 499 2383 placeat,
524 2310 556 2365 et
578 2304 616 2367 ob
640 2304 718 2384 quod
741 2322 786 2365 me
809 2312 861 2365 tuo
881 2303 999 2386 dignum
1014 2306 1116 2367 favore
1131 2325 1265 2378 censeas,
1290 2304 1367 2385 quod
1390 2305 1504 2366 utinam

160 2410 218 2454 noo
242 2391 328 2455 irrita
351 2392 422 2467 mibi
445 2393 625 2456 confidentia
652 2395 879 2475 persuaderem,
912 2396 976 2475 ejus
1008 2395 1051 2458 rei
1079 2394 1328 2457 demonstrandae
1356 2395 1504 2472 geminam

160 2481 347 2543 occasionem
371 2502 437 2544 cum
461 2482 580 2562 optione
603 2502 754 2563 propono,
788 2490 822 2545 ut
845 2491 897 2545 aut
919 2503 965 2546 me
989 2485 1026 2545 D.
1050 2484 1206 2557 Ficklero,
1239 2483 1303 2544 viro
1326 2483 1502 2554 clarissimo,

161 2570 210 2650 qni
234 2571 496 2647 consanguinitate
519 2579 661 2652 parentes
677 2592 759 2635 meos
774 2571 904 2652 attingit,
929 2574 1126 2647 commendes,
1152 2580 1205 2634 aut
1226 2572 1504 2634 mathematicorum

159 2658 337 2721 vestratium
355 2660 469 2740 judicia
492 2660 529 2721 de
553 2678 622 2749 meo!
642 2680 735 2741 nuper
758 2662 843 2723 edito
862 2661 976 2738 libello,
1009 2682 1067 2724 non
1101 2662 1193 2724 refert
1226 2681 1312 2742 quam
1336 2661 1408 2724 mihi
1432 2680 1503 2742 pro-

158 2746 244 2829 pitia,
268 2757 457 2829 extorqueas,
481 2756 571 2830 atque
595 2751 634 2812 ad
652 2770 699 2812 me
713 2751 837 2831 perferri
856 2752 897 2823 (si
909 2771 968 2814 non
983 2760 1157 2831 arroganter
1171 2757 1257 2829 peto)
1271 2769 1325 2830 pro
1340 2751 1503 2813 autoritate

160 2846 213 2898 tua
230 2837 349 2916 jubeas.
397 2839 432 2900 ld
450 2858 544 2918 qoam
566 2839 640 2901 meis
667 2840 757 2902 rebus
784 2841 968 2920 profuturum
1000 2841 1058 2914 sit,
1091 2841 1289 2920 conjecturam
1314 2858 1351 2900 ex
1374 2840 1428 2900 illa
1452 2847 1504 2900 tua

159 2925 290 3005 epistola
312 2927 407 3008 capio,
433 2946 509 3008 quae
533 2928 608 2990 adeo
632 2928 808 3011 quibusdam
831 2947 868 2990 ex
891 2949 955 2992 meo
969 2929 1146 3010 magistratu
1165 2929 1287 3008 placuit,
1312 2936 1345 2989 ut
1368 2928 1439 2990 nihil
1465 2927 1502 2989 ad

159 3032 255 3077 meum
282 3015 422 3079 honorem
455 3017 678 3081 convenientius
711 3020 845 3081 accidere
879 3020 1011 3098 potuisse
1044 3018 1218 3080 existimem.
1267 3017 1345 3079 Vale
1368 3017 1447 3080 Nob.
1473 3023 1505 3078 et

159 3101 258 3183 Ampl.
276 3104 340 3178 Vir,
365 3105 445 3168 etsi
469 3106 538 3186 qnid
562 3107 622 3168 diri
645 3108 741 3170 minus
765 3109 828 3171 foro
848 3109 1110 3181 accommodatum,
1136 3107 1412 3169 mathematicorum
1436 3126 1502 3170 mo·

157 3192 239 3253 ribus
262 3194 407 3256 condona.
449 3194 486 3258 17
507 3193 591 3275 Sept.
620 3194 712 3261 1597.
952 3270 956 3278 ,

528 3285 606 3346 Nob.
632 3295 662 3347 et
686 3286 785 3366 Ampl.
810 3285 844 3345 T.
1088 3284 1290 3346 deditissimus

1004 3373 1048 3436 Μ.
1072 3374 1231 3438 Jobunnes
1252 3371 1380 3455 Kepler.

869 3463 913 3524 lli.
939 3460 1059 3543 Styriae
1082 3482 1235 3543 proeemm
1259 3463 1503 3527 Mathematicus.

228 3635 285 3686 liae
315 3635 417 3704 Kepleri
442 3638 529 3689 literae
564 3640 653 3691 desunt
679 3643 704 3690 in
732 3639 874 3691 collectione
906 3641 1100 3704 Petropolitaua3
1136 3639 1296 3690 desumsimns
1324 3654 1367 3690 aas
1400 3657 1413 3691 e
1444 3641 1505 3692 libro

159 3708 185 3758 F.
207 3706 309 3757 Paula
333 3706 368 3757 de
398 3709 554 3767 Schrauh,
583 3728 655 3777 quem
681 3713 819 3775 inscripsit:
847 3710 990 3775 Sammlung
1014 3711 1169 3761 naturhistor.
1196 3726 1221 3759 n.
1253 3712 1347 3776 physik.
1376 3712 1505 3764 Aufsttae.

159 3778 242 3830 Norib.
257 3775 335 3833 1796.
353 3780 378 3830 iu
396 3795 443 3845 quo
461 3781 507 3832 has
526 3797 581 3832 cum
599 3784 676 3833 tribm
694 3790 812 3848 sequente
830 3797 894 3832 anno
913 3783 945 3833 ad
961 3783 1114 3833 Bernartnm
1133 3785 1228 3846 scriptis
1245 3783 1321 3833 literis
1340 3783 1442 3847 Kepleri
1458 3785 1505 3834 lm·
1551 3796 1554 3828 ι

158 3849 297 3914 primendas
316 3853 422 3909 curarit,
441 3852 566 3903 desumtas
584 3856 599 3903 e
617 3855 788 3917 manuscriptis
806 3853 925 3903 Hervaru'
944 3856 968 3904 in
987 3854 1133 3904 bibliotheca
1146 3853 1333 3904 Landshutiana
1352 3852 1431 3916 (nune
1449 3852 1505 3906 hfoss
1551 3870 1554 3919 ι

159 3917 254 3982 nachii)
274 3925 431 3973 conservatis.
470 3924 540 3985 Quae
559 3927 653 3976 addidit
671 3925 791 3988 Keplerus
811 3925 857 3974 illis
875 3924 966 3980 literis,
983 3928 1103 3989 separatis
1121 3928 1259 3988 conscripta
1276 3926 1339 3975 foliis
1356 3927 1431 3990 plane
1448 3941 1505 3990 per·
1547 3938 1553 3973 s

158 3994 239 4043 tinent
265 3992 297 4042 ad
325 3997 493 4059 quaestionem
521 3997 553 4046 ab
576 3997 704 4047 Her-carto
727 3997 890 4060 pmpositam,
909 4011 984 4059 quare
1002 3998 1041 4047 bic
1060 3998 1196 4047 omittenda
1213 3997 1257 4047 illa
1274 4012 1412 4048 censemus.
1449 3999 1506 4050 Huc
1546 4012 1554 4058 t

159 4070 256 4114 natum
274 4063 384 4114 addim
402 4069 561 4131 respicientes
579 4069 612 4118 ad
630 4067 811 4118 conclusionem
828 4067 952 4117 literarum
971 4068 1088 4133 Keplea',
1116 4067 1249 4132 Keplerum
1272 4075 1406 4133 cognatum
1428 4069 1507 4120 fuisse
1545 4078 1554 4132 l

158 4134 198 4185 Jo.
222 4134 296 4185 reich.
320 4137 447 4198 lichiaco,
475 4139 525 4189 filio
551 4140 591 4189 Jo.
619 4139 723 4190 Fickleri
750 4138 879 4195 erensis,
912 4143 980 4202 culus
1011 4147 1090 4189 mater
1119 4154 1185 4189 soror
1211 4140 1258 4190 fuit
1282 4139 1392 4197 llillcri,
1420 4140 1506 4205 pro'ayl
1543 4158 1554 4208 q

159 4206 267 4270 Kspferi.
315 4208 354 4257 Jo.
385 4206 461 4258 Mich.
495 4211 633 4268 ficklerus,
662 4224 770 4260 assemor
799 4223 913 4261 camerae
943 4211 1075 4275 Spirensis,
1112 4211 1225 4262 fundator
1256 4210 1368 4274 stipendii
1405 4211 1504 4263 rictu·
1540 4227 1554 4282 p

159 4278 236 4337 nani,
263 4293 311 4343 quo
336 4278 440 4342 posthac
457 4282 582 4333 fruebatur
603 4283 704 4346 Kepleri
727 4282 789 4330 filius
808 4282 963 4339 Ludoricns,
987 4282 1092 4332 decessit
1115 4295 1179 4332 anuo
1201 4280 1275 4334 1587.
1313 4282 1368 4332 Job.
1388 4282 1508 4346 θεοῦ*
1539 4292 1552 4349 t

160 4349 293 4406 ficklems,
311 4364 383 4413 quom
402 4365 476 4414 snpra
493 4354 614 4418 Keplerne
633 4355 700 4410 dicit,
720 4354 796 4403 freter
813 4359 867 4403 erat
885 4356 937 4403 sine
956 4354 1027 4402 dubio
1045 4352 1117 4408 illius,
1136 4354 1208 4403 theol.
1223 4362 1248 4404 et
1257 4353 1386 4417 jurisprud.
1401 4354 1505 4412 Dootcr,
1538 4374 1551 4425 q

159 4421 272 4471 electoris
299 4419 460 4472 Maximiliani
484 4424 503 4473 l.
531 4432 694 4489 praeceptor,
720 4425 871 4475 consiliarius
898 4433 924 4473 et
945 4424 1122 4488 protonotarius
1150 4425 1349 4490 Salisburgcnsis.
1369 4450 1402 4460 -
1421 4412 1554 4508 Pr'nn'g

160 4491 316 4557 epistolarum
340 4492 509 4555 Herrrarti,
537 4512 601 4559 qnae
624 4499 708 4546 insuat
733 4497 809 4547 codici
827 4496 1027 4560 Petropolitano,
1056 4494 1116 4543 data
1138 4495 1263 4547 Monachii
1285 4496 1309 4545 d.
1330 4493 1364 4544 et
1383 4494 1440 4546 Oct
1458 4492 1505 4555 OT,
1533 4516 1554 4586 Ν

159 4563 223 4614 haec
247 4562 336 4613 habet:
364 4562 449 4615 Salute
471 4574 496 4617 et
513 4568 645 4618 officiorum
668 4567 847 4631 studiorumque
873 4567 994 4615 oblatione
1020 4568 1159 4629 praemissis
1194 4570 1321 4618 certiorem
1348 4572 1374 4616 te
1401 4567 1505 4619 reddere

159 4634 233 4692 solui,
252 4633 296 4684 Vir
314 4635 471 4691 Doctissime.
495 4638 579 4689 literas
596 4647 709 4689 metuas
730 4637 769 4688 17.
790 4638 857 4701 Sept.
876 4638 948 4688 datas
965 4638 1028 4687 bene
1046 4637 1160 4701 quidem.
1186 4646 1296 4690 atamen
1318 4638 1437 4689 butema
1458 4636 1503 4691 de'·
1530 4635 1554 4728 q*

160 4720 227 4756 mom
245 4705 298 4763 die,
318 4708 450 4770 accepisse.
1497 4744 1500 4749 -
1529 4698 1554 4786 ,Ι

232 4777 353 4833 Loeatm
370 4777 404 4829 fni
422 4795 586 4845 summopere,
606 4795 676 4840 cum,
696 4782 742 4831 nisi
760 4795 800 4833 me
818 4780 912 4829 animus
929 4778 1003 4842 plane
1021 4779 1105 4836 fallat,
1123 4782 1297 4842 perspexerim,
1325 4780 1369 4829 tibi
1395 4780 1460 4831 baec
1477 4786 1504 4841 et
1527 4748 1554 4882 ἐ
