3366 5482
657 243 742 307 (ἕψει
758 243 810 295 XX·
1355 248 1416 313 175

53 403 139 465 istius
163 419 255 483 quam
277 400 358 464 illius
382 409 483 470 motus,
506 401 628 475 sortior,
653 403 717 463 siva
742 403 878 474 citatior,
902 404 966 465 aire
985 404 1142 484 pernicior,
1168 406 1232 468 sive
1255 405 1415 487 vigentior,

53 511 104 554 aen
128 508 305 572 quocunque
330 490 422 551 verbo
446 509 509 552 rem
533 492 702 568 exprimere
726 491 836 569 placet.
875 494 921 554 At
944 502 1056 572 quanto
1080 494 1162 556 orbis
1182 494 1254 556 orbe
1278 497 1415 576 amplior,

53 586 138 642 muto
162 580 231 659 plus
254 578 401 658 temporis
424 579 517 640 etiam
541 578 666 658 requirit
689 579 728 639 ad
757 579 920 656 ambitum,
956 583 1014 643 etsi
1043 582 1181 663 utrinque
1211 583 1252 644 sit
1279 587 1415 665 aequalis

52 670 94 731 ris
118 678 230 731 motus.
263 667 346 746 Ergo
369 667 438 729 hinc
462 667 605 747 seqnitur,
632 686 719 728 unam
744 669 965 748 elongationem
985 671 1127 748 planetae
1146 669 1251 740 aSole
1270 674 1415 752 majorem

52 759 96 821 bis
120 759 223 820 faeere
247 756 286 817 ad
310 757 480 835 aagendam
503 755 676 835 periodum:
709 764 741 817 et
764 766 882 831 contra,
914 758 1131 821 incrementum
1154 759 1267 838 periodi
1294 762 1415 841 duplum

52 865 117 910 esse
142 847 183 908 ad
206 845 406 920 ἀκοςηματωτ
430 844 637 906 differentiam.
654 843 678 917 ¹)

137 934 302 997 Dimidium
326 933 420 1012 igitur
441 933 616 994 incrementi
640 933 775 996 additum
798 933 921 1014 periodo
946 933 1051 995 minori
1071 935 1212 997 exhibere
1232 935 1324 998 debet
1341 957 1414 1017 pro-

53 1021 353 1106 portionem'veram
372 1021 604 1084 distantiarum:
630 1021 674 1083 sic
699 1032 731 1084 ut
754 1031 954 1102 aggregatum
977 1022 1027 1096 sit,
1053 1031 1087 1084 ut
1105 1024 1254 1086 distantia
1277 1027 1414 1105 superio-

53 1115 92 1176 n's
114 1123 149 1176 et
169 1112 300 1191 simplex
318 1109 413 1172 minor
427 1111 568 1190 periodus
583 1118 793 1189 repraesentet
806 1110 964 1186 inferioris,
991 1129 1034 1172 sc.
1059 1112 1201 1191 planetae
1226 1114 1273 1175 sui
1296 1114 1416 1177 distan-

54 1203 123 1265 tiam
153 1203 185 1263 in
214 1200 321 1261 eadem
349 1199 528 1278 quantitate.
575 1198 774 1278 Exemplum:
808 1204 829 1276 ζ)
862 1209 961 1261 motus
994 1200 1164 1279 periodicas
1197 1212 1246 1263 est
1277 1199 1321 1265 88
1353 1204 1417 1266 iere

54 1290 176 1364 dierum,
202 1286 332 1349 Veneris
356 1285 422 1348 224
444 1306 512 1349 cnm
533 1288 621 1348 besse
642 1291 744 1362 l'errno,
771 1288 941 1349 differentia
970 1284 1029 1351 136
1054 1299 1086 1350 ει
1109 1289 1350 1365 headimidinm
1373 1289 1417 1355 68

55 1389 81 1441 et
102 1398 178 1458 pars
201 1377 303 1439 tertia.
349 1376 415 1436 Hoc
435 1377 573 1455 junctum
599 1396 665 1437 curn
689 1372 732 1438 88
757 1376 846 1437 efficit
876 1372 934 1438 156
959 1386 989 1437 ει
1013 1377 1163 1440 trientem.
1211 1378 1292 1457 Ergo
1316 1391 1350 1441 ut
1373 1378 1417 1463 88
1530 1386 1540 1415 ⁸

56 1469 89 1530 ad
115 1463 181 1530 156
205 1485 273 1528 cnm
295 1464 406 1538 tertia,
442 1467 485 1526 sic
516 1464 739 1525 semidiameter
767 1465 870 1526 circuli
894 1465 1084 1527 Mercurialis
1109 1466 1198 1528 medii
1222 1468 1261 1528 ad
1285 1469 1416 1530 mediam

57 1556 194 1620 Veneris.
232 1555 298 1616 Hoc
321 1553 410 1615 modo
435 1552 460 1615 si
479 1552 508 1615 in
529 1552 654 1632 singulis
669 1553 812 1632 opereris,
839 1563 929 1633 atque
953 1555 1165 1633 provenientes
1189 1553 1276 1617 binas
1296 1557 1415 1618 distan-

57 1646 110 1709 tias
133 1663 191 1726 per
213 1659 354 1705 numeros
377 1642 495 1704 sinuum
520 1642 662 1720 explices,
689 1641 732 1702 sic
757 1651 788 1703 ut
812 1662 932 1721 semper
951 1642 1113 1723 superioris
1133 1642 1357 1708 semidiameter
1375 1645 1415 1708 sit

59 1734 134 1798 dnus
159 1741 265 1796 totus:

627 1870 657 1944 'll
681 1868 771 1933 574·
1053 1867 1119 1934 572

383 1957 540 2038 proveniet
628 1912 776 2056 62744
846 1960 888 2020 Αι
913 1964 960 2018 est
1052 1957 1117 2020 290

354 2045 576 2108 semidiameter
628 2042 771 2122 ζ5694(7
891 2044 921 2107 in
1053 2044 1118 2109 058

422 2135 503 2196 orbis
597 2103 653 2270 ‘Q
679 2131 744 2197 702
819 2133 988 2215 Copernico
1053 2132 1118 2199 719

634 2220 743 2301 §563
1052 2220 1118 2288 500
1139 2218 1182 2297 ⁶⁰)

137 2349 288 2430 Propius,
318 2358 351 2411 ut
375 2349 479 2424 vides,
508 2350 546 2410 ad
570 2349 730 2410 veritatem
755 2342 946 2410 accessimus.
962 2351 990 2422 ⁸)
1036 2348 1104 2410 Etsi
1129 2367 1200 2410 vero
1224 2348 1346 2424 dubito,
1377 2370 1415 2411 an

60 2438 293 2503 demonstrativa
314 2439 472 2510 methodo,
504 2438 582 2518 qnod
606 2439 762 2500 theorema
785 2436 973 2512 instituerat,
1003 2436 1107 2517 praxis
1131 2439 1192 2499 ista
1216 2437 1329 2499 divisae
1355 2438 1416 2500 dil-

58 2528 201 2592 ferentiae
225 2537 368 2590 assecuta
392 2527 481 2589 fuerit
507 2546 561 2607 per
590 2525 752 2599 omnim:
786 2534 886 2586 tamen
921 2545 979 2587 non
1013 2527 1132 2590 omnino
1164 2527 1236 2588 nihil
1270 2527 1299 2587 in
1334 2527 1415 2590 hisce

57 2617 185 2681 numeris
208 2617 314 2691 latere,
340 2617 461 2679 credere
486 2636 532 2678 me
553 2617 640 2695 jubet
664 2615 724 2676 alia
748 2613 923 2676 numerandi
946 2617 1123 2691 methodus,
1149 2636 1208 2696 qua
1232 2615 1271 2678 ad
1295 2617 1417 2678 eosdem

57 2726 192 2769 numeros
215 2706 364 2769 revolvar.
403 2702 483 2775 Quia
504 2704 583 2766 enim
603 2704 757 2783 probabile
773 2712 829 2777 est,
855 2703 1060 2765 fortitudinem
1084 2714 1181 2766 motus
1205 2723 1271 2766 cum
1296 2705 1415 2766 distan-

56 2795 100 2858 nis
123 2815 197 2858 esse
219 2795 249 2856 in
273 2795 484 2874 proportione:
510 2793 568 2855 erit
591 2801 622 2853 et
645 2793 702 2854 hoc
721 2791 885 2870 probabile,
910 2793 989 2871 quod
1013 2793 1138 2873 quilibet
1161 2795 1293 2874 planeta,
1319 2813 1417 2874 qnan-

56 2893 113 2947 tum
138 2891 266 2964 superat
294 2883 479 2962 superiorem
507 2882 681 2944 fortitudine
714 2891 832 2954 morus,
866 2889 983 2943 tanturn
1016 2892 1174 2960 superetur
1202 2883 1230 2942 in
1258 2882 1415 2944 distantia.

56 2972 128 3036 Esto
158 2972 270 3053 igitur,
306 2972 433 3051 exempli
467 2971 584 3051 gratia,
619 2969 730 3031 Martis
756 2979 788 3031 et
816 2969 963 3031 distantia
991 2979 1023 3031 et
1046 2971 1142 3032 virtus
1167 2971 1274 3032 unitas.
1321 2971 1418 3050 Igitur

56 3062 148 3143 quoti
169 3060 323 3142 particuli
344 3059 465 3122 virtutis
489 3060 621 3121 Martiae
646 3059 749 3120 Tellus
772 3059 872 3120 Marte
896 3059 1003 3120 fortior
1030 3067 1096 3120 est:
1127 3066 1223 3120 totam
1251 3059 1416 3121 distantiae

55 3150 184 3214 Martiae
209 3149 389 3229 particulam
409 3149 540 3211 amittet.
579 3149 644 3210 Hoc
669 3147 756 3209 facile
780 3148 815 3207 lit
836 3165 891 3226 per
914 3149 1048 3227 regulam
1071 3147 1161 3210 lalsi:
1185 3165 1263 3227 pono
1287 3166 1415 3228 namque

56 3240 171 3302 radium
195 3238 325 3301 Telluris
350 3239 388 3300 ad
411 3237 554 3301 Martium
579 3256 646 3297 esse
671 3245 704 3297 nt
727 3231 793 3299 094
816 3237 854 3297 ad
881 3233 979 3311 1000,
1005 3253 1089 3315 ergo,
1114 3237 1228 3316 inquio,
1254 3237 1279 3299 si
1303 3236 1413 3316 ampli·

56 3330 124 3391 tudo
149 3326 254 3390 circuli
278 3345 332 3407 per
350 3324 435 3391 1000
458 3334 566 3388 notata
588 3325 814 3406 perambulatur
838 3347 856 3386 a
879 3325 909 3386 vi
932 3326 1058 3387 motrice
1073 3326 1187 3388 Martia
1211 3323 1275 3389 687
1300 3325 1414 3399 diebus,
1529 3359 1540 3373 κ

55 3416 314 3497 perambulabitur
337 3417 444 3478 eadem
468 3416 497 3476 vi
521 3416 635 3477 Martia
659 3414 787 3476 circulus
811 3413 923 3488 minor,
958 3433 1012 3493 per
1043 3410 1108 3479 694
1136 3423 1277 3489 notatus,
1310 3415 1414 3477 diebus

55 3504 128 3569 477.
177 3506 249 3568 Jarn
273 3504 344 3584 quia
367 3513 481 3566 certum
506 3513 563 3577 est,
588 3504 700 3583 Terrae
724 3503 878 3564 circuitum
902 3522 968 3563 esse
992 3523 1048 3565 nnn
1072 3500 1155 3578 477,
1181 3505 1234 3565 sed
1259 3500 1414 3567 365uie-

56 3615 136 3658 rum:
166 3613 261 3674 pergo
288 3613 343 3673 per
370 3594 504 3673 regulam
528 3595 679 3654 inversam
707 3592 769 3653 sic:
799 3592 864 3653 dies
888 3589 951 3653 477
976 3602 1221 3655 consumerentur
1244 3613 1264 3654 a
1286 3592 1414 3673 simplici

55 3685 84 3745 ri
104 3684 239 3757 Martia;
273 3690 417 3763 quantum
445 3683 481 3742 da
511 3682 540 3742 vi
563 3683 678 3743 Martia
703 3680 852 3741 consumit
879 3680 1034 3742 circuitum
1060 3678 1126 3744 365
1155 3698 1222 3743 cum
1246 3683 1413 3762 quadrante

57 3772 167 3835 dierum
189 3790 245 3853 ρετ
268 3772 394 3832 eundem
419 3771 573 3845 ambitum,
598 3790 685 3849 quem
708 3770 793 3830 Mars
818 3771 976 3831 conficeret
998 3766 1063 3832 477
1088 3771 1216 3832 diebus?
1253 3772 1331 3832 Nam
1356 3771 1413 3832 du-

57 3859 133 3923 bium
161 3880 221 3922 non
255 3869 321 3933 est,
357 3860 425 3940 quin
459 3859 565 3920 fortior
591 3860 687 3919 virtus
716 3858 884 3938 requiratur
913 3877 1001 3936 quam
1031 3868 1079 3919 est
1101 3859 1224 3920 Martia.
1271 3859 1416 3920 Provenit

58 3949 145 4028 igitur
177 3967 270 4028 supra
301 3949 451 4027 integram
484 3949 544 4009 vim
568 3947 712 4009 Martiam
741 3946 838 4008 adhuc
869 3941 989 4026 mim„
1022 3968 1093 4026 pars
1123 3947 1258 4027 ejusdem
1279 3948 1413 4009 virtutis.

58 4036 96 4099 Et
115 4048 235 4101 tantum
251 4038 353 4099 Tellus
368 4038 468 4098 Marte
493 4037 600 4098 fortior
623 4045 689 4097 est:
716 4036 806 4096 debet
828 4035 920 4114 igitur
944 4046 976 4096 ει
998 4044 1083 4097 tanto
1107 4037 1229 4116 propior
1248 4056 1316 4098 esse
1331 4036 1396 4098 Soli
1404 4056 1414 4111 3

60 4144 159 4208 nempe
182 4128 210 4188 si
233 4127 318 4187 Mars
341 4145 396 4206 per
423 4121 507 4188 t000
531 4146 550 4185 a
575 4124 646 4186 Sole
671 4125 797 4185 recessit
824 4124 985 4196 (distantia
1009 4126 1086 4192 euim
1109 4125 1272 4204 superioris
1296 4145 1414 4206 semper

62 4225 103 4277 est
123 4219 272 4297 integrum
297 4216 382 4294 quid)
407 4214 509 4275 Tellus
529 4233 582 4293 per
597 4208 661 4276 306
677 4232 780 4274 earum
803 4214 933 4291 partium
956 4214 1078 4292 propior
1101 4214 1177 4275 erit:
1203 4223 1235 4276 et
1258 4215 1413 4278 subtracto

63 4305 198 4384 superiori
222 4299 287 4367 306
311 4304 349 4365 ab
373 4302 505 4364 inferiori
529 4298 622 4375 1000,
647 4301 737 4363 debet
759 4302 917 4382 provenire
941 4321 1080 4364 numerus
1104 4303 1189 4365 initio
1213 4305 1341 4382 positus,
1365 4304 1413 4365 vi-

63 4392 163 4457 delicet
184 4389 259 4468 694,
285 4393 310 4454 si
335 4412 407 4454 vera
431 4391 490 4453 luit
511 4389 565 4452 illa
587 4391 717 4470 positio;
742 4391 787 4452 sin
813 4392 891 4453 falsa
910 4392 998 4466 foret,
1024 4411 1094 4472 ergo
1114 4392 1283 4472 operareris
1303 4412 1412 4455 secun-

65 4478 123 4544 dum
143 4491 308 4563 praecepta
330 4481 467 4561 regulae,
492 4489 524 4542 ει
546 4479 671 4541 eliceres
695 4498 798 4541 veram
821 4478 1009 4560 positionem.

142 4572 237 4634 Vides
261 4571 317 4632 boc
340 4570 437 4634 altaro
461 4569 648 4630 theoremate
672 4567 827 4647 provenire
851 4587 909 4630 non
934 4568 1025 4644 alios,
1049 4588 1139 4650 quam
1161 4566 1331 4648 superiores
1355 4587 1412 4629 nu-

66 4673 165 4725 mres:
188 4660 267 4725 unde
281 4669 396 4724 certum
410 4667 459 4722 est
473 4659 530 4721 duo
550 4658 611 4720 ista
625 4657 816 4720 theoremata
830 4658 926 4721 lorma
949 4659 1069 4739 quidem
1083 4657 1213 4732 differre,
1237 4657 1293 4719 sed
1306 4675 1414 4720 revera
