3366 5482
664 298 820 364 unorogru
838 300 990 351 99999999
1121 375 1128 386 Ι
1436 300 1501 369 433

143 456 222 519 lt’am
246 463 369 535 praeter
392 454 531 534 antiquos
551 463 693 533 aspectus
717 471 754 516 ex
776 457 861 516 novis
885 458 1003 518 accedit
1026 458 1160 537 quintilis
1183 458 1307 522 Saturni
1326 469 1359 522 et
1381 461 1500 524 Martis.

143 543 289 625 Sequitur
311 542 479 605 amoenitas
503 543 703 622 pulcherrima
721 562 787 604 cum
811 544 1042 607 humectatione.
1089 547 1162 607 Fine
1186 548 1319 611 tonitrua
1333 558 1365 610 et
1378 550 1500 614 imbres.

705 632 841 694 Thesit
860 632 944 694 LVI.

162 729 171 735 '
232 717 316 782 Cum.
334 738 427 780 causa
449 719 627 782 universalis
651 738 795 782 annorum
819 721 1025 800 dispositionis
1049 722 1216 799 ignoretur,
1246 725 1290 785 ita
1321 725 1358 785 de
1383 732 1501 788 aestate

142 809 215 873 mihi
240 808 431 871 scribendum
455 818 516 883 991,
546 827 582 869 99
615 808 641 869 si
665 827 759 869 99999
787 809 851 888 ipse
880 829 933 871 seu
956 810 1050 871 Terra
1072 810 1129 872 hoc
1153 830 1230 873 anno
1260 815 1301 874 911
1324 813 1425 874 lutura
1447 833 1501 874 suo

143 905 237 960 91919.
286 897 392 976 Itaque
417 896 443 957 si
467 897 658 975 conjecturae
683 898 884 977 astrologicae
917 898 998 960 circa
1024 898 1208 961 individuum
1249 900 1278 961 in
1311 908 1399 962 tauta
1427 920 1501 961 eau-

142 1005 243 1049 earum
275 985 463 1064 ignoratione
505 986 666 1059 fallantur,
701 987 790 1048 venia
822 987 928 1065 dignas
956 995 1039 1065 puto.
1094 988 1164 1048 n'on
1193 990 1270 1050 enim
1299 1008 1502 1069 supervacuae

142 1074 200 1138 dici
225 1083 369 1154 possunt,
404 1094 480 1153 quae
513 1073 542 1134 in
575 1074 703 1136 materia
734 1075 1501 1140 199911199991119999199991919199111119119991-

142 1172 264 1236 santur;
298 1163 325 1223 si
358 1163 496 1243 quando,
529 1181 605 1241 quae
638 1163 735 1223 adhuc
768 1164 883 1237 latent,
918 1165 947 1224 in
981 1164 1074 1225 lucem
1102 1165 1222 1245 penitus
1255 1166 1499 1244 producerentur.

142 1252 248 1332 ltaque
271 1251 354 1312 Junii
375 1251 553 1330 principium
577 1250 722 1312 fervidum
747 1260 779 1312 et
802 1272 940 1313 serenum
960 1253 1078 1330 judic03
1106 1262 1177 1332 post
1200 1254 1393 1332 plenilunium
1416 1255 1499 1334 peri-

142 1341 263 1403 culosas
287 1340 516 1411 commotiones,
543 1339 769 1414 inundationes,
800 1348 829 1401 et
854 1340 978 1401 fulmina
1001 1341 1116 1402 crebra.
1164 1341 1197 1403 Si
1221 1342 1371 1422 generalis
1394 1342 1499 1421 dispc-

142 1429 212 1492 sitio
243 1429 355 1489 Terrae
389 1429 428 1489 ad
461 1427 631 1489 siccitatem
664 1428 842 1502 inclinaret,
876 1429 948 1490 nihil
982 1439 1065 1490 esset
1092 1429 1224 1508 periculi.
1274 1429 1389 1492 Contra
1411 1431 1437 1491 si
1462 1431 1501 1491 ad

142 1515 366 1580 humiditatem:
391 1537 449 1578 non
474 1523 561 1577 erunt
577 1516 718 1595 fulmina,
743 1517 797 1577 sed
821 1517 979 1578 continuae
1004 1527 1036 1578 et
1060 1518 1186 1597 frigidae
1210 1518 1339 1596 pluviae.
1386 1519 1501 1581 Ultima

142 1605 290 1671 medietas
314 1605 463 1667 continuis
487 1606 574 1685 quasi
598 1606 780 1667 stationibus
804 1605 834 1665 in
858 1625 928 1667 suos
953 1614 1094 1688 aspectus
1119 1614 1167 1667 est
1190 1607 1361 1669 distributa.
1405 1606 1499 1669 Com-

142 1695 287 1757 motiones
312 1702 409 1757 erunt.
456 1692 629 1755 Verisimile
662 1702 799 1773 putarem
828 1695 866 1755 ob
900 1695 1011 1756 multas
1045 1694 1239 1756 humiditates
1263 1695 1500 1773 frigidinsculum

142 1784 271 1845 futurum
295 1802 444 1856 mensem,
473 1782 530 1844 nisi
559 1782 607 1844 hle
634 1783 698 1860 jam
722 1779 1279 1846 19199999991601.191191919991.
1326 1783 1500 1845 Strenuus

142 1872 354 1934 universaliter
377 1872 416 1934 ad
440 1871 610 1933 siccitatem
633 1872 803 1944 inclinetur,
829 1890 866 1932 ea
889 1871 944 1932 boc
968 1890 1069 1933 mense
1095 1880 1180 1933 tanto
1205 1873 1300 1951 major
1324 1874 1391 1934 erit.

687 1960 822 2020 Tlresis
846 1960 945 2020 LVII.

225 2045 326 2109 Julius
350 2048 455 2108 eodem
479 2047 508 2108 iu
533 2067 624 2108 censu
647 2057 705 2120 est,
720 2049 827 2110 eadem
843 2048 1052 2127 ambiguitate.
1080 2049 1161 2109 Nam
1184 2044 1223 2109 18
1238 2055 1381 2128 aspectus
1395 2049 1499 2111 habet.

142 2133 214 2199 Dum
239 2136 319 2197 enim
343 2137 504 2215 quotannis
533 2134 593 2200 150
617 2137 738 2198 circiter
761 2137 823 2198 siut
846 2145 1006 2215 aspectus,
1045 2136 1064 2196 ii
1092 2136 1148 2198 hoc
1177 2155 1254 2197 9999
1282 2137 1392 2215 potiori
1412 2147 1499 2216 parte

142 2226 167 2286 'm
195 2233 345 2286 semestre
373 2225 521 2286 aestivum
549 2227 784 2287 accumulantur.
842 2226 916 2286 Dies
949 2225 974 2284 1.
1005 2223 1035 2286 2.
1061 2224 1091 2286 5.
1118 2220 1137 2286 6
1170 2225 1349 2298 mediocres,
1383 2227 1499 2287 ventosi

142 2332 204 2376 eum
228 2313 382 2374 imbribus.
420 2313 495 2374 Dies
519 2310 549 2376 8.
574 2313 693 2392 pluvius
717 2322 749 2374 et
772 2313 913 2391 frigidus:
938 2315 1058 2375 flatuosi
1083 2309 1113 2376 9.
1143 2313 1191 2376 11.
1228 2314 1274 2373 At
1300 2311 1350 2375 12.
1379 2310 1498 2376 1914.

142 2402 320 2465 9199199191
343 2401 455 2478 (199,
487 2422 563 2481 quae
587 2402 643 2463 hoc
668 2422 745 2463 anno
771 2412 908 2481 quartum
937 2403 1074 2463 iteratur.
1122 2403 1335 2480 Tempestates
1358 2420 1497 2482 magnae.

142 2491 209 2552 Dies
237 2488 287 2552 18.
316 2487 366 2553 19.
392 2487 445 2552 21.
470 2491 565 2565 mixti,
591 2492 692 2552 lutura
716 2491 849 2552 tonitrua
873 2500 904 2552 91
928 2491 1050 2552 imbres.
1080 2490 1128 2551 Ex
1152 2508 1186 2551 eo
1203 2491 1353 2552 serenitas
1369 2499 1401 2552 91
1416 2491 1498 2552 99191

142 2596 273 2659 magnus,
297 2580 530 2658 congrediuntur
554 2578 632 2639 enirn
655 2580 788 2658 Augusti
808 2579 955 2658 priucipio
978 2578 1098 2658 Jupiter
1122 2588 1154 2639 et
1176 2579 1271 2641 Mars.

679 2667 811 2728 Thesis
835 2666 951 2731 LVIII.

225 2755 360 2816 Tandem
398 2755 500 2836 aliqua
532 2755 671 2835 Augusto
705 2756 808 2835 quies,
837 2766 868 2816 91
900 2757 992 2818 calor.
1038 2755 1096 2816 Die
1127 2753 1156 2816 5.
1180 2755 1299 2834 pluviae
1328 2760 1361 2816 91
1388 2754 1435 2815 (119
1464 2750 1495 2816 9.

142 2841 226 2907 tuce
252 2841 302 2906 15.
327 2844 454 2923 frigidae
486 2845 605 2924 pluviae
629 2863 696 2905 curn
721 2845 893 2906 tonitribus.
940 2845 1015 2906 Post
1038 2845 1093 2904 hos
1117 2853 1235 2917 aestus,
1261 2851 1293 2904 91
1320 2839 1368 2905 19.
1394 2842 1497 2903 valida

142 2933 308 2996 commotio.
384 3003 389 3017 ..

694 3020 830 3082 ‘rhesis
853 3020 935 3081 LIX.

224 3108 406 3190 September
436 3108 521 3171 initio
555 3127 609 3171 sno
634 3115 716 3171 statu
741 3117 803 3170 est:
835 3110 863 3170 d.
893 3108 941 3171 11.
966 3106 1101 3186 pluviae,
1125 3107 1270 3168 nebulae:
1296 3106 1361 3168 dies
1388 3101 1438 3167 15.
1463 3113 1495 3166 91

142 3198 187 3262 17.
213 3198 355 3260 humecti.
402 3199 448 3260 At
470 3195 518 3259 die
543 3195 595 3259 20.
622 3194 708 3275 (198
732 3199 844 3260 1919919
868 3207 916 3257 991
939 3197 1109 3258 admodum.
1148 3195 1247 3276 Tepor
1267 3197 1294 3258 si
1316 3192 1491 3274 praecessit,

143 3307 193 3351 am
224 3287 363 3350 horridae
394 3295 594 3366 tempestates
628 3295 725 3348 erunt.
772 3289 817 3348 At
847 3287 872 3347 si
900 3286 1036 3347 humidus
1066 3285 1248 3364 generaliter
1276 3304 1370 3346 annus
1400 3291 1492 3356 esset,

142 3376 253 3439 »iuriae
278 3377 333 3438 hos
357 3376 423 3439 dies
446 3378 601 3437 confertae
626 3377 804 3437 obtenturas
829 3383 934 3437 essent
957 3394 1022 3435 cum
1038 3373 1158 3453 frigore.
1192 3374 1226 3435 ln
1241 3391 1351 3453 genere
1367 3372 1492 3436 nebulae

142 3466 290 3529 rluriruac.
335 3464 411 3527 Dies
434 3465 527 3526 etiam
551 3461 602 3526 27.
628 3464 753 3525 nebulas
777 3464 847 3525 ciet.
896 3461 1018 3524 (laeteri
1041 3471 1164 3524 manent
1186 3481 1239 3524 sno
1264 3471 1358 3524 statu.

702 3552 835 3614 Thesis
858 3553 927 3614 LX.

223 3639 353 3712 Quintus
385 3639 528 3710 Octobris
566 3640 691 3720 frigidas
725 3642 843 3720 pluvias
881 3641 983 3702 habet.
1029 3639 1076 3699 De
1106 3645 1207 3700 cetero
1238 3638 1349 3698 mensis
1380 3635 1428 3696 hic
1456 3654 1491 3697 eo

142 3739 217 3797 rtatu
244 3730 321 3805 erit,
355 3749 441 3811 quem
474 3729 608 3792 admittit
640 3728 819 3808 September
846 3729 1038 3792 antecedens.
1085 3727 1165 3810 Nam
1189 3738 1222 3789 91
1249 3744 1340 3804 saepe
1368 3724 1489 3798 dictum,

142 3819 257 3885 uultum
294 3819 440 3892 interest,
474 3819 591 3898 qualem
620 3819 732 3880 Terrae
766 3818 1012 3880 constitutionem
1039 3816 1151 3877 mensis
1184 3815 1310 3895 quilibet
1346 3812 1489 3875 iuveniat.

142 3908 206 3972 >ies
232 3906 262 3973 3.
288 3905 319 3972 9.
345 3906 397 3970 27.
423 3907 536 3970 habeut
558 3907 687 3969 nimbos.
726 3908 800 3970 Dies
824 3905 877 3969 28.
903 3903 955 3969 29.
980 3905 1079 3966 ventis
1102 3911 1296 3982 perstrepunt
1319 3908 1351 3962 et
1372 3901 1490 3981 pluvia,

142 3998 185 4061 ed
209 3998 342 4060 calorem
365 4005 438 4077 puto
472 4005 696 4077 superaturum3
730 3999 787 4058 etsi
820 3996 938 4076 quidem
970 4003 1127 4055 ventorum
1161 3992 1345 4071 quorundam
1383 3997 1492 4052 natura

142 4106 169 4150 rx
190 4085 366 4167 regionibus
390 4087 452 4147 suis
477 4085 682 4165 frigidissima.

693 4173 825 4234 Thesis
849 4172 932 4234 LXI.

218 4260 323 4346 Etiam
345 4262 517 4324 November
541 4272 590 4324 est
612 4262 642 4322 in
666 4282 721 4324 sua
745 4260 961 4332 mediocritate,
977 4257 1186 4337 grandinosns,
1206 4255 1375 4341 etpacrihus
1390 4251 1490 4316 ventis

142 4350 250 4415 9199119
274 4351 405 4431 qulntns.
454 4348 669 4420 Quindecimus
703 4351 878 4412 Inconstans
911 4357 943 4409 et
972 4347 1090 4425 tepidus
1118 4345 1155 4406 ob
1185 4345 1325 4406 sextilem
1347 4342 1434 4403 Jovis
1458 4348 1491 4400 et

142 4439 262 4504 Veneris
299 4440 357 4502 hoc
389 4439 460 4501 anui
487 4448 634 4520 tempore.
679 4440 755 4501 Dies
786 4436 836 4502 18.
864 4437 984 4516 pluvias
1007 4434 1114 4495 habet:
1149 4434 1195 4495 sin
1225 4450 1361 4494 serenum
1389 4427 1488 4502 luerit,

142 4529 259 4595 *rituum
282 4530 362 4608 gelu.
409 4529 456 4601 At
476 4528 549 4590 mihi
571 4528 702 4590 nondum
726 4527 876 4590 credibilis
900 4526 1015 4606 hyems.
1062 4523 1143 4586 Nam
1166 4523 1222 4584 fine
1241 4519 1353 4582 mensis
1370 4516 1491 4604 Jupiter

142 4617 224 4699 119111
252 4624 286 4681 91
317 4617 432 4680 Veneri
468 4617 671 4697 configuratus
704 4617 769 4679 dies
802 4616 965 4679 etiamnum
993 4611 1112 4690 tepidos
1145 4610 1280 4685 exhibet,
1314 4612 1346 4669 et
1371 4604 1490 4667 nimbos

142 4725 195 4777 :aar
218 4706 341 4796 9991199
366 4700 417 4787 qni
437 4726 492 4790 per
514 4705 656 4769 accidens
680 4706 775 4786 frigus
799 4702 910 4766 alicubi
935 4702 1057 4765 1991991.
1119 4789 1123 4796 Ι
1344 4786 1349 4794 Ι

180 4810 385 4863 ummo-u
1243 4799 1278 4852 18
