3366 5482
157 302 224 379 430
714 314 758 368 De
775 312 956 365 funum&

159 471 318 535 similium:
343 490 378 532 eo
404 472 465 533 fere
491 472 598 545 ruodo,
633 490 691 552 quo
723 472 859 533 videmus
882 471 912 532 in
935 469 1103 533 visceribus
1128 469 1257 532 huminis
1280 470 1383 532 omnia
1403 468 1522 550 quidem

157 560 321 641 purgantis
343 562 558 623 commotiones
582 561 736 622 humorum
760 560 888 634 efficere,
915 560 969 621 sed
993 559 1167 639 specialiter
1190 559 1409 622 rhabarbarum
1436 558 1520 620 bilis:

159 653 244 722 (narn
275 669 351 729 quae
381 650 509 712 facultas
534 650 718 730 geometriae
742 667 839 729 capax
863 656 925 722 est,
963 668 1022 709 non
1051 649 1092 710 sit
1119 649 1174 710 illa
1203 649 1313 710 coloris
1337 647 1521 727 aliarumque

159 739 187 799 in
212 738 306 799 radiis
331 739 556 817 qualitatumf)
578 733 738 818 potissima
761 746 862 798 tamen
887 736 1022 798 varietas
1046 745 1094 798 est
1117 738 1156 799 ab
1179 738 1246 816 ipsa
1270 754 1443 816 corporum,
1474 737 1520 797 in·

157 827 264 907 primis
288 827 420 901 Terrae,
446 828 661 907 dispositione:
695 845 783 906 qnam
813 826 881 886 aliis
904 826 1041 905 partibus
1066 826 1193 906 aliisque
1220 825 1409 906 temporibus
1431 820 1521 886 habet

160 915 263 978 uliam.
298 913 427 985 Quando
451 918 539 991 euim,
564 916 692 995 exempli
718 936 820 989 eausa,
844 933 935 976 verno
959 924 1092 994 tempore
1116 916 1256 977 humores
1279 917 1310 976 in
1334 914 1519 994 septentrio·

159 1005 221 1066 nali
245 1005 356 1066 Terrae
381 1006 561 1079 medietate,
592 1014 714 1084 propter
738 1003 819 1065 Solis
844 1023 1018 1079 accessum,
1053 1005 1090 1065 de
1119 1023 1176 1085 quo
1203 1023 1315 1084 supra,
1349 1003 1518 1076 abundent,

159 1104 230 1154 tunc
262 1095 310 1154 vel
344 1094 514 1156 levissimus
544 1101 686 1173 aspectus
727 1112 966 1172 quorumcunque
1000 1093 1189 1173 planetarum
1230 1091 1411 1155 fatuitatem
1440 1092 1520 1154 illam

159 1182 272 1244 Terrae
296 1183 438 1253 concitat,
463 1193 497 1244 nt
520 1203 587 1245 sese
612 1190 809 1254 commoveat,
835 1189 868 1242 et
890 1182 1007 1260 copiam
1032 1181 1164 1262 aliquam
1183 1201 1330 1261 vaporum
1349 1182 1389 1242 ad
1410 1181 1518 1243 imbres

161 1271 404 1351 progenerandos
429 1274 566 1334 exsudet.
614 1272 686 1333 Alio
710 1279 843 1349 tempore
875 1271 923 1331 vel
953 1271 1017 1332 loco
1051 1280 1193 1349 aspectus
1224 1273 1312 1350 louge
1338 1271 1519 1332 fortissimus

161 1360 286 1422 Terram
310 1359 429 1440 quidem
454 1362 602 1435 stimulat,
626 1361 680 1420 sed
703 1368 828 1439 propter
850 1359 996 1420 materiae
1020 1360 1170 1421 defectum
1193 1379 1299 1441 parum
1322 1359 1419 1421 elicit.

710 1448 841 1509 Thesis
864 1448 964 1509 XLV.

251 1535 319 1607 Quo
344 1538 411 1599 loco
435 1536 631 1615 concipienda
654 1545 702 1598 est
735 1537 797 1597 alia
828 1537 951 1616 insuper
987 1537 1114 1599 necdum
1147 1536 1270 1615 cognita
1297 1555 1408 1599 causa:
1437 1536 1518 1615 cujus

164 1625 314 1706 ignoratio
338 1625 562 1705 praedictiones
586 1626 808 1704 astrologorum
830 1625 1023 1687 vehementer
1045 1626 1157 1687 turbat.
1189 1626 1269 1687 Nam
1292 1627 1380 1687 utin
1404 1625 1517 1686 homine

160 1723 230 1776 sunt
262 1716 409 1794 quaedam
442 1715 595 1775 humorum
629 1714 761 1794 periodi,
795 1732 871 1793 quae
895 1715 1043 1789 efficiunt,
1077 1724 1111 1775 nt
1141 1715 1229 1776 homo
1252 1724 1375 1794 praeter
1398 1733 1516 1775 causam

161 1805 330 1865 evidentem
353 1805 457 1865 crebro
482 1803 510 1863 in
536 1804 666 1883 aliquem
690 1805 830 1864 affectum
858 1811 1013 1864 vertatur:
1048 1804 1196 1864 interdum
1228 1805 1277 1865 vel
1310 1804 1375 1865 siue
1408 1803 1517 1863 musica

161 1893 203 1954 sit
224 1891 343 1966 hilaris,
376 1911 492 1953 rursum
525 1893 607 1952 nulla
637 1892 789 1953 suavitate
819 1892 999 1953 atristibus
1024 1892 1257 1971 cogitationibus
1281 1891 1380 1954 averti
1402 1893 1515 1971 possit:

162 1982 200 2043 ad
224 1981 351 2041 eundem
375 1981 464 2059 plane
484 1981 603 2042 modum
620 1980 819 2059 deprehendo,
840 1989 962 2060 praeter
981 1990 1123 2060 aspectus
1143 2000 1211 2043 esse
1236 1982 1315 2043 alias
1333 1989 1368 2042 et
1382 1981 1516 2043 fortiores

161 2070 318 2149 magisque
342 2069 494 2131 durabiles
519 2089 645 2143 causas,
670 2089 746 2148 quae
770 2070 920 2145 efficiunt,
943 2078 978 2131 nt
1001 2071 1118 2149 integer
1141 2071 1248 2151 aliquis
1272 2089 1384 2143 annus,
1408 2077 1515 2150 quanto

161 2166 296 2237 tempore
319 2157 420 2219 nullus
443 2166 586 2237 aspectus
610 2159 708 2235 durat,
733 2160 855 2219 humore
878 2159 1004 2239 ideoque
1029 2168 1060 2220 et
1084 2160 1193 2238 frigore
1218 2159 1308 2220 nimiu
1331 2159 1514 2220 detineatur:

161 2247 192 2308 in
216 2265 274 2326 quo
296 2246 409 2320 videas,
433 2247 483 2308 vel
506 2247 674 2309 levissimos
699 2255 850 2326 aspectus,
876 2249 993 2327 quoties
1016 2248 1160 2322 incidunt,
1176 2248 1331 2328 plurimum
1352 2248 1515 2328 pluviarum

161 2336 210 2397 vel
235 2344 389 2398 ventorum
413 2336 501 2409 ciere,
527 2337 623 2415 qualis
648 2336 705 2398 fuit
728 2356 822 2397 annus
846 2336 905 2397 iste
933 2333 1026 2411 ¹601,
1051 2337 1111 2397 alio
1135 2355 1207 2399 vero
1231 2356 1309 2398 anno
1324 2336 1515 2398 tantasicci·
1553 2352 1555 2357 ’

162 2433 211 2485 tas
235 2433 291 2498 est,
316 2433 350 2485 ut
372 2424 427 2485 sub
451 2424 516 2486 dies
539 2435 714 2504 aspectuum
738 2425 811 2485 nihil
835 2425 891 2487 nisi
907 2426 1081 2500 nubeculae,
1103 2433 1156 2487 aut
1179 2427 1244 2488 luco
1259 2444 1406 2505 vaporum
1423 2426 1516 2487 fumus

162 2521 350 2587 secernatur,
363 2513 473 2592 ,qualis
497 2514 556 2575 fuit
578 2534 672 2575 annus
699 2510 794 2576 1599.

699 2602 837 2663 Thesis
859 2601 976 2663 XLVI.
1063 2626 1066 2634 ·

251 2690 302 2751 An
325 2691 400 2752 haec
424 2697 487 2750 tam
511 2690 634 2751 evidens
657 2691 790 2752 varietas
809 2709 847 2750 ex
870 2690 1033 2769 eclipsibus
1048 2689 1129 2751 Solis
1153 2699 1185 2751 et
1208 2691 1312 2752 Lunae
1336 2692 1432 2770 (quae
1453 2697 1517 2752 snut

164 2779 268 2841 itidem
291 2779 369 2841 inter
394 2786 544 2857 aspectus,
569 2779 685 2840 scilicet
708 2780 786 2840 iuter
809 2779 1032 2859 conjunctiones
1056 2788 1088 2839 et
1107 2779 1312 2859 oppositiones
1326 2779 1515 2850 referendae)

162 2868 329 2948 proveniat,
354 2867 603 2929 considerandum
627 2868 771 2947 relinquo.
819 2866 1020 2930 Statuendum
1043 2867 1135 2946 igitur
1163 2876 1264 2941 esset,
1297 2887 1367 2929 eam
1396 2869 1434 2931 de
1464 2886 1517 2948 qua

163 2966 227 3018 tam
249 2948 345 3018 multa
368 2957 440 3030 dixi,
465 2957 641 3018 facultatem
665 2958 824 3018 animalem
841 2958 961 3029 Terrae,
987 2956 1087 3017 subita
1111 2956 1229 3019 luminis
1244 2949 1413 3019 'amissione
1428 2957 1516 3019 vehe-

163 3054 279 3108 menter
308 3045 516 3114 consternari,
559 3053 591 3107 et
623 3046 770 3125 quendam
799 3045 885 3124 quasi
919 3047 1059 3106 affectum
1090 3046 1246 3124 concipere
1279 3045 1368 3127 inque
1397 3047 1517 3107 multum

162 3143 280 3214 tempus
303 3153 479 3215 prorogare,
511 3124 589 3213 quod
613 3143 645 3195 et
668 3135 895 3213 Theophrastus
922 3153 982 3195 non
1005 3134 1113 3214 ubique
1138 3134 1292 3196 fabulosus
1315 3136 1451 3197 sensisse
1473 3133 1516 3193 vi·

162 3224 260 3286 detur.
308 3222 376 3286 Nisi
400 3223 476 3283 enim
501 3224 653 3285 anthane
678 3243 801 3285 causam
833 3224 967 3301 alleges,
1003 3231 1056 3284 aut
1088 3224 1225 3284 omnibus
1253 3225 1356 3285 causis
1388 3223 1516 3306 physicis

162 3313 286 3391 rejectis
324 3312 380 3373 hoc
413 3319 540 3372 naturae
583 3331 658 3391 opus
698 3312 878 3374 ordinarium
916 3313 1174 3374 extraordinariae
1212 3312 1271 3372 Dei
1312 3312 1516 3392 providentiae

163 3400 363 3474 transcribas,
389 3400 540 3481 explicare
564 3420 622 3463 non
646 3400 775 3480 poteris,
807 3421 866 3481 qna
889 3400 1005 3462 ratione
1030 3401 1159 3481 eclipses
1182 3409 1246 3463 tam
1270 3401 1332 3463 sint
1356 3402 1515 3464 ominosas.

698 3490 830 3551 Thesis
854 3490 986 3551 XLVII.

164 3613 169 3622 ·
252 3578 297 3639 At
320 3577 418 3656 magis
443 3585 676 3640 consentaneum
700 3586 763 3650 est,
787 3578 865 3639 idern
889 3579 937 3639 hic
961 3578 1072 3640 Terrae
1097 3579 1176 3657 quod
1208 3579 1413 3640 animantibus
1441 3596 1517 3639 mor·

164 3665 285 3729 talitate
310 3666 414 3728 demta
438 3667 575 3741 evenire,
610 3674 643 3728 nt
675 3686 712 3728 ex
744 3667 863 3728 iuterna
892 3667 1021 3749 quadam
1049 3666 1245 3746 dispositione
1273 3687 1345 3730 suos
1369 3667 1518 3729 humorum

163 3755 305 3817 circuitus
338 3763 370 3816 et
404 3756 489 3836 quasi
512 3755 632 3817 morbos
656 3756 787 3817 habeat:
824 3776 899 3837 quae
922 3756 949 3817 si
972 3764 1055 3830 sunt,
1086 3756 1169 3834 leges
1194 3763 1225 3817 et
1248 3764 1388 3836 tempora
1411 3754 1517 3818 circui·

163 3853 246 3906 tuum
270 3863 306 3905 ex
330 3845 523 3923 plurimomm
546 3863 691 3906 annorum
715 3845 835 3906 collatis
859 3844 1137 3914 observationibus,
1167 3845 1246 3924 quod
1274 3846 1423 3907 hactenus
1445 3862 1518 3906 non·

165 3934 234 3994 dum
259 3934 459 4008 estfactum,
484 3933 713 4013 investigandae
744 3942 825 3996 sunt.
872 3933 1028 3996 Caesius
1060 3933 1108 3994 hic
1140 3934 1223 4014 cyclo
1257 3932 1519 3996 decemnovennali

163 4022 268 4082 Lunae
293 4021 405 4102 aliquid
428 4022 549 4095 tribuit;
582 4022 629 4083 cui
661 4022 779 4102 quidem
812 4023 886 4084 fides
914 4023 1010 4084 omnis
1035 4022 1174 4101 derogari
1198 4041 1258 4084 uon
1281 4030 1396 4105 potest.
1443 4023 1519 4086 Nam

164 4117 195 4171 et
217 4110 308 4171 maris
333 4122 437 4173 aestus
462 4111 584 4172 maximi
607 4119 678 4189 post
706 4107 744 4173 19
769 4130 863 4172 annos
888 4112 927 4172 ad
951 4112 1074 4173 eosdem
1097 4111 1167 4172 anni
1190 4111 1256 4172 dies
1280 4111 1393 4175 reverti
1418 4131 1520 4174 ama·

163 4197 273 4260 ritimis
297 4199 445 4262 feruntur:
471 4207 504 4260 et
526 4201 614 4261 Luna
637 4199 808 4262 humoribus
833 4201 1006 4275 destinata,
1039 4200 1107 4261 huic
1135 4200 1273 4279 negotiu,
1303 4202 1384 4283 quud
1410 4201 1442 4263 in
1466 4201 1521 4262 hu-

162 4306 276 4351 morum
299 4307 428 4350 excessu
451 4289 500 4349 vel
525 4288 644 4349 defectu
667 4288 817 4365 consistit,
841 4289 950 4350 idonea
972 4289 1068 4350 videri
1090 4297 1202 4368 potest.

692 4378 825 4438 Thesis
848 4378 995 4440 XLVIII.

252 4463 315 4527 Sed
338 4472 371 4526 et
393 4464 485 4526 tertia
508 4483 600 4527 causa
623 4485 734 4546 magua
757 4466 1014 4529 verisimilitudine
1043 4484 1076 4526 se
1105 4464 1253 4527 insinuat:
1278 4466 1394 4529 multas
1416 4466 1520 4529 sublu-

163 4553 245 4615 naris
278 4561 406 4616 naturae
444 4554 678 4627 commotiones,
712 4573 787 4635 quas
820 4555 897 4616 citra
929 4563 1070 4635 aspectus
1098 4553 1247 4615 interdurn
1281 4556 1420 4619 accidere
1451 4553 1517 4626 dixi,

163 4640 235 4703 cieri
258 4644 296 4706 ab
321 4640 502 4704 harmonicis
526 4642 714 4721 planetarum
737 4644 878 4706 motibus.
917 4644 1038 4705 Etenim
1063 4643 1090 4704 si
1110 4643 1358 4722 proportionatus
1372 4642 1519 4706 radiorum

163 4730 290 4809 angulus
314 4733 370 4793 hoc
394 4731 502 4792 efficit:
537 4730 640 4810 quidni
662 4739 694 4792 et
716 4732 936 4811 proportionati
959 4732 1095 4795 binamm
1119 4731 1276 4795 stellarum
1298 4741 1419 4807 motus,
1446 4748 1519 4813 quo-

163 4814 221 4881 ties
254 4819 293 4885 ad
327 4838 416 4883 unum
447 4826 623 4883 concentum
653 4821 839 4885 tenduntur?
872 4820 916 4884 sic
944 4830 978 4885 ut
1007 4821 1133 4902 aequale
1163 4821 1295 4901 spatium
1323 4821 1416 4885 citius
1445 4820 1516 4884 aliur
